1624 2626
327 179 405 219 228
583 178 624 215 L.
649 176 836 215 ANNAEI
863 175 1086 214 SENECAE
1115 175 1244 214 DIAL.
1264 175 1326 214 XI.

327 283 420 316 nota
443 281 526 315 erat
545 276 743 323 condicio,
773 275 845 314 sed
863 275 1037 314 mortalis
1057 275 1172 314 animi
1192 285 1285 324 spes
1306 276 1440 324 avida,
1469 287 1569 325 quae

329 332 515 378 subinde,
540 331 635 379 quid
653 341 782 369 rerum
800 335 938 368 natura
956 329 1022 376 sit,
1043 329 1282 368 obliviscitur
1300 341 1372 368 nee
1386 341 1570 379 umquam

291 391 313 426 6
328 386 444 425 sortis
467 396 562 424 suae
583 385 772 432 meminit,
793 384 870 423 nisi
889 394 975 422 eum
996 384 1237 423 admonetur.
1281 384 1416 422 Gaude
1438 386 1570 433 itaque

326 440 516 478 habuisse
538 444 575 477 te
593 443 672 477 tam
690 440 836 478 bonum
855 439 1012 476 fratrem
1031 442 1068 476 et
1081 448 1198 477 usum
1213 439 1457 486 fructumque
1473 440 1570 485 eius,

329 494 510 543 quamvis
537 493 695 532 brevior
720 498 812 532 voto
844 497 907 531 tuo
935 492 1067 540 fuerit,
1094 492 1196 545 xboni
1216 493 1390 531 consule.
1438 493 1573 541 Cogita

327 548 651 588 iucundissimum
667 558 769 595 esse,
791 547 898 595 quod
912 546 1101 594 habuisti,
1120 546 1341 593 humanum,
1363 547 1469 595 quod
1484 557 1573 595 per-

328 602 474 641 didisti.
502 613 576 640 nee
595 602 697 640 enim
717 601 927 650 quicquam
946 601 1073 639 minus
1094 600 1193 639 inter
1207 612 1251 639 se
1270 605 1572 639 consentaneum

327 661 390 695 est
417 667 534 705 quam
560 657 729 704 aliquem
755 654 904 694 moveri
914 671 929 703 ‚¹
953 655 1061 704 quod
1085 654 1161 694 sibi
1187 656 1273 694 talis
1302 656 1419 693 frater
1439 666 1573 704 parum

329 711 395 749 diu
416 711 637 758 eontigerit⁷
658 721 735 748 non
756 710 945 758 gaudere,
967 709 1077 757 quod
1094 714 1222 747 tamen
1242 710 1454 758 contigerit.

295 771 313 803 1
407 765 470 802 XI.
507 766 585 811 „At
612 764 828 812 inopinanti
853 768 1010 812 ereptus
1039 766 1136 802 est.“
1178 763 1257 802 Sua
1279 774 1471 812 quemque
1490 774 1571 802 ere-

330 819 471 857 dulitas
493 818 640 866 decipit
660 823 698 857 et
716 818 755 857 in
774 819 844 865 eis⁷
865 828 967 867 quae
983 817 1114 866 diligit,
1133 818 1353 856 voluntaria
1367 819 1573 861 mortalita-

327 873 378 911 tis
399 873 564 911 oblivi0=
591 878 730 911 natura
755 872 849 911 nulli
880 883 924 910 se
945 872 1190 911 necessitatis
1213 883 1310 911 suae
1329 873 1491 920 gratiam
1519 873 1574 911 fa-

330 932 478 966 cturam
504 937 595 965 esse
621 932 762 966 testata
789 932 860 965 est.
904 927 1052 966 Cotidie
1086 932 1241 974 praeter
1260 928 1397 966 oculos
1416 931 1574 965 nostros

329 986 534 1019 transeunt
551 986 731 1020 notorum
746 982 1046 1030 ignotorumque
1062 981 1210 1030 funera.
1239 986 1312 1020 nos
1330 986 1456 1020 tamen
1471 981 1575 1019 aliud

331 1036 481 1083 agimus
503 1040 541 1074 et
560 1036 730 1073 subitum
748 1035 789 1073 id
807 1040 990 1083 putamus
1010 1045 1121 1083 esse,
1144 1036 1252 1083 quod
1271 1035 1385 1074 nobis
1404 1040 1484 1074 tota
1499 1036 1577 1074 vita

331 1089 582 1127 denuntiatur
607 1089 789 1127 futurum.
832 1099 910 1127 non
930 1094 991 1127 est
1009 1089 1141 1137 itaque
1159 1090 1234 1128 ista
1254 1091 1421 1128 fatorum
1437 1090 1575 1138 iniqui-

330 1149 411 1190 tas,
433 1143 505 1181 sed
519 1142 659 1181 mentis
675 1143 868 1181 humanae
883 1143 1299 1191 pravitasvinsatiabilis
1317 1155 1445 1182 rerum
1456 1144 1575 1183 omni-

331 1207 414 1242 um,
443 1207 544 1246 quae
562 1197 783 1245 indignatur
802 1197 893 1235 inde
912 1207 957 1235 se
976 1199 1102 1244 exire,
1133 1208 1215 1246 quo
1227 1199 1401 1236 admissa
1416 1203 1476 1236 est
1489 1207 1575 1245 pre-

294 1256 316 1288 2
332 1250 450 1289 cario.
495 1255 579 1298 [30]
611 1251 763 1302 Quanto
786 1251 850 1289 ille
876 1252 1032 1298 iustior,
1064 1253 1131 1300 qui
1161 1253 1334 1290 nuntiata
1360 1252 1428 1290 filii
1454 1257 1577 1290 morte

334 1305 492 1355 dignam
518 1316 658 1353 magno
687 1307 771 1344 viro
798 1316 938 1344 vocem
964 1305 1116 1344 emisit:
1158 1316 1247 1354 ego
1283 1317 1383 1354 cum
1411 1307 1576 1354 genui,

332 1363 428 1397 tum
452 1359 738 1412 moriturum
768 1360 908 1398 scivi.
952 1359 1120 1398 Prorsus
1147 1371 1226 1399 non
1252 1361 1404 1399 mireris
1426 1371 1476 1398 ex
1502 1360 1578 1399 hoe

333 1418 467 1452 natum
492 1424 601 1460 esse,
639 1415 706 1463 qui
734 1415 884 1453 fortiter
909 1415 1007 1452 mori
1035 1420 1185 1462 posset.
1213 1426 1293 1453 non
1313 1415 1466 1463 aceepit
1483 1420 1576 1453 tam-

335 1478 453 1516 quam
478 1478 622 1507 novum
650 1469 825 1507 nuntium
850 1468 919 1506 filii
945 1474 1126 1507 mortem:
1165 1469 1261 1516 quid
1288 1474 1348 1507 est
1366 1470 1467 1507 enim
1488 1469 1578 1507 novi

334 1522 530 1560 hominem
557 1524 673 1571 mori,
702 1524 813 1561 euius
837 1523 1014 1562 tota'vita
1031 1523 1126 1561 nihil
1144 1523 1250 1561 aliud
1270 1534 1386 1572 quam
1407 1524 1458 1561 ad
1476 1534 1578 1562 mor·

334 1581 411 1614 tem
443 1577 514 1614 iter
546 1581 633 1615 est‘e
672 1577 771 1624 Ego
814 1587 918 1615 eum
950 1578 1117 1625 genui,
1159 1583 1256 1616 tum
1291 1578 1578 1615 moriturum

299 1639 320 1671 3
336 1631 478 1668 scivi.
519 1631 669 1669 Deinde
695 1631 837 1671 adiecit
854 1642 936 1669 rem
957 1632 1117 1670 maioris
1137 1637 1175 1670 et
1194 1632 1422 1680 prudentiae
1441 1635 1478 1669 et
1496 1631 1576 1669 ani-

336 1685 405 1722 mi:
448 1689 494 1722 et
528 1685 639 1723 huie
674 1685 746 1723 rei
783 1686 979 1724 sustuli.
1032 1686 1174 1724 Omnes
1200 1686 1290 1725 huie
1315 1685 1371 1724 rei
1397 1685 1576 1724 tollimur.

340 1739 520 1787 quisquis
540 1739 590 1777 ad
607 1739 724 1777 vitam
743 1740 885 1787 editur,
906 1740 955 1778 ad
971 1745 1133 1779 mortem
1149 1741 1372 1779 destinatur.
1402 1740 1577 1778 Gaudea-

337 1803 425 1831 mus
454 1803 521 1840 eo,
556 1794 665 1841 quod
691 1793 862 1841 dabitur,
889 1795 1181 1843 reddamusque
1200 1795 1259 1842 id,
1287 1805 1373 1832 cum
1391 1804 1576 1842 reposee-

337 1858 436 1886 mur.
482 1847 600 1886 alium
628 1848 704 1886 alio
725 1853 900 1896 tempore
919 1849 1356 1898 fata-conprehendent‚
1386 1849 1577 1886 neminem

339 1902 617 1949 praeteribunt.
658 1905 696 1940 in
724 1902 927 1950 procinctu
954 1908 1029 1942 stet
1055 1905 1206 1941 animus
1232 1907 1270 1940 et
1297 1901 1355 1949 id,
1383 1903 1490 1950 quod
1511 1914 1576 1940 ne-

340 1965 458 1994 cesse
474 1960 553 2003 est,
583 1967 794 2008 numquam
813 1958 961 2003 timeat,
991 1958 1097 2006 quod
1115 1958 1300 1995 incertum
1316 1961 1393 2004 est,
1423 1967 1578 2004 semper

302 2022 324 2052 4
341 2014 555 2058 exspectet.
601 2011 701 2058 Quid
728 2011 855 2049 dicam
881 2013 1003 2050 duces
1035 2012 1255 2059 ducumque
1287 2010 1512 2058 progeniem
1541 2017 1579 2049 et

339 2065 467 2102 multis
495 2069 563 2103 aut
587 2065 854 2105 consulatibus
883 2066 1120 2114 conspicuos
1147 2069 1212 2104 aut
1238 2065 1443 2113 trIumphis
1473 2070 1578 2103 sorte

340 2117 547 2157 defunctos
566 2119 825 2159 inexorabili?
852 2125 934 2159 tota
952 2131 1039 2159 eum
1057 2119 1213 2170 regibus
1228 2129 1349 2166 regna
1364 2119 1577 2166 populique

342 2181 428 2209 cum
447 2176 516 2219 [re]
533 2174 712 2221 gentibus
725 2175 849 2214 tulere
864 2176 984 2214 fatum
998 2181 1129 2214 suum:
1158 2183 1305 2220 omnes,
1318 2174 1433 2211 immo
1450 2172 1578 2211 omnia

341 2225 379 2263 in
399 2227 573 2265 ultimum
593 2229 695 2267 diem
715 2224 904 2278 spectant.
948 2230 1037 2267 Non
1058 2227 1160 2266 i'dem
1178 2227 1371 2266 universis
1395 2227 1484 2266 finis
1506 2233 1577 2265 est.

344 2279 459 2320 alium
474 2281 512 2319 in
528 2283 655 2323 medio
673 2294 790 2324 eursu
803 2284 882 2323 vita
897 2283 1052 2331 deserit,
1073 2283 1188 2321 alium
1203 2282 1238 2321 in
1251 2282 1338 2331 ipso
1350 2278 1455 2321 aditu
1464 2281 1575 2319 relin-
