1624 2626
188 177 259 217 AD
289 175 584 216 GALLIONEM
609 176 678 233 *DE
706 177 830 217 VITA
848 177 1033 217 BEATA.
1063 183 1222 219 15—18.
1279 176 1361 219 153

78 278 194 318 nibus
214 277 418 330 tangeris?
446 287 571 327 quare
599 277 742 322 cultius
762 288 832 317 rus
851 275 921 318 tibi
941 282 1004 316 est
1022 289 1142 328 quam
1168 278 1359 318 naturalis
1378 283 1401 317 2

76 344 177 374 usus
197 333 426 372 desiderat?
455 343 527 372 cur
553 344 634 373 non
654 333 705 371 ad
726 333 1018 383 praescriptum
1041 339 1152 374 tuum
1180 339 1361 374 coenas?

76 400 148 429 cur
167 388 237 429 tibi
256 388 418 435 nitidior
438 388 623 438 supellex
646 393 735 428 est?
765 400 836 429 cur
863 389 973 438 apud
1000 394 1038 428 te
1068 390 1201 429 vinum
1231 396 1360 430 aetate

74 451 143 486 tua
159 445 355 484 vetustius
374 443 549 487 bibitur?
578 455 648 483 cur
667 455 806 484 arvum
821 444 1072 494 disponitur?
1100 456 1171 485 cur
1191 445 1361 486 arbores

73 501 169 540 nihii
191 506 350 550 praeter
368 500 549 540 umbram
570 501 736 540 daturae
756 506 1048 540 conservantur
1061 505 1080 539 ‘3
1110 512 1236 552 quare
1255 512 1361 541 uxor

71 561 142 597 tua
161 555 373 606 locupletis
398 556 543 596 domus
568 566 734 595 censum
764 556 927 597 auribus
955 556 1083 606 gerit?
1109 568 1234 606 quare
1265 568 1359 606 pae—

72 612 292 662 dagogium
310 613 490 662 pretiosa
507 617 621 651 veste
641 612 912 661 subcingitur?
939 624 1064 662 quare
1085 624 1150 653 ars
1167 618 1230 653 est
1248 613 1360 663 apud

71 673 113 708 te
131 668 356 708 ministrare
376 678 450 708 nec
468 674 618 707 temere
639 673 678 708 et
703 673 746 708 ut
765 667 860 707 libet
878 669 1110 708 conlocatur
1138 674 1358 718 argentum,

73 723 148 764 sed
171 724 295 774 perite
315 725 487 764 servitur
501 729 540 764 et
564 729 626 763 est
646 724 792 774 aliquis
815 723 1030 772 scindendi
1054 725 1213 777 obs-onii
1236 725 1360 774 magi-

73 784 183 826 ster?
211 780 339 828 adice,
372 779 408 819 si
426 780 500 827 vis,
529 790 600 820 cur
626 785 736 820 trans
767 790 876 819 mare
903 780 1121 829 possides?
1148 782 1363 830 curplura

75 847 196 899 quam
215 836 348 875 nosti?
375 836 543 885 turpiter
562 841 630 876 aut
648 842 727 875 tam
746 837 964 885 neglegens
985 847 1042 884 es,
1070 841 1113 876 ut
1132 848 1212 876 non
1236 847 1359 877 nove-

71 891 130 931 ris
151 892 350 941 pauculos
372 902 464 930 sert
468 903 527 939 os
549 896 618 931 aut
632 896 712 931 tam
730 892 975 940 luxuriosus,
996 898 1039 931 ut
1052 893 1187 942 plures
1207 886 1359 931 habeas

75 958 202 1006 quam
215 958 396 1011 quorum
400 947 561 987 notitiae
580 948 772 986 memoria
786 948 970 989 sufficiat.
975 951 997 969 “
1015 948 1230 989 Adiuvabo
1247 953 1356 998 post
1376 953 1399 988 3

73 997 209 1053 modo,
242 1003 425 1043 convicia
449 1008 488 1042 et
502 1003 617 1053 plura
636 1003 729 1042 mihi
751 1014 871 1052 quam
894 1009 1012 1052 putas
1042 1003 1224 1052 obiciam,
1253 1014 1361 1043 nunc

71 1058 152 1099 hoc
169 1059 400 1116 respondeo
429 1058 516 1098 tibi.
547 1069 628 1098 non
656 1069 745 1099 sum
774 1059 940 1121 sapiens
970 1064 1029 1107 et,
1058 1064 1101 1099 ut
1127 1035 1360 1098 malivolen-

71 1115 167 1155 tiam
190 1112 296 1154 tu'am
325 1125 502 1166 pascam,
522 1124 597 1152 nec
625 1124 709 1153 ero.
745 1114 863 1162 exige
888 1114 1025 1164 itaque
1052 1125 1077 1153 a
1103 1126 1180 1162 me,
1209 1121 1251 1155 ut
1277 1126 1359 1155 non

73 1169 233 1220 optimis
254 1181 328 1219 par
355 1169 442 1219 sim,
463 1170 538 1209 sed
564 1173 607 1209 ut
625 1168 741 1208 malis
761 1170 920 1209 melior.
949 1169 1027 1210 hoc
1047 1171 1142 1210 mihi
1162 1170 1261 1211 satis
1286 1176 1359 1219 est,

74 1224 221 1265 cotidie
258 1226 408 1276 aliquid
437 1236 487 1265 ex
516 1225 620 1264 vitiis
646 1225 747 1265 meis
782 1222 957 1269 demere
981 1231 1020 1266 et
1051 1237 1209 1266 errores
1243 1237 1358 1266 meos

72 1281 297 1331 obiurgare.
325 1282 413 1321 Non
435 1281 598 1331 perveni
618 1282 671 1320 ad
690 1276 912 1331 sanitatem,
937 1293 988 1321 ne
1016 1284 1248 1332 perveniam
1272 1283 1357 1333 qui·
1373 1286 1397 1320 4

72 1337 177 1376 dem.
218 1335 484 1377 delenimenta
503 1337 780 1387 magis'quam
807 1339 986 1377 remedia
1013 1339 1219 1388 podagrae
1247 1349 1362 1378 meae

73 1403 276 1443 conpono,
297 1393 520 1442 contentus,
548 1393 582 1432 si
599 1393 729 1433 rarius
750 1394 906 1434 accedit
925 1399 965 1434 et
991 1395 1024 1433 si
1056 1395 1186 1434 minus
1215 1395 1360 1434 vermi-

71 1454 208 1489 natur=
237 1450 383 1489 vestris
405 1450 564 1499 quidem
589 1450 760 1499 pedibus
789 1454 1031 1500 conparatus
1053 1450 1196 1491 debilis
1219 1461 1362 1490 cursor

75 1515 178 1544 sum.
206 1505 317 1545 Haec
334 1516 414 1545 non
433 1516 506 1555 pro
530 1516 593 1544 me
612 1507 770 1556 loquor,
791 1516 867 1555 ego
891 1507 994 1545 enim
1013 1505 1052 1545 in
1074 1508 1153 1547 aito
1173 1507 1363 1547 vitiorum

75 1560 251 1599 omnium
272 1572 372 1610 sum,
394 1562 465 1601 sed
487 1573 560 1611 pro
583 1561 663 1610 illo,
685 1561 750 1601 cui
770 1562 920 1612 aliquid
937 1563 1015 1602 acti
1037 1567 1110 1602 est.

155 1614 496 1665 XV111.',‚A1iter‚
527 1617 675 1667 inquit,
703 1617 895 1671 lequeris,
923 1619 1037 1658 aliter
1063 1619 1209 1658 vivis.“
1261 1618 1361 1668 Hoc,
1379 1625 1398 1659 1

73 1671 364 1721 malignissima
384 1673 514 1722 capita
540 1677 579 1711 et
606 1673 755 1722 optimo
784 1673 930 1723 cuique
956 1674 1243 1723 inimicissima,
1274 1674 1361 1714 Pla-

73 1727 159 1768 toni
189 1727 388 1768 obiectum
417 1733 499 1777 est,
528 1728 725 1773 obiectum
743 1729 941 1780 Epicuro,
974 1731 1174 1770 obiectum
1196 1730 1362 1771 Zenoni.

74 1794 216 1833 omnes
227 1785 333 1823 enim
351 1784 417 1825 isti
436 1785 711 1824 dicebantnon
723 1786 1061 1835 quemadmodum
1078 1786 1158 1837 ipsi
1169 1787 1362 1836 viverent,

76 1839 152 1879 sed
169 1841 506 1890 quemadmodum
523 1845 632 1884 esset
651 1841 752 1890 ipsis
769 1843 999 1882 vivendum.
1028 1843 1087 1881 De
1108 1844 1262 1891 virtute,
1284 1855 1365 1883 non

75 1895 128 1934 de
155 1906 220 1935 me
245 1897 403 1947 loquor,
432 1902 471 1936 et
499 1907 590 1935 cum
614 1897 720 1937 vitiis
749 1898 974 1938 convicium
1002 1899 1127 1947 facio,
1157 1900 1196 1937 in
1223 1899 1363 1949 primis

74 1951 176 1991 meis
205 1952 328 1992 facio:
358 1964 448 1992 cum
469 1957 652 2002 potuero,
679 1953 812 1993 vivam
838 1955 1043 2003 quomodo
1073 1959 1243 2004 oportet.
1280 1955 1398 1996 Nec2

71 2008 298 2057 „malignitas
320 2020 384 2049 me
412 2008 492 2048 ista
511 2009 634 2047 multo
654 2019 811 2049 veneno
837 2011 958 2049 tincta
979 2010 1194 2050 deterrebit
1221 2011 1271 2050 ab
1292 2022 1363 2061 op—

75 2061 196 2103 timis.
225 2075 275 2104 ne
296 2065 405 2105 virus
423 2064 585 2114 quidem
604 2064 724 2110 istud,
748 2077 828 2114 quo
845 2066 948 2105 alios
970 2067 1171 2115 spargitis,
1190 2077 1270 2116 quo
1287 2078 1364 2107 vos

75 2120 241 2169 necatis,
262 2132 326 2160 me
345 2121 535 2170 inpediet,
564 2132 643 2170 quo
664 2121 795 2160 minus
824 2132 1082 2171 perseverem
1108 2122 1276 2172 laudare
1304 2123 1363 2163 vi-

77 2179 169 2224 tam,
200 2188 281 2216 non
302 2189 421 2227 quam
442 2188 531 2226 ago,
553 2178 628 2216 sed
649 2188 767 2226 quam
789 2177 985 2226 agendam
1006 2179 1104 2227 scio,
1134 2189 1214 2227 quo
1232 2179 1365 2219 minus

76 2230 260 2272 virtutem
281 2238 322 2272 et
340 2244 391 2272 ex
407 2233 615 2273 intervallo
629 2233 786 2297 ingenti
805 2233 1081 2282 reptabundus
1098 2244 1258 2285 sequar.
1286 2235 1365 2274 Ex·
1381 2239 1405 2275 3

78 2282 270 2335 spectabo
298 2289 472 2338 scilicet,
499 2293 543 2328 ut
571 2290 786 2339 quicquam
813 2289 1108 2331 malivolentiae
1135 2290 1367 2331 inviolatum

79 2341 140 2391 sit,
164 2343 229 2385 cui
248 2355 364 2386 sacer
382 2355 458 2386 nec
474 2346 645 2386 Rutilius
666 2345 739 2386 suit
756 2356 832 2385 nec
849 2345 973 2386 Cato?
1007 2344 1125 2387 Curet
1142 2347 1295 2398 aliquis,
1318 2358 1369 2387 an
