1624 2626
300 172 378 216 130
549 172 591 210 L.
619 170 807 210 ANNAE1
836 170 1060 210 SENECAE
1087 165 1217 211 DIAL.
1241 173 1307 210 Vl.

299 274 361 312 nis
380 283 478 311 usus
501 271 614 311 nobis
634 272 787 310 illorum
815 275 853 309 et
872 276 1111 319 conspectus
1132 276 1291 320 ereptus
1321 272 1390 310 sit:
1421 273 1555 320 opinio

299 333 360 366 cst
387 337 492 376 ergo,
522 337 625 375 quae
649 337 725 365 nos
749 325 897 364 cruciat
924 330 963 364 et
987 325 1082 364 tanti
1110 326 1298 374 quodque
1316 327 1459 366 malum
1482 332 1554 374 est,

300 382 436 430 quanti
454 382 549 420 illud
567 379 801 420 taxavimus.
830 380 873 417 ln
890 384 1025 418 nostra
1040 384 1234 428 potestate
1251 381 1467 420 remedium
1486 381 1554 419 ha-

298 437 458 474 bemus:
493 435 709 473 iudicemus
735 435 824 473 illos
851 434 993 473 abesse
1012 439 1051 473 et
1076 438 1231 473 nosmet
1258 435 1335 483 ipsi
1363 435 1556 474 fallamus.

257 497 279 529 2
299 491 517 528 dimisimus
543 490 650 536 illos,
684 490 800 527 immo
830 489 1077 528 consecuturi
1103 489 1389 537 praemisimus.
1425 489 1557 528 Movet

299 550 338 583 et
355 544 451 583 illud
470 545 684 592 lugentem:
720 554 824 590 „non
847 542 919 582 erit
939 544 1004 591 qui
1024 554 1086 582 me
1107 544 1304 591 defendat,
1334 544 1400 592 qui
1420 554 1444 582 a
1463 554 1554 582 con-

299 604 447 647 temptu
473 599 680 637 vindicet.“
716 598 767 636 Ut
791 597 947 636 minime
967 597 1178 646 probabili,
1208 598 1280 636 sed
1300 608 1394 637 vero
1415 600 1556 637 solatio

298 659 396 700 utar,
424 654 461 691 in
483 653 637 691 civitate
656 657 792 691 nostra
810 652 899 700 plus
918 652 1066 700 gratiae
1085 652 1232 691 orbitas
1261 654 1413 692 confert
1440 664 1556 701 quam

299 708 422 756 eripit,
440 707 622 755 adeoque
637 711 877 745 senectutem
893 707 1076 754 solitudo,
1094 716 1195 755 quae
1211 707 1364 746 solebat
1379 707 1556 746 destrue-

297 773 360 809 re,
380 762 431 800 ad
451 761 662 810 potentiam
682 761 798 808 ducit,
820 765 863 799 ut
883 760 1042 808 quidam
1062 761 1154 800 odia
1181 761 1349 799 filiorum
1377 762 1558 801 simulent

257 823 279 857 3
299 822 337 854 et
354 817 500 854 liberos
528 819 677 854 eiurent
694 820 732 853 et
763 815 966 854 orbitatem
992 826 1111 854 manu
1138 815 1293 854 faciant.
1342 815 1432 854 Scio
1463 817 1558 864 quid

300 871 432 908 dicas.
461 881 564 918 „non
583 880 676 908 mov
667 875 742 907 ent
760 879 822 907 me
843 869 1074 908 detrimenta
1092 880 1191 907 mea.
1196 873 1219 890 “
1249 870 1391 908 etenim
1402 881 1480 909 non
1498 875 1559 908 est

299 925 441 972 dignus
459 923 612 971 solatio,
634 923 701 972 qui
721 924 842 962 filium
863 923 938 962 sibi
955 924 1182 962 decessisse
1201 923 1303 962 sicut
1322 926 1557 973 mancipium

298 980 463 1017 moleste
479 980 563 1024 sert,
586 979 648 1016 cui
664 978 876 1026 quicquam
892 978 929 1015 in
946 978 1026 1016 filio
1042 989 1242 1026 respicere
1257 980 1437 1026 praeteri
1441 990 1557 1028 psum

298 1038 430 1071 vacat.
457 1033 550 1081 quid
571 1033 685 1080 igitur
704 1038 754 1078 te,
781 1031 948 1078 Marcia,
977 1037 1135 1071 movet?
1161 1038 1289 1071 utrum
1318 1033 1425 1081 quod
1453 1034 1557 1072 filius

298 1094 389 1127 tuus
410 1087 592 1132 decessit,
620 1097 669 1124 an
691 1086 799 1134 quod
825 1096 903 1124 non
933 1087 999 1125 diu
1023 1086 1147 1125 vixit?
1175 1087 1209 1125 si
1239 1089 1346 1135 quod
1375 1088 1558 1134 decessit,

259 1153 280 1186 4
300 1152 456 1190 semper
472 1141 640 1179 debuisti
655 1141 802 1179 dolere.
833 1150 991 1188 semper
1006 1141 1108 1179 enim
1125 1141 1234 1179 scisti
1249 1142 1359 1179 mori.
1381 1142 1558 1190 Cogita

299 1196 451 1234 nullis
473 1196 760 1233 defunctum
781 1195 926 1233 malis
946 1194 1121 1243 adfici,
1151 1195 1216 1232 illa
1245 1206 1346 1243 quae
1365 1197 1479 1234 nobis
1500 1196 1556 1234 in—

299 1252 405 1289 seros
422 1250 568 1288 faciunt
582 1250 786 1297 terribiles,
803 1249 971 1287 fabulam
988 1260 1091 1296 esse,
1108 1250 1236 1287 nullas
1252 1250 1440 1288 inminere
1454 1261 1556 1289 rnor—

299 1305 376 1344 tuis
407 1305 590 1343 tenebras
617 1314 690 1342 nec
722 1314 919 1342 carcerem
946 1314 1019 1342 nec
1045 1303 1207 1342 flumina
1234 1303 1325 1352 igne
1353 1304 1558 1352 flagrantia

299 1370 374 1398 nec
393 1359 600 1398 oblivionis
621 1369 774 1396 amnem
794 1368 868 1396 nec
889 1357 1097 1396 tribunalia
1116 1363 1155 1397 et
1173 1369 1264 1397 reos
1293 1363 1329 1397 et
1355 1359 1394 1396 in
1421 1359 1486 1397 illa
1513 1359 1555 1396 li·

301 1414 448 1452 bertate
466 1419 545 1453 tam
563 1414 655 1451 laxa
669 1414 769 1451 ullos
789 1413 926 1451 iterum
942 1417 1144 1463 tyrannos.
1174 1413 1352 1451 luserunt
1370 1414 1445 1451 ista
1461 1423 1556 1461 poe-

259 1482 279 1514 5
300 1474 362 1507 tae
382 1472 421 1506 et
440 1467 551 1506 vanis
571 1478 645 1506 nos
666 1469 864 1515 agitavere
885 1467 1112 1506 terroribus.
1143 1467 1252 1505 Mors
1273 1467 1454 1506 dolorum
1475 1478 1556 1506 om-

298 1523 404 1561 nium
423 1523 617 1561 exsolutio
639 1527 699 1560 est
726 1527 764 1560 et
789 1522 891 1569 finis,
923 1523 1023 1560 ultra
1051 1532 1168 1570 quem
1195 1523 1296 1559 mala
1316 1527 1453 1560 nostra
1478 1533 1557 1560 non

299 1582 454 1625 exeunt,
474 1587 576 1626 quae
591 1587 666 1616 nos
681 1577 719 1614 in
733 1577 838 1614 illam
851 1577 1178 1624 tranquillitatem,
1197 1576 1236 1614 in
1254 1587 1332 1624 qua
1348 1581 1558 1624 antequam

298 1642 550 1670 nasceremur
567 1630 770 1678 iacuimus,
797 1630 963 1679 reponit.
996 1630 1037 1669 Si
1056 1635 1295 1670 mortuorum
1318 1631 1459 1678 aliquis
1487 1631 1556 1669 mi—

300 1691 462 1734 seretur,
482 1691 522 1725 et
540 1697 619 1725 non
638 1690 818 1724 natorum
836 1686 1077 1724 misereatur.
1105 1685 1212 1724 Mors
1231 1695 1305 1723 nec
1323 1685 1468 1724 bonum
1484 1695 1560 1723 nec

299 1741 443 1780 malurn
463 1746 535 1780 est.
574 1741 615 1779 id
642 1739 746 1779 enim
765 1744 897 1788 potest
925 1745 990 1778 aut
1017 1740 1163 1778 bonum
1187 1744 1254 1777 aut
1279 1740 1422 1777 malum
1450 1750 1554 1785 esse,

301 1796 410 1844 quod
429 1796 574 1844 aliquid
597 1799 669 1834 est.
699 1795 808 1843 quod
829 1805 924 1833 vero
944 1794 1075 1843 ipsum
1094 1794 1187 1840 nihil
1207 1798 1268 1832 est
1293 1798 1332 1831 et
1359 1794 1490 1832 omnia
1517 1795 1555 1831 in

299 1850 461 1889 nihilum
478 1849 630 1899 redigit,
657 1850 751 1888 nulli
770 1859 843 1888 nos
865 1850 1042 1888 fortunae
1061 1848 1190 1888 tradit.
1226 1848 1329 1886 mala
1355 1848 1458 1886 enim
1485 1848 1554 1886 bo-

299 1915 431 1953 naque
452 1904 556 1943 circa
581 1905 752 1953 aliquam
772 1910 980 1943 versantur
998 1904 1209 1942 materiam.
1247 1913 1326 1940 non
1356 1907 1488 1950 potest
1514 1901 1555 1940 id

301 1959 456 1998 fortuna
473 1963 617 2007 tenere,
639 1960 747 2008 quod
761 1964 899 1997 natura
918 1958 1074 2006 dimisit,
1093 1967 1166 1996 nec
1180 1961 1312 2006 potest
1328 1956 1448 1995 miser
1463 1966 1555 1994 esse

261 2021 282 2056 6
303 2014 370 2061 qui
396 2014 527 2053 nullus
552 2018 622 2054 est.
658 2014 841 2052 Excessit
866 2013 969 2052 filius
988 2012 1295 2058 tuusterminos,
1322 2011 1424 2050 intra
1452 2021 1553 2059 quos

302 2068 480 2106 servitur.
520 2068 677 2117 excepit
694 2069 800 2106 illum
819 2078 961 2115 magna
979 2072 1017 2107 et
1043 2071 1200 2106 aeterna
1218 2077 1312 2115 pax.
1357 2076 1435 2104 non
1455 2076 1552 2114 pau-

301 2122 463 2170 pertatis
483 2127 598 2171 metu,
619 2133 696 2162 non
717 2123 936 2161 d1vitiarum
964 2132 1068 2168 cura,
1092 2132 1171 2160 non
1190 2120 1359 2159 libidinis
1385 2130 1459 2169 per
1484 2130 1551 2158 vo-

301 2177 488 2224 luptatem
507 2176 658 2217 animos
683 2177 880 2226 carpentis
909 2176 1073 2216 stimulis
1101 2175 1321 2223 incessitur,
1349 2184 1428 2213 non
1455 2174 1550 2212 invi—

302 2230 367 2269 dia
386 2230 575 2270 felicitatis
595 2233 745 2271 alienae
767 2232 946 2279 tangitur,
965 2241 1043 2269 non
1059 2241 1155 2269 suae
1174 2231 1370 2279 premitur,
1388 2239 1439 2268 ne
1459 2239 1551 2267 con-
1616 2255 1617 2286 l

301 2284 413 2325 viciis
440 2286 595 2335 quidem
619 2287 708 2327 ullis
727 2286 973 2326 verecundae
992 2295 1108 2324 aures
1137 2285 1401 2325 verberantur.
1446 2285 1552 2323 nulla
1614 2288 1622 2338 (7
