1592 2580
279 182 361 223 274
650 181 693 218 L.
720 180 909 220 ANNAEI
940 180 1164 221 SENECAE

281 276 372 320 cum'
397 279 450 319 sit
475 279 746 318 necessarium
773 289 796 317 e
824 279 903 318 vita
932 279 1040 318 exire
1062 285 1102 318 et
1128 279 1342 328 aliquando
1370 280 1546 319 emittere

281 336 470 382 animam,
499 334 650 373 maiore
677 334 809 382 perire
833 333 987 372 ratione
1013 335 1130 373 iuvet.
1169 335 1343 373 Necesse
1370 340 1432 374 est
1448 336 1546 374 mori

278 390 542 437 ubicumque,
564 389 819 438 quandoque.
849 392 925 427 stet
944 389 1034 426 licet
1053 388 1129 427 ista
1141 388 1284 428 humus
1301 394 1340 427 et
1359 400 1403 428 se
1417 394 1549 428 teneat

281 444 366 483 suis
395 444 542 483 finibus
569 454 644 482 nec
666 443 746 482 ulla
767 443 932 482 iactetur
954 442 1113 490 iniuria,
1142 454 1263 492 supra
1286 454 1348 482 me
1369 444 1546 492 quando-

282 509 362 547 que
389 500 481 537 erit:
518 496 703 545 interest,
731 508 806 546 ego
830 497 936 536 illam
961 497 1055 535 mihi
1084 508 1133 535 an
1153 497 1241 546 ipsa
1260 508 1305 536 se
1322 498 1415 536 mihi
1434 499 1547 547 inpo-

240 555 263 590 8
282 558 374 591 nat?
402 553 599 591 diducitur
618 558 657 592 et
675 553 823 600 ingenti
843 552 1020 600 potentia
1038 552 1174 591 nescio
1203 553 1315 591 cuius
1334 553 1424 590 mali
1442 563 1546 591 rum-

282 608 386 656 pitur
405 613 443 646 et
457 617 520 645 me
536 607 575 646 in
589 608 810 646 inmensam
829 607 1073 646 altitudinem
1088 606 1260 645 abducit.
1291 607 1385 655 quid
1399 612 1548 656 porro?

283 673 391 701 mors
418 661 543 700 levior
568 660 608 700 in
643 663 762 710 plano
790 666 877 700 est?
919 661 1014 709 quid
1039 661 1167 699 habeo
1189 662 1295 709 quod
1317 671 1480 709 querar,
1514 662 1548 699 si

282 728 414 756 rerum
444 721 586 755 natura
612 727 675 754 me
702 727 783 755 non
810 717 894 755 vult
918 716 1049 754 iacere
1075 716 1236 764 ignobili
1255 717 1360 754 leto?
1403 716 1436 754 si
1455 716 1548 754 mihi

242 774 263 809 9
284 773 390 810 inicit
409 771 471 810 sui
493 775 673 820 partem?
706 771 874 820 Egregie
893 770 1099 819 vagemus
1131 781 1244 809 meus
1271 771 1311 808 in
1330 771 1395 809 illo
1415 771 1547 810 inclito

286 836 477 865 carmine:

337 881 383 920 Si
398 880 618 919 cadendum
636 884 709 927 est,
729 879 873 928 inquit,
894 880 1005 927 mihi,
1032 891 1055 918 e
1071 881 1175 919 coelo
1191 880 1372 919 cecidisse
1389 882 1512 919 velim.

283 936 388 974 idem
404 936 495 973 licet
510 934 662 973 dicere:
683 933 719 973 si
735 935 956 973 cadendum
971 938 1051 982 est,
1072 933 1210 972 cadam
1227 935 1322 973 orbe
1338 945 1549 980 concusso,

284 1001 364 1029 non
387 990 481 1038 quia
509 989 569 1027 sas
599 993 661 1028 est
683 994 821 1038 optare
849 988 1048 1037 publicam
1075 989 1245 1035 cladem,
1282 989 1354 1027 sed
1376 989 1468 1037 quia
1492 989 1549 1027 in-

286 1055 385 1094 gens
403 1044 541 1083 mortis
556 1044 738 1082 solatium
755 1048 817 1082 est
834 1048 977 1082 terram
999 1053 1160 1092 quoque
1181 1043 1316 1081 videre
1331 1044 1550 1082 mortalem.

247 1106 264 1137 1
367 1099 431 1137 III.
460 1099 591 1136 Illud
619 1109 818 1146 quoque
843 1097 1073 1147 proderit
1101 1106 1426 1146 praesumere
1445 1098 1549 1136 ani·

285 1165 378 1201 mo,
406 1152 532 1191 nihil
557 1153 733 1191 horum
762 1153 885 1191 deos
905 1154 1096 1200 facere,
1124 1162 1254 1201 neque
1273 1153 1330 1190 ira
1350 1152 1550 1191 numinum

286 1213 355 1247 aut
374 1208 528 1246 coelum
549 1207 706 1245 concuti
726 1212 794 1245 aut
814 1213 976 1245 terram:
1005 1217 1124 1245 suas
1144 1206 1243 1248 ista
1263 1217 1446 1245 causas
1465 1206 1550 1244 ha-

286 1261 404 1301 bent
425 1271 499 1300 nec
519 1271 570 1299 ex
587 1261 753 1310 imperio
776 1261 975 1308 saeviunt,
1005 1261 1079 1299 sed
1098 1260 1335 1309 quibusdam
1355 1260 1481 1308 vitiis,
1509 1266 1552 1298 ut

290 1327 462 1365 corpora
487 1321 644 1363 nostra,
677 1316 882 1355 turbantur
908 1319 947 1353 et
965 1320 1077 1362 tunc,
1110 1325 1197 1353 cum
1217 1315 1348 1353 facere
1370 1315 1552 1352 videntur

248 1373 270 1406 2
290 1372 488 1418 iniuriam,
531 1369 741 1418 accipiunt.
791 1369 914 1408 Nobis
947 1375 1076 1408 autem
1108 1369 1379 1417 ignorantibus
1414 1379 1551 1408 verum

291 1425 422 1465 omnia
455 1425 690 1464 terribiliora
723 1428 834 1471 sunt,
866 1425 1002 1472 utique
1036 1434 1203 1472 quorum
1233 1428 1377 1462 metum
1409 1424 1550 1462 raritas

290 1484 419 1529 auget.
449 1479 578 1518 levius
597 1479 781 1518 accidunt
799 1478 1021 1525 familiaria,
1044 1478 1111 1528 [et]
1136 1489 1186 1516 ex
1205 1478 1363 1517 insolito
1383 1479 1550 1517 formido

290 1536 418 1573 maior
443 1539 517 1573 est.
548 1534 677 1582 Quare
703 1538 833 1572 autem
861 1533 1075 1581 quicquam
1102 1533 1218 1571 nobis
1246 1532 1445 1571 insolitum
1464 1537 1553 1571 est?

293 1590 387 1638 quia
404 1594 582 1627 naturam
603 1588 730 1627 oculis
742 1618 752 1635 ,
774 1599 854 1626 non
873 1588 1025 1626 ratione
1045 1587 1402 1636 conprehendimus
1421 1597 1551 1636 neque

293 1643 533 1692 cogitamus,
559 1643 653 1691 quid
672 1643 738 1681 illa
755 1643 886 1680 facere
901 1641 1049 1691 possit,
1073 1643 1145 1680 sed
1164 1646 1311 1680 tantum
1333 1640 1426 1689 quid
1447 1642 1548 1680 sece-

291 1699 352 1737 rit.
398 1699 537 1737 damus
564 1698 697 1746 itaque
723 1697 841 1736 huius
869 1697 1138 1745 neglegentiae
1164 1706 1316 1745 poenas
1351 1701 1550 1744 tamquam

250 1756 274 1790 3
293 1753 407 1792 novis
434 1752 575 1799 territi,
604 1763 694 1790 cum
719 1751 785 1790 illa
802 1762 880 1790 non
900 1753 979 1790 sint
997 1761 1118 1797 nova,
1147 1751 1219 1789 sed
1238 1750 1407 1789 insolita.
1451 1750 1551 1797 Quid

293 1811 416 1856 ergo?
442 1817 521 1845 non
539 1805 767 1854 religionem
786 1806 922 1845 incutit
939 1806 1132 1844 mentibus
1148 1810 1186 1844 et
1203 1806 1361 1853 quidem
1380 1804 1550 1854 publice,

295 1862 381 1900 sive
400 1861 572 1900 deficere
600 1862 662 1899 sol
679 1861 790 1900 visus
816 1866 897 1908 est,
926 1861 1012 1899 sive
1039 1861 1150 1906 luna,
1182 1860 1294 1899 cuius
1323 1859 1548 1899 obscuratio

294 1916 557 1965 frequentior,
577 1920 644 1954 aut
661 1920 773 1964 parte
792 1916 853 1954 sui
869 1920 934 1954 aut
952 1919 1035 1954 tota
1052 1914 1228 1954 delituit?
1254 1916 1451 1963 longeque
1470 1924 1550 1951 ma-

295 1971 356 2019 gis
386 1971 475 2008 illae
500 1974 611 2009 actae
637 1971 676 2008 in
696 1974 964 2009 transversum
985 1971 1094 2008 faces
1113 1974 1152 2008 et
1171 1969 1270 2008 coeli
1295 1979 1437 2016 magna
1454 1979 1549 2016 pars

299 2025 444 2064 ardens
474 2030 512 2064 et
539 2025 676 2063 crinita
702 2025 834 2063 sidera
860 2029 899 2064 et
929 2025 1065 2073 plures
1094 2023 1190 2063 solis
1218 2023 1335 2062 orbes
1356 2027 1395 2061 et
1415 2023 1550 2061 stellae

298 2089 369 2128 per
390 2080 492 2118 diem
506 2078 618 2118 visae
635 2079 832 2126 subitique
847 2085 1099 2118 transcursus
1115 2078 1260 2126 ignium
1279 2077 1439 2117 multam
1458 2081 1551 2125 post

260 2139 282 2172 4
302 2145 348 2173 se
373 2134 500 2172 lucem
528 2133 773 2172 trahentium.
813 2134 915 2172 Nihil
932 2134 1072 2172 horum
1091 2134 1177 2172 sine
1195 2134 1333 2171 timore
1351 2131 1549 2170 miramur.

299 2194 337 2227 et
357 2199 446 2227 cum
461 2187 622 2227 timendi
640 2189 690 2227 sit
708 2198 830 2226 causa
854 2188 1031 2237 nescite,
1058 2198 1137 2227 non
1157 2191 1217 2226 est
1233 2187 1329 2225 tanti
1349 2186 1470 2232 scire,
1498 2196 1550 2223 ne

299 2243 468 2282 timeas?
509 2247 655 2292 quanto
683 2242 804 2282 satius
830 2248 893 2282 est
918 2253 1061 2282 causas
1080 2241 1296 2291 inquirere,
1329 2245 1367 2280 et
1393 2239 1549 2290 quidem

298 2301 381 2336 toto
411 2297 449 2336 in
479 2297 557 2338 hoc
583 2297 772 2339 intentum
797 2297 952 2339 animo?
985 2306 1115 2346 neque
1131 2296 1234 2336 enim
1254 2296 1318 2336 illo
1339 2296 1548 2357 quicquam
