1592 2580
273 174 351 215 288
645 175 687 213 L.
719 175 906 213 ANNAEI
934 175 1155 215 SENECAE

229 278 250 310 2
269 273 454 322 piodotus
481 272 615 320 tradit,
644 283 732 311 cum
759 279 871 322 petra
891 284 912 311 e
930 275 1050 312 latere
1068 276 1210 314 montis
1234 276 1401 324 abrupta
1421 276 1519 314 ceci-

268 329 411 374 disset,
450 328 631 366 aedificia
657 328 786 366 vicina
813 333 981 367 tremore
1007 329 1197 377 conlapsa
1224 333 1358 377 [suntJ.
1411 330 1519 368 Idem

267 383 342 420 sub
373 383 484 421 terris
510 382 594 419 fieri
623 387 771 430 potest,
803 386 846 420 ut
871 393 922 420 ex
948 382 1029 427 his,
1060 393 1162 431 quae
1186 384 1418 432 inpendent,
1455 395 1518 424 ru-

266 437 384 485 pibus
411 437 543 484 aliqua
568 438 741 475 resoluta
766 447 909 484 magno
935 437 1112 485 pondere
1138 447 1185 476 ac
1211 449 1310 476 sono
1330 439 1367 477 in
1388 438 1517 477 subia-

267 495 419 529 centem
451 500 659 529 cavernam
686 491 801 529 cadat
827 501 875 529 eo
901 491 1191 539 vehementius,
1228 503 1306 541 quo
1335 497 1402 532 aut
1427 494 1517 541 plus

269 544 455 594 ponderis
473 545 579 583 venit
598 550 664 583 aut
681 545 816 591 altius,
836 551 882 585 >et
901 546 958 584 sic
978 551 1232 584 conmovetur
1247 557 1361 586 omne
1376 552 1517 586 tectum

229 605 428 639 3cavatae
455 599 582 637 valiis.
633 600 714 638 Nec
739 604 867 637 tamen
895 600 1071 648 pondere
1101 611 1174 639 suo
1207 601 1386 640 abscindi
1419 612 1518 640 saxa

266 654 452 692 credibile
481 659 558 701 est,
587 653 661 692 'sed
689 665 776 693 cum
801 653 961 693 flumina
979 664 1102 702 supra
1120 656 1302 702 serantur,
1326 655 1516 699 adsiduus

264 709 405 747 humor
430 709 710 747 commissuras
735 709 878 756 lapidis
907 713 1091 747 extenuat
1115 714 1154 748 et
1182 710 1325 748 cotidie
1350 710 1431 757 his,
1466 711 1517 748 ad

266 773 369 811 quae
388 762 575 809 religatus
597 768 677 810 est,
706 763 832 801 aufert
852 769 891 802 et
916 763 1040 810 illam,
1066 768 1109 802 ut
1130 764 1183 802 ita
1201 764 1346 811 dicam,
1376 769 1514 811 cutem,

266 828 345 865 qua
363 818 594 863 continetur,
616 817 779 855 abradit.
811 817 954 855 deinde
972 818 1092 865 longa
1110 828 1182 866 per
1198 819 1515 859 aevumdiminu-

263 872 317 910 tio
346 881 476 919 usque
503 882 551 910 eo
579 871 747 910 infirmat
774 871 857 920 illa,
887 882 990 920 quae
1020 873 1162 911 cotidie
1182 873 1365 919 adtrivit,
1387 877 1430 911 ut
1448 874 1514 912 de-

226 935 248 967 4
263 927 391 964 sinant
418 935 509 964 esse
537 925 646 964 oneri
671 927 855 965 ferendo:
892 931 984 965 tunc
1004 937 1103 965 saxa
1124 928 1228 966 vasti·
1241 927 1428 975 ponderis
1447 928 1514 969 de-

264 981 414 1026 cidunt,
443 985 535 1018 tunc
561 981 627 1018 illa
652 982 909 1028 praecipitata
934 991 1054 1030 rupes
1075 981 1263 1030 quicquid
1289 982 1338 1020 ab
1358 983 1434 1021 imo
1454 992 1512 1020 re-

262 1034 460 1083 percussit
478 1046 556 1073 non
577 1045 745 1083 passura
766 1036 985 1074 consistere

369 1100 456 1128 cum
472 1091 594 1128 sonitu
611 1091 711 1128 venit
726 1095 763 1128 et
779 1102 894 1129 ruere
911 1092 1036 1129 omnia
1055 1092 1136 1130 visa
1155 1096 1318 1140 repente,

260 1149 301 1182 ut
319 1143 373 1182 ait
392 1144 590 1191 Vergilius
611 1149 757 1182 noster.

227 1204 244 1235 1
341 1198 475 1235 XXIII.
499 1198 655 1236 Huius
677 1203 834 1236 motus
856 1199 1198 1238 succutientis
1217 1204 1379 1239 terras
1401 1200 1512 1239 haec

261 1253 356 1290 erit
384 1262 548 1290 causa.
588 1252 648 1290 ad
675 1253 881 1290 alteram
909 1257 1128 1292 transeo.
1172 1254 1277 1291 Rara
1295 1258 1422 1293 terrae
1444 1265 1511 1292 na-

259 1312 348 1344 tura
368 1311 429 1346 est
454 1307 694 1354 multumque
713 1306 863 1344 habens
883 1307 1017 1344 vacui:
1049 1317 1118 1355 per
1137 1307 1209 1345 has
1229 1308 1406 1347 raritates
1430 1310 1511 1356 spi-

260 1361 356 1399 ritus
377 1361 508 1406 fertur,
537 1360 621 1408 qui,
646 1360 713 1398 ubi
731 1360 854 1398 maior
869 1361 1023 1400 influxit
1038 1372 1112 1399 nec
1127 1362 1320 1409 emittitur,
1341 1363 1512 1401 concutit

223 1423 245 1455 2
260 1420 412 1453 terram.
460 1416 567 1453 Haec
589 1416 716 1462 placet
735 1420 773 1453 et
792 1414 898 1462 aliis,
919 1420 962 1454 ut
980 1417 1097 1463 paulo
1118 1420 1207 1454 ante
1225 1416 1356 1463 retuli,
1378 1427 1509 1464 causa,

261 1469 295 1508 si
316 1469 410 1518 quid
439 1470 544 1518 apud
563 1474 602 1507 te
621 1470 845 1517 profectura
863 1470 1020 1508 testium
1039 1470 1152 1508 turba
1170 1475 1248 1509 est:
1278 1471 1378 1509 hanc
1395 1471 1509 1510 etiam

259 1524 517 1562 Callisthenes
544 1524 701 1571 probat,
730 1534 810 1562 non
837 1529 1083 1572 contemptus
1111 1525 1183 1562 vir.
1217 1525 1306 1573 (fuit
1332 1525 1434 1564 enim
1455 1525 1507 1564 illi

258 1579 389 1617 nobile
419 1579 614 1626 ingenium
643 1583 681 1616 et
718 1578 1053 1630 furibundiregis
1084 1578 1304 1626 inpatiens:
1351 1579 1414 1618 hic
1450 1586 1510 1618 cst

257 1633 474 1671 Alexandri
501 1633 644 1671 crimen
678 1636 900 1681 aeternum,
938 1634 1047 1681 quod
1079 1635 1186 1672 nulla
1217 1634 1364 1679 virtus,
1403 1635 1508 1673 nulla

220 1688 445 1728 3bellorum
477 1687 641 1726 felicitas
673 1687 849 1725 redimet.
889 1698 980 1726 nam
1013 1687 1196 1736 quotiens
1225 1688 1313 1736 quis
1346 1687 1506 1727 dixerit:

256 1742 428 1790 „occidit
458 1741 666 1780 Persarum
702 1742 822 1780 multa
847 1742 1002 1780 milia“=
1038 1747 1271 1791 opponetur.
1306 1748 1370 1790 „et
1396 1743 1505 1783 Calli-

256 1796 474 1835 sthenem.“
504 1796 685 1844 quotiens
703 1796 951 1835 dictumerit:
979 1796 1149 1843 „occidit
1165 1797 1352 1845 Dareum,
1384 1808 1505 1844 penes

257 1861 375 1899 quem
395 1855 475 1888 tum
495 1850 705 1888 maximum
722 1860 887 1898 regnum
906 1854 1033 1889 erat“=
1061 1855 1301 1899 opponetur:
1337 1856 1402 1898 „et
1423 1852 1503 1890 Cal-

254 1905 501 1945 listhenem.“
538 1905 720 1952 quotiens
747 1905 890 1944 dictum
918 1906 1006 1943 erit:
1039 1906 1196 1952 „omnia
1222 1915 1371 1945 oceano
1390 1910 1504 1944 tenus

254 1960 364 2006 vicit,
401 1959 531 2007 ipsum
559 1968 719 2007 quoque
745 1960 947 2007 temptavit
965 1959 1085 2002 ,novis
1111 1959 1305 2003 classibus
1325 1964 1364 2002 et
1381 1958 1503 2007 impe—

253 2015 354 2051 iium
373 2024 424 2051 ex
443 2014 584 2061 angulo
605 2013 795 2053 Thraciae
811 2024 940 2061 usque
960 2014 1010 2052 ad
1030 2013 1195 2054 Orientis
1213 2013 1397 2059 terminos
1411 2024 1502 2061 pro·
1513 2038 1522 2058 ,
1586 2036 1592 2068 ἶ,

255 2069 383 2106 tulit“:
414 2068 585 2106 dicetur
621 2068 720 2114 „sed
744 2068 1014 2106 Callisthenem
1033 2069 1214 2108 o'ccidit.“
1257 2066 1394 2105 Omnia
1412 2067 1504 2107 ficet

255 2123 414 2170 antiqua
428 2122 571 2160 ducum
590 2132 805 2170 regumque
821 2123 1000 2171 exempla
1014 2122 1219 2169 transierit,
1239 2131 1289 2159 ex
1304 2121 1377 2169 his,
1400 2132 1502 2170 quae

218 2182 240 2215 4
256 2177 362 2222 fecit,
400 2177 494 2215 nihil
518 2180 598 2214 tam
623 2187 806 2224 magnum
833 2177 904 2215 erit
924 2187 1045 2224 ¹quam
1073 2177 1201 2215 scelus
1230 2175 1336 2221 hoc.)
1390 2176 1498 2214 Calli-

253 2230 413 2269 sthenes
433 2231 471 2269 in
488 2230 616 2277 libr1s,
643 2230 785 2279 quibus
802 2231 1003 2277 describit,
1026 2230 1353 2280 quemadmodum
1366 2230 1500 2270 Helice

253 2285 447 2333 Buri-sque
474 2295 626 2325 mersae
653 2291 760 2334 sunt,
798 2287 884 2335 quis
915 2285 1000 2327 illas
1028 2295 1144 2324 casus
1172 2285 1211 2323 in
1238 2294 1344 2323 mare
1372 2286 1432 2323 vel
1459 2285 1497 2322 in
