1624 2626
446 343 491 397 Ii.
525 341 710 396 ANNAEI
745 340 970 396 SENECAE

346 454 417 487 AD
457 452 731 486 NERONEM
768 452 1075 486 CAESAREM

221 540 354 604 nn
453 537 1196 636 CLEMENTIA

578 663 757 705 LIBER
792 662 842 705 11.

153 855 183 895 Ι.
212 855 265 895 Ut
291 854 343 894 de
365 854 575 894 clementia
604 854 841 904 scriberem,
869 855 975 894 Nero
996 853 1165 903 Caesar,
1191 864 1273 893 una
1291 864 1356 893 me
1377 867 1394 900 1

71 922 153 952 vox
170 916 239 951 tua
252 910 424 949 maxime
440 911 638 960 conpulit,
660 922 781 961 quam
797 921 874 960 ego
890 921 971 950 non
988 910 1076 949 sine
1093 910 1356 949 admiratione

72 972 112 1008 et
139 978 229 1007 cum
255 967 475 1014 diceretur,
505 967 673 1006 audisse
699 967 880 1015 memini,
914 971 955 1006 et
981 966 1130 1005 deinde
1155 965 1244 1005 aliis
1265 977 1355 1005 nar-

71 1034 207 1072 rasse,
227 1032 371 1062 vocem
390 1032 649 1071 generosam,
674 1022 809 1072 magni
823 1021 963 1070 animi,
982 1032 1153 1070 magnae
1169 1020 1354 1068 lenitatis,

73 1089 178 1129 quae
202 1084 293 1118 non·
313 1077 526 1127 conposita
543 1089 619 1117 nec
639 1078 782 1118 alienis
802 1078 968 1118 auribus
989 1079 1087 1126 [sed]
1109 1077 1242 1117 subito
1263 1078 1357 1116 data

71 1134 228 1184 crepuit
253 1139 291 1173 et
315 1133 533 1173 bonitatem
561 1138 670 1174 tuam
697 1145 788 1174 cum
813 1134 973 1174 fortuna
991 1138 1061 1172 tua
1079 1132 1296 1182 litigantem
1317 1133 1356 1171 in

72 1191 247 1230 medium
264 1188 444 1229 adduxit.
488 1190 856 1230 Animadversurus
875 1190 915 1228 in
938 1189 1115 1229 latrones
1137 1189 1242 1229 duos
1258 1189 1357 1228 Bur·
1376 1197 1399 1230 2

72 1257 143 1286 rus
169 1246 398 1296 praefectus
426 1250 539 1294 tuus,
574 1246 635 1284 vir
656 1246 850 1296 ‘egregius
877 1250 918 1285 et
942 1245 1014 1284 tibi
1033 1244 1207 1295 principi
1225 1251 1357 1292 natus,

73 1302 260 1351 exigebat
275 1312 299 1340 a
312 1305 371 1350 te,
391 1301 591 1340 scriberes
611 1302 652 1341 in
673 1313 779 1352 quos
800 1307 841 1341 et
858 1312 910 1341 ex
931 1311 1012 1351 qua
1033 1311 1159 1340 causa
1179 1301 1357 1340 animad-

73 1359 173 1397 verti
191 1358 332 1396 velles.
369 1357 447 1395 hoc
467 1367 592 1406 saepe
613 1357 778 1397 dilatum
796 1362 841 1398 ut
862 1356 1081 1406 aliquando
1102 1357 1218 1396 fieret
1235 1357 1357 1396 insta-

72 1414 152 1453 bat.
198 1413 351 1452 Invitus
379 1412 502 1451 invito
525 1423 615 1451 cum
634 1413 813 1452 chartam
834 1413 1069 1462 protulisset
1087 1412 1358 1461 traderetque,

74 1467 333 1508 exclamasti:
376 1469 511 1507 vellem
545 1470 734 1507 nescirem
762 1466 924 1508 literas!
971 1467 1001 1507 Ο
1022 1467 1185 1516 dignam
1203 1478 1359 1515 vocem,
1378 1476 1401 1511 3

76 1534 197 1574 quam
221 1523 404 1562 audirent
429 1533 569 1562 omnes
588 1528 752 1572 gentes,
781 1534 886 1572 quae
903 1524 1131 1563 Romanum
1151 1523 1360 1572 imperium

76 1579 273 1625 incolunt,
303 1588 491 1627 quaeque
514 1578 625 1617 iuxta
642 1579 774 1618 iacent
794 1579 939 1618 dubiae
957 1579 1151 1618 libertatis
1175 1588 1361 1628 quaeque

76 1646 123 1674 se
143 1639 284 1674 contra
304 1633 456 1672 viribus
477 1638 545 1673 aut
566 1633 707 1673 animis
727 1634 942 1674 adtollunt!
984 1634 1016 1674 Ο
1037 1644 1183 1674 vocem
1202 1635 1242 1673 in
1264 1645 1359 1674 con-

75 1691 233 1731 cionem
266 1689 443 1729 omnium
475 1690 700 1742 mortalium
730 1690 988 1739 mittendam,
1022 1690 1063 1729 in
1093 1691 1209 1730 cuius
1234 1691 1363 1729 verba

77 1746 282 1796 principes
308 1755 511 1793 regesque
528 1745 721 1784 iurarent!
765 1745 795 1785 Ο
818 1756 960 1786 vocem
979 1746 1180 1796 publicam
1198 1746 1361 1795 generis

75 1801 239 1842 humani
253 1801 510 1849 [innocentia]
524 1800 696 1850 dignam,
716 1801 780 1841 cui
793 1801 1030 1841 redderetur
1042 1802 1248 1851 antiquum
1263 1801 1362 1840 illud

76 1859 280 1898 seculum!
321 1857 434 1895 Nunc
463 1857 644 1905 prolecto
673 1858 900 1897 consentire
921 1858 1093 1897 decebat
1111 1858 1164 1896 ad
1184 1868 1357 1907 aequum
1379 1864 1402 1900 4

77 1914 310 1962 bonumque
337 1913 512 1961 expulsa
538 1913 656 1952 alieni
684 1913 895 1963 cupidine,
929 1924 981 1952 ex
1002 1924 1083 1963 qua
1103 1923 1222 1952 omne
1239 1913 1360 1952 animi

77 1971 226 2008 malum
245 1969 386 2016 oritur,
417 1969 605 2017 pietatem
631 1969 975 2018 integritatemque
997 1979 1087 2008 cum
1107 1969 1189 2008 fide
1209 1979 1257 2007 ac
1274 1980 1360 2009 mo-

78 2024 212 2065 destia
235 2034 467 2073 resurgere:
507 2029 546 2063 et
572 2023 667 2063 vitia
693 2025 879 2064 diuturno
908 2025 1039 2065 abusa
1055 2035 1181 2075 regno
1198 2025 1361 2064 tandem

80 2081 185 2120 felici
205 2091 253 2120 ac
275 2091 375 2130 puro
396 2081 535 2119 seculo
555 2080 698 2119 darent
715 2081 862 2120 locum.

162 2137 210 2175 ΙΙ.
239 2137 427 2175 Futurum
447 2136 544 2183 hoc,
574 2135 740 2183 Caesar,
772 2146 823 2174 ex
842 2146 988 2184 magna
1007 2140 1120 2185 parte
1140 2144 1306 2186 sperare
1321 2141 1362 2176 et
1382 2141 1401 2176 1

81 2191 263 2232 confiteri
280 2192 387 2231 libet.
428 2192 622 2231 Tradetur
636 2192 714 2230 ista
728 2192 847 2230 animi
863 2192 919 2231 tui
933 2192 1198 2233 mansuetudo
1213 2191 1358 2232 diffun-

83 2247 278 2297 deturque
307 2247 494 2296 paulatim
523 2258 597 2296 per
617 2257 734 2287 omne
752 2247 907 2297 imperii
928 2256 1077 2296 corpus
1099 2253 1138 2287 et
1157 2253 1300 2288 cuncta
1319 2249 1359 2286 in

85 2302 378 2343 similitudinem
410 2302 467 2344 tui
495 2303 783 2343 formabuntur.
825 2304 864 2342 A
890 2303 1022 2354 capite
1048 2304 1156 2344 bona
1180 2304 1358 2345 valitudo
