1624 2626
63 170 131 208 AD
142 166 379 208 HELVIAM
385 166 606 207 MATREM
614 166 681 206 DE
693 166 1253 210 CONSOLATIONE.16-18.
1263 167 1346 210 257

61 273 152 311 illae
179 269 515 318 consolabuntur,
543 269 635 307 illae
662 268 938 317 delectabunt,
966 270 1058 308 illae
1078 269 1114 309 si
1134 269 1244 310 bona
1260 271 1343 312 fide
1363 282 1385 317 5

59 328 100 367 in
127 327 301 366 animum
327 330 439 365 tuum
467 325 719 375 intraverint,
749 335 967 374 numquam
993 326 1166 375 amplius
1186 327 1347 371 intrabit

59 383 192 431 dolor,
218 392 436 432 numquam
463 380 714 429 sollicitudo,
745 391 963 431 numquam
983 381 1228 422 adflictionis
1250 384 1344 424 inri-

33 443 35 446 '
57 444 123 479 tae
141 448 398 488 supervacua
409 437 586 477 vexatio.
614 438 712 477 nulli
727 437 871 477 horum
887 437 1038 487 patebit
1054 444 1196 487 pectus
1211 444 1343 480 tuum:

57 506 150 535 nam
177 495 320 534 ceteris
347 493 456 534 vitiis
483 492 720 542 iampridem
749 494 906 533 clusum
927 499 1001 533 est.
1049 494 1160 533 Haec
1180 495 1345 545 quidem

59 550 281 590 certissima
298 549 506 601 praesidia
523 554 618 589 sunt
637 555 677 589 et
696 560 801 599 quae
821 551 910 590 sola
928 555 968 590 te
986 551 1170 590 fortunae
1186 553 1344 602 eripere

57 606 229 658 possint.

137 662 280 702 XVIII.
321 662 405 702 Sed
435 662 546 712 quia,
582 661 678 701 dum
703 661 744 700 in
771 661 880 701 illum
907 668 1087 712 portum,
1125 674 1245 712 quem
1273 664 1343 703 tibi
1366 673 1384 707 1

57 718 192 760 studia
210 718 464 768 promittunt,
484 718 739 768 perveneris,
759 718 1011 758 adminiculis
1033 719 1179 768 quibus
1200 720 1342 760 innita-

54 777 132 824 riS,
153 786 258 825 opus
278 780 359 824 est,
379 775 498 814 volo
518 774 724 813 interim
745 774 936 814 solatia
955 774 1049 815 tibi
1068 780 1154 814 tua
1174 781 1342 816 osten-

57 832 192 870 dere.
232 830 453 880 Respice
481 831 670 870 fratres
691 840 848 879 meos,
876 830 1024 879 quibus
1046 830 1171 871 salvis
1191 832 1254 871 fas
1272 832 1343 871 tibi

55 898 138 927 non
165 892 229 927 est
253 897 448 926 accusare
476 887 690 926 fortunam.
737 886 780 924 In
803 861 978 936 ut'roque
997 887 1145 935 habes,
1175 888 1287 938 quod
1304 893 1344 927 te
1362 896 1385 930 2

57 942 221 983 diversa
248 943 394 983 virtute
421 943 612 982 delectet:
649 943 748 981 alter
773 942 950 982 honores
978 943 1177 983 industria
1199 954 1344 983 conse-

57 1003 173 1039 cutus
193 1004 274 1046 est,
295 1000 395 1039 alter
413 999 618 1047 sapienter
637 998 891 1047 contempsit.
934 999 1156 1048 adquiesee
1177 999 1344 1040 alterius

0 1104 3 1114 ,
57 1055 126 1095 filii
146 1055 358 1104 dignitate,
379 1055 542 1094 alterius
563 1054 710 1103 quiete,
731 1055 944 1104 utriusque
962 1055 1123 1104 pietate.
1148 1055 1246 1095 novi
1265 1056 1343 1094 fra-

57 1115 159 1151 trum
191 1122 371 1150 meorum
397 1111 557 1150 intimos
586 1110 789 1149 adfectus:
822 1111 922 1149 alter
950 1110 991 1149 in
1010 1110 1089 1150 hoc
1109 1111 1344 1160 dignitatem

58 1167 222 1214 excolit,
246 1172 289 1206 ut
309 1166 376 1206 tibi
396 1171 630 1206 ornamento
651 1166 713 1214 sit,
736 1167 836 1205 alter
853 1167 891 1204 in
913 1166 991 1206 hoc
1012 1177 1058 1206 se
1078 1167 1131 1206 ad
1149 1168 1344 1218 tranquil-

57 1223 133 1263 lam
155 1222 412 1273 quietamque
433 1222 551 1262 vitam
572 1222 736 1272 recepit,
755 1226 799 1261 ut
817 1221 888 1261 tibi
905 1227 1035 1262 vacet.
1063 1223 1175 1263 Bene
1193 1224 1344 1264 liberos
1363 1232 1387 1267 3

57 1283 147 1321 tuos
166 1284 204 1318 ct
222 1280 261 1318 in
281 1278 473 1318 auxilium
488 1284 529 1318 et
541 1279 581 1317 in
598 1278 933 1318 oblectamentum
949 1280 1106 1318 fortuna
1122 1280 1342 1330 disposuit:

57 1340 172 1384 potes
193 1335 356 1374 alterius
375 1334 565 1384 dignitate
585 1334 768 1381 defendi,
791 1335 954 1373 alterius
976 1334 1057 1374 otio
1079 1335 1167 1374 frui.
1213 1342 1340 1376 certa-

18 1431 19 1434 ,
57 1389 154 1431 bunt
185 1391 226 1430 in
258 1396 298 1430 te
332 1390 477 1430 officiis
508 1395 546 1430 et
576 1391 697 1430 unius
728 1389 974 1430 desiderium
1003 1391 1174 1430 duorum
1194 1392 1342 1441 pietate

57 1447 317 1497 supplebitur.
346 1447 550 1486 Audacter
568 1457 739 1496 possum
760 1447 1001 1495 promittere,
1021 1447 1116 1486 nihil
1130 1448 1199 1486 tibi
1216 1448 1344 1487 deerit

55 1507 217 1553 praeter
235 1512 456 1541 numerum.
500 1502 572 1542 Ab
600 1503 678 1542 his
708 1503 765 1541 ad
793 1507 1010 1551 nepotes
1040 1514 1245 1552 quoque
1264 1514 1342 1542 re·
1363 1512 1384 1547 4

57 1557 222 1608 spice:
240 1557 459 1596 Marcum
478 1558 872 1598 blandissimum
892 1569 1121 1608 puerum,
1147 1560 1199 1598 ad
1226 1560 1342 1599 cuius

57 1618 321 1663 conspectum
352 1614 462 1652 nulla
487 1618 620 1663 potest
648 1614 793 1653 durare
818 1614 989 1654 tristit1a.
1035 1614 1132 1654 nihil
1158 1621 1239 1654 tarn
1259 1626 1341 1653 ma-

59 1679 191 1720 gnum,
211 1669 308 1708 nihil
329 1673 410 1708 tam
428 1679 571 1708 recens
591 1668 631 1708 in
648 1670 886 1719 cuiusquam
902 1675 1068 1720 pectore
1085 1671 1213 1717 fuerit,
1233 1672 1343 1720 quod

60 1736 142 1766 non
159 1725 426 1765 circumfusus
443 1725 508 1764 ille
524 1726 781 1775 permulceat.
802 1726 921 1766 Cuius
937 1737 1018 1766 non
1034 1726 1220 1766 lacrimas
1236 1727 1342 1766 illius
1362 1739 1384 1773 5

64 1782 235 1823 nita-ritas
263 1782 515 1830 supprimat?
558 1781 672 1820 cuius
698 1791 779 1820 non
808 1787 1055 1822 contractum
1075 1783 1344 1822 sollicitudine

57 1837 231 1878 mimum
258 1837 365 1876 illius
394 1837 571 1886 argutiae
590 1837 775 1876 solvant?
814 1849 934 1887 quem
954 1849 1033 1878 non
1054 1839 1095 1878 in
1114 1839 1228 1879 iocos
1248 1850 1343 1878 evo-

65 1893 167 1933 cabit
190 1894 258 1932 illa
283 1894 479 1932 lascivia?
519 1903 637 1942 quem
664 1903 744 1932 non
764 1893 800 1932 in
822 1904 869 1933 se
888 1900 1097 1935 convertet
1115 1900 1154 1934 et
1172 1895 1345 1934 abducet

17 1962 36 1998 ’μ
64 1949 226 1993 infixum
253 1949 561 1999 cogitationibus
590 1949 657 1987 illa
676 1949 874 1989 neminem
893 1951 1086 1990 satiatura
1103 1951 1345 2000 garrulitas?

63 2005 168 2046 Deos
195 2017 288 2053 oro,
322 2006 528 2055 contingat
552 2005 660 2043 hunc
679 2004 828 2045 habere
846 2006 964 2045 nobis
985 2006 1261 2056 superstitem.
1304 2006 1341 2045 in
1362 2009 1385 2044 6

65 2069 127 2100 me
151 2062 278 2102 omnis
299 2063 469 2101 fatorum
493 2061 710 2101 crudelitas
730 2061 882 2100 lassata
901 2063 1116 2102 consistat·
1152 2063 1344 2112 quicquid

66 2117 175 2157 matri
193 2118 409 2158 dolendum
429 2118 518 2165 fuit,
549 2118 587 2156 in
609 2127 672 2155 me
691 2117 912 2166 transierit,
940 2118 1133 2168 quicquid
1150 2117 1283 2167 aviae,
1301 2118 1343 2157 in

67 2171 141 2212 ine.
179 2172 337 2214 Floreat
354 2174 538 2224 reliqua*
526 2180 568 2213 'm
590 2184 664 2213 suo
688 2178 792 2213 statu
812 2173 948 2213 turba.
976 2173 1074 2213 nihil
1094 2174 1146 2213 de
1162 2174 1341 2222 orbitate,

67 2228 160 2268 nihil
182 2229 235 2270 de
253 2231 489 2270 condicione
509 2241 599 2270 mea
621 2240 778 2279 querar.
810 2230 951 2269 fuerim
971 2236 1123 2270 tantum
1142 2230 1238 2269 nihil
1260 2240 1340 2269 am-

69 2283 170 2333 plius
185 2286 379 2326 doliturae
395 2286 537 2326 domus
553 2287 807 2336 piamentum.
834 2286 931 2325 Ten
943 2298 966 2326 e
984 2286 1030 2326 in
1052 2287 1237 2335 gremio
1256 2292 1305 2326 tu
1317 2298 1340 2326 ο
1362 2291 1383 2326 7

0 2355 1 2359 ’
73 2341 168 2380 cito
185 2342 277 2381 tibi
296 2343 522 2383 daturam
541 2347 862 2393 pronepotes
879 2342 1199 2393 Novatillam‚
1221 2353 1340 2393 quam

126 2410 255 2436 SENECA
274 2412 363 2437 mm„
382 2402 408 2438 1.
1083 2404 1127 2440 17
