1624 2626
101 180 170 219 Ad)
182 177 416 218 HELVIAM
428 176 647 216 MATREM
658 176 725 216 DE
736 174 1133 215 CONSOLATIONE.
1149 182 1206 216 10.
1220 182 1270 217 ll.
1300 175 1383 217 249

100 289 226 320 nosse
244 289 393 329 operae
415 277 583 327 pretium
603 282 678 317 est.
725 277 821 316 Cum
840 275 1066 317 sestertium
1089 275 1232 316 millies
1251 276 1290 315 in
1311 287 1379 316 eu·
1399 284 1422 321 9

99 337 218 375 linam
241 334 500 383 coniecisset,
521 344 611 372 cum
632 338 689 372 tot
707 332 911 382 congiaria
930 332 1156 381 principum
1177 337 1217 371 et
1235 332 1379 381 ingens

99 391 282 440 Capitolii
308 390 479 439 vectigal
507 389 676 438 singulis
704 387 1056 428 comissationibus
1089 387 1379 438 exsorpsissess

97 457 192 486 aere
211 446 342 485 alieno
363 455 588 495 oppressus
607 444 784 484 rationes
805 455 901 484 suas
916 448 1011 484 tunc
1027 443 1198 493 primum
1214 449 1380 483 coactus

97 502 294 551 inspexitz
323 501 623 551 superfuturum
643 499 720 539 sibi
737 500 964 539 sestertium
980 500 1131 539 centies
1147 500 1381 549 conputavit

97 563 136 597 et
164 558 272 597 velut
298 558 338 596 in
364 557 502 596 ultima
530 558 635 595 same
661 557 862 604 victurus,
898 555 934 595 si
960 555 1001 594 in
1020 555 1207 596 sestertio
1228 555 1378 595 centies

95 613 286 661 vixisset,
316 624 474 652 veneno
502 613 624 651 vitam
643 611 785 652 finivit.
830 612 1002 681 Quanta
1000 610 1161 651 luxuria
1179 616 1284 658 erat,
1317 611 1433 650 cuilo

97 669 248 709 centies
279 669 505 708 sestertium
531 673 693 716 egestas
714 667 813 708 suit?
847 667 860 706 i
879 678 986 707 nunc
992 656 1044 708 et
1065 672 1163 717 puta
1180 666 1379 717 pecuniae

95 725 260 764 modum
277 725 332 763 ad
350 736 436 764 rem
456 724 674 773 pertinere,
703 735 784 764 non
806 722 939 762 animi.
970 723 1206 763 Sestertium
1226 722 1378 762 centies

97 781 242 830 aliquis
270 780 451 820 extimuit
473 785 529 828 et,
560 779 672 829 quod
689 779 755 818 alii
773 783 869 819 voto
889 783 1046 829 petunt,
1073 789 1230 818 veneno
1252 778 1380 827 lugit‘l

96 836 152 874 illi
178 846 277 875 vero
303 840 381 875 tam
405 845 556 885 pravae
574 836 718 874 mentis
739 835 889 874 homini
909 835 1047 874 ultima
1064 834 1177 884 potio
1199 835 1378 874 saluber-

95 892 197 930 rima
214 891 304 930 fuit:
336 897 427 931 tunc
447 902 602 930 venena
617 890 763 931 edebat
781 890 1044 940 bibebatque,
1074 901 1166 930 cum
1185 889 1378 929 inmensis

97 947 229 996 epulis
249 958 327 985 non
349 948 613 986 delectaretur
634 951 802 994 tantum,
834 946 908 986 sed
927 947 1182 996 gloriaretur,
1212 957 1301 986 curn
1322 944 1378 985 vi·

96 1002 151 1042 tia
181 1013 256 1042 sua
274 1008 512 1050 ostentaret,
543 1012 632 1040 cum
652 1003 850 1041 civitatem
868 1003 909 1041 in
928 1001 1126 1042 luxuriam
1146 1013 1261 1041 suam
1281 1013 1378 1041 con-

95 1062 287 1105 verteret,
318 1068 407 1096 cum
436 1058 680 1097 iuventutem
699 1058 752 1095 ad
770 1056 1029 1097 imitationem
1051 1058 1114 1097 sui
1135 1058 1377 1106 sollicitaret,

96 1113 213 1152 etiam
236 1114 322 1152 sine
341 1113 454 1152 malis
475 1113 670 1161 exemplis
692 1123 766 1162 per
784 1123 829 1151 se
846 1112 1030 1151 docilem.
1060 1114 1171 1152 Haec
1190 1113 1431 1152 acciduntll

95 1168 254 1208 divitias
283 1180 362 1209 non
390 1169 444 1208 ad
468 1167 661 1207 rationem
686 1167 990 1217 revocantibus,
1022 1169 1135 1208 cuius
1158 1170 1254 1209 certi
1274 1169 1377 1208 fines

95 1229 208 1272 sunt,
236 1224 311 1264 sed
339 1226 389 1264 ad
421 1223 604 1264 vitiosam
633 1223 988 1271 consuetudinem,
1017 1225 1130 1264 cuius
1149 1225 1377 1265 inmensum

95 1285 135 1319 et
165 1279 558 1329 inconprehensibile
591 1279 796 1319 arbitrium
828 1285 901 1319 est.
950 1280 1164 1330 Cupiditati
1190 1281 1288 1320 nihil
1315 1286 1378 1321 est

95 1335 213 1384 satis,
245 1341 409 1380 naturae
435 1335 533 1375 satis
559 1340 621 1374 est
639 1335 758 1375 etiam
781 1346 934 1385 parum.
981 1336 1139 1376 Nullum
1159 1347 1255 1386 ergo
1277 1348 1375 1386 pau-

94 1396 233 1440 pertas
249 1391 379 1431 exulis
394 1391 691 1431 incommodum
705 1391 844 1430 habet:
873 1393 1022 1431 nullum
1040 1393 1144 1431 enim
1160 1398 1240 1432 tam
1256 1393 1376 1443 inops

96 1446 257 1486 exilium
277 1452 356 1495 est,
379 1448 487 1496 quod
509 1458 590 1486 non
610 1448 754 1487 alendo
770 1447 921 1486 homini
936 1448 1097 1486 abunde
1115 1449 1242 1487 fertile
1258 1448 1320 1488 sit.

178 1502 244 1541 XI.
271 1506 343 1541 An
370 1508 562 1542 vestem
587 1513 642 1542 ac
663 1503 856 1542 domum
877 1503 1278 1543 desideraturus
1301 1509 1414 1544 estl

96 1558 242 1596 exult
285 1560 349 1605 [si]
382 1558 484 1598 haec
518 1569 681 1608 quoque
711 1560 764 1598 ad
791 1570 911 1598 usum
938 1564 1088 1599 tantum
1118 1559 1376 1609 desiderabit,

96 1623 230 1663 neque
256 1618 402 1652 tectum
429 1614 465 1652 ei
493 1614 620 1653 deerit
642 1625 774 1664 neque
801 1615 1081 1654 velamentum.
1117 1625 1247 1665 aeque
1270 1615 1376 1655 enim

96 1669 244 1718 exiguo
275 1670 419 1717 tegitur
453 1679 602 1718 corpus
636 1681 755 1718 quam
789 1670 917 1709 alitur.
975 1671 1071 1710 nihil
1110 1670 1262 1711 homini
1307 1682 1375 1710 na-

94 1729 204 1773 tura,
242 1725 352 1773 quod
378 1725 652 1764 necessarium
671 1725 862 1772 faciebat,
893 1725 988 1765 fecit
1007 1738 1241 1776 operosum.
1293 1726 1414 1767 Sed2

96 1780 301 1823 desiderat
330 1779 501 1820 saturari
533 1782 655 1820 multo
686 1781 900 1832 conchylio
929 1793 1147 1832 purpuram
1182 1782 1375 1822 intextam

95 1847 194 1876 auro
212 1837 414 1885 variisque
430 1840 469 1875 et
483 1836 686 1875 coloribus
702 1836 926 1878 distinctam
944 1842 982 1876 et
997 1838 1168 1878 artibus=
1193 1849 1275 1878 non
1295 1839 1376 1878 for-

95 1898 214 1932 tunae
233 1893 308 1931 iste
331 1892 446 1940 vitio,
476 1892 550 1931 sed
570 1903 645 1932 suo
663 1902 819 1942 pauper
835 1896 908 1932 est.
939 1894 1094 1932 etiamsi
1109 1893 1164 1932 illi
1182 1893 1376 1943 quicquid

95 1948 245 1995 amisit,
266 1947 508 1996 restitueris,
529 1947 622 1986 nihil
645 1958 755 1996 ages.
785 1950 877 1998 plus
893 1947 998 1988 enim
1013 1949 1262 1988 restituendo
1280 1950 1374 1989 dee—

94 2004 145 2043 rit
170 2014 222 2042 ex
247 2014 316 2050 eo,
349 2003 460 2053 quod
487 2003 615 2052 cupit,
647 2013 767 2052 quam
795 2004 902 2043 exuli
922 2015 974 2043 ex
994 2014 1063 2052 eo,
1093 2005 1203 2053 quod
1223 2004 1373 2044 habuit.

97 2058 181 2098 Sed
201 2059 404 2100 desiderat
423 2060 555 2098 aureis
577 2060 790 2108 fulgentem
803 2060 914 2099 vasis
935 2059 1227 2109 supellectilem
1245 2064 1285 2099 et
1303 2071 1371 2100 an·
1386 2070 1409 2105 3

93 2114 217 2165 tiquis
245 2115 472 2155 nominibus
502 2115 697 2154 artificum
724 2119 929 2163 argentum
949 2116 1101 2163 nobile,
1132 2126 1202 2155 aes
1221 2126 1370 2166 pauco—

91 2169 352 2213 ruminsania
366 2172 586 2221 pretiosum
603 2175 642 2209 et
657 2181 866 2210 servorum
879 2170 1047 2219 turbam,
1070 2182 1175 2220 quae
1187 2173 1372 2221 quamvis

92 2235 279 2275 magnam
307 2227 468 2267 domum
495 2231 698 2276 angustet,
728 2226 992 2266 iumentorum
1021 2237 1194 2276 corpora
1214 2227 1371 2268 differta

96 2285 143 2334 et-
161 2287 302 2321 coacta
328 2283 592 2332 pinguescere
612 2287 651 2322 et
671 2281 874 2321 nationum
894 2282 1069 2322 omnium
1086 2283 1264 2332 lapides:
1293 2284 1371 2324 ista

99 2343 364 2387 congerantur
380 2339 490 2388 lieet,
512 2349 728 2389 numquam
748 2338 965 2389 explebunt
983 2337 1265 2390 inexplebilem
1286 2340 1368 2380 ani-
