1592 2580
362 137 547 178 NATUR.
569 136 780 186 QUAEST.
811 137 906 175 LIB.
922 136 990 175 VI.
1018 141 1146 177 5—7.
1317 134 1398 176 277

115 243 170 280 lut
199 250 271 290 per
298 239 437 278 rimam
466 239 623 277 sentina
650 238 906 287 subreperet,
943 238 1016 277 sed
1037 237 1151 277 fieret
1176 239 1317 287 ingens
1338 239 1396 277 in-

114 296 297 343 undatio,
320 300 363 334 ut
381 304 431 333 ex
453 294 606 334 infinito
626 295 784 343 liquore
803 299 843 333 et
863 295 1016 333 ferente
1037 295 1257 333 universa,

196 351 282 389 Vll.
322 350 529 398 Quidam
559 355 746 389 motum
772 355 1024 389 terrarum
1054 360 1217 399 aquae
1243 349 1434 399 inpii-1

114 411 371 454 taverunt,
393 406 481 445 sed
503 417 598 445 non
629 416 686 444 ex
715 406 888 449 eadem
918 415 1088 444 causa.
1118 405 1218 453 „Per
1237 415 1395 445 omnem

113 469 275 510 terram,
294 463 497 511 inquiunt,
513 463 635 501 multa
650 472 843 510 aquarum
859 472 1007 510 genera
1018 461 1256 500 decurrunt=
1274 462 1394 500 aliubi

113 519 297 570 perpetui
319 528 478 565 amnes,
500 529 671 567 quorum
691 516 928 565 navigabilis
949 517 1066 556 etiam
1087 517 1174 556 sine
1195 518 1394 557 adiutorio

111 573 295 614 imbrium
321 573 554 622 magnitudo
585 579 658 612 est.
703 573 794 611 hinc
812 573 924 612 Nilus
956 583 1029 621 per
1046 578 1238 612 aestatem
1258 574 1396 623 ingen-

110 636 174 670 tes
194 640 323 679 aquas
348 629 518 677 invehit,
538 629 651 674 hinc,
677 629 744 678 qui
763 628 920 667 medius
936 628 1039 667 inter
1055 634 1198 677 pacata
1212 635 1252 668 et
1270 629 1395 668 hosti-

112 687 164 726 lia
191 685 296 734 fluit,
324 684 532 725 Danubius
560 695 606 723 ac
626 685 812 732 Rhenus,
847 685 946 723 alter
969 683 1212 724 Sarmaticos
1231 684 1393 734 inpetus

113 742 306 782 cohibens
327 746 366 780 et
383 741 585 790 Europam
608 741 832 789 Asiamque
851 740 1162 788 disterminans,
1184 741 1282 780 alter
1299 741 1394 780 Ger-

113 807 274 845 manos,
304 797 462 836 avidam
483 802 639 846 gentem
662 795 772 843 belli,
800 797 1016 845 repellens.
1050 796 1179 836 Adice
1199 808 1307 836 nunc
1324 807 1394 846 pa·
1414 806 1436 839 2

114 853 361 892 tentissimos
395 853 508 891 lacus
539 857 579 891 et
603 857 744 900 stagna
775 851 936 901 populis
967 852 1069 890 inter
1088 862 1134 891 se
1153 852 1300 901 ignotis
1320 854 1394 891 cir-

114 909 300 948 cumdata
326 913 366 947 et
391 907 667 947 ineluctabiles
699 907 858 956 navigio
889 907 1080 957 paludes,
1113 918 1166 946 ne
1185 908 1286 957 ipsis
1308 909 1393 957 qui·
1432 950 1434 954 ,

113 965 202 1004 dem
222 965 323 1003 inter
341 975 386 1003 se
398 964 577 1013 pervias,
595 963 740 1012 quibus
755 963 993 1003 incoluntur.
1011 963 1159 1002 deinde
1173 968 1232 1003 tot
1248 965 1394 1010 fonteS‚

112 1026 171 1060 tot
189 1021 320 1069 capita
342 1019 550 1058 fluminum
569 1019 725 1058 subitos
755 1023 795 1058 et
815 1030 868 1058 ex
888 1020 1046 1058 occulto
1067 1030 1207 1058 amnes
1228 1030 1392 1059 vomen-

114 1077 180 1115 tia.
226 1081 286 1115 tot
310 1075 458 1114 deinde
489 1075 540 1126 ad
566 1081 725 1123 tempus
755 1076 946 1114 collectos
967 1075 1200 1114 torrentium
1220 1076 1391 1124 inpetus,

114 1142 285 1181 quorum
302 1132 409 1170 vires
431 1142 550 1180 quam
570 1130 804 1180 repentinae
824 1135 902 1169 tam
922 1131 1082 1169 breves.
1115 1130 1253 1170 Omnis
1271 1141 1392 1180 aqua·
1412 1136 1434 1170 3

112 1198 199 1226 rum
227 1192 267 1226 et
296 1187 396 1225 intra
425 1191 568 1225 terram
597 1191 738 1225 natura
767 1187 975 1235 faciesque
1002 1191 1083 1226 est:
1122 1186 1200 1225 illic
1229 1196 1393 1235 quoque

112 1244 214 1282 aliae
243 1248 358 1282 vasto
393 1253 514 1281 cursu
541 1242 772 1281 deseruntur
801 1247 845 1281 etv
866 1243 905 1280 in
926 1252 1125 1291 praeceps
1147 1243 1306 1282 volutae
1327 1253 1392 1280 ea-

113 1300 222 1338 dunt.
254 1297 356 1337 aliae
381 1298 653 1346 languidiores
683 1297 722 1336 in
752 1298 870 1336 vadis
897 1298 1164 1337 refunduntur
1187 1303 1227 1336 et
1253 1299 1393 1336 leniter

112 1365 160 1393 ac
181 1354 312 1403 quiete
332 1353 478 1393 fluunt:
509 1354 598 1402 quis
618 1358 748 1392 autem
769 1358 888 1402 neget
908 1353 1033 1392 vastis
1054 1354 1142 1392 illas
1158 1359 1392 1402 receptacu-

112 1410 161 1448 lis
181 1408 341 1457 concipi
375 1413 414 1447 et
441 1419 605 1448 cessare
627 1409 760 1447 multis
788 1410 936 1448 inertes
965 1409 1094 1447 locis?
1131 1419 1212 1448 non
1243 1414 1305 1448 cst
1324 1410 1393 1447 diu

113 1465 362 1513 probandum
394 1464 447 1503 ibi
465 1466 609 1503 multas
630 1474 758 1513 aquas
779 1475 872 1503 esse
888 1463 960 1505 ,ubi
980 1466 1158 1512 oriqines
1176 1469 1279 1503 sunt.
1323 1475 1393 1503 ne-

114 1530 193 1569 que
213 1520 317 1558 enim
338 1520 542 1559 sufficeret
560 1521 676 1559 tellus
697 1519 750 1558 ad
769 1524 827 1559 tot
846 1519 1010 1559 flumina
1029 1520 1207 1568 edenda,
1239 1518 1317 1559 nisi
1341 1530 1392 1559 ex

112 1575 292 1624 reposito
313 1576 517 1624 multoque
537 1576 731 1614 funderet.
774 1575 815 1614 Si
840 1575 918 1615 hoc
947 1586 1085 1615 verum
1105 1581 1186 1622 est,
1220 1586 1392 1615 necesse
1412 1586 1434 1620 4

113 1637 176 1671 cst
205 1631 420 1681 aliquando
447 1631 527 1670 illic
555 1630 683 1670 amnis
711 1636 868 1670 crescat
894 1636 933 1670 et
950 1631 1099 1670 relictis
1121 1632 1220 1680 ripis
1240 1632 1392 1671 violen—

112 1693 176 1726 tus
205 1687 244 1725 in
271 1687 470 1726 obstantia
498 1691 701 1726 occurrat=
735 1688 794 1726 sic
822 1687 1043 1727 fietmotus
1062 1686 1232 1726 alicuius
1253 1688 1391 1736 partis,

111 1742 150 1781 in
173 1753 292 1792 quam
311 1742 458 1782 flumen
480 1743 656 1792 inpetum
676 1743 786 1782 dedit
804 1747 843 1781 et
863 1754 1000 1792 quam,
1022 1743 1154 1782 donec
1169 1743 1390 1789 decrescat,

111 1798 351 1837 verberabit.
395 1798 533 1838 Potest
559 1798 666 1844 fieri,
699 1804 744 1838 ut
770 1799 949 1847 aliquam
962 1799 1168 1847 regionem
1188 1799 1299 1838 rivus
1320 1799 1391 1837 ad-

111 1853 241 1893 fluens
263 1854 409 1893 exedat
428 1864 476 1892 ac
495 1864 633 1893 secum
654 1854 783 1893 trahat
798 1854 970 1904 aliquam
987 1855 1133 1894 molem
1145 1884 1154 1900 ‚
1178 1865 1258 1903 qua
1276 1855 1393 1903 lapsa

111 1910 368 1959 superposita
395 1910 636 1958 quatiuntur.
673 1910 754 1948 Iam
782 1920 880 1950 vero
908 1909 1026 1948 nimis
1056 1910 1183 1950 oculis
1204 1910 1392 1959 permittit
1410 1915 1431 1949 5

110 1976 185 2005 nec
215 1966 336 2013 [illos]
368 1966 443 2005 scit
471 1966 699 2014 producere
726 1966 829 2005 ultra
848 1966 1040 2013 animum,
1077 1966 1144 2015 qui
1163 1977 1243 2005 non
1265 1966 1392 2005 eredit

110 2022 149 2060 in
169 2021 439 2072 ab[scon]dit0
460 2026 590 2060 terrae
611 2021 724 2060 sinus
743 2022 864 2060 maris
884 2021 1000 2060 vasti.
1029 2032 1105 2060 nec
1132 2022 1238 2060 enim
1255 2022 1389 2070 video,

113 2078 207 2125 quid
223 2077 434 2126 prohibeat
447 2078 510 2115 vel
527 2077 669 2123 obstet,
688 2088 768 2126 quo
783 2077 914 2116 minus
928 2077 1122 2116 habeatur
1136 2077 1175 2115 in
1186 2078 1390 2126 ab[scon]-

112 2132 194 2172 dito
213 2134 330 2172 etiam
350 2133 515 2180 aliquod
542 2133 634 2173 litus
663 2137 702 2171 et
731 2143 803 2182 per
830 2134 1012 2172 occultos
1032 2133 1165 2172 aditus
1184 2138 1390 2182 receptum

112 2197 245 2237 mare,
271 2189 380 2238 quod
401 2189 479 2228 illic
512 2198 676 2238 quoque
695 2188 941 2227 tantumdem
960 2189 1038 2227 loci
1061 2193 1195 2228 teneat
1223 2193 1291 2228 aut
1311 2190 1390 2228 for-

111 2241 233 2282 tassis
264 2245 342 2283 hoc
373 2245 565 2294 amplius,
601 2254 681 2293 quo
711 2244 920 2293 superiora
948 2254 1040 2283 cum
1067 2249 1127 2283 tot
1153 2243 1389 2284 animalibus

113 2303 225 2337 erant
239 2300 467 2340 dividenda.
487 2300 675 2340 abstrusa
690 2299 794 2339 enim
810 2306 851 2339 et
864 2300 952 2339 sine
969 2310 1214 2349 possessore
1230 2300 1390 2340 deserta
