1624 2626
290 197 372 239 216
548 197 590 235 L.
620 195 809 236 ANNAEI
838 195 1063 236 SENECAE
1083 198 1213 237 DIAL.
1232 199 1280 238 X.

291 299 380 336 dam
401 301 440 335 et
457 296 573 335 altius
593 296 643 334 de
661 300 700 334 te
718 294 975 344 promiseras.
1002 296 1085 335 Non
1108 297 1275 336 deerunt
1293 303 1331 336 et
1350 298 1549 346 frugalita-

291 353 341 391 tis
369 355 534 390 exactae
562 350 742 389 homines
771 355 810 389 et
826 350 1051 390 laboriosae
1062 361 1229 400 operae.
1272 357 1378 392 tanto
1395 354 1549 402 aptiora

292 405 552 455 exportandis
585 404 771 443 oneribus
802 404 917 443 tarda
946 405 1119 445 iumenta
1145 410 1238 445 sunt
1257 417 1374 455 quam
1394 408 1548 447 nobiles

292 461 396 510 equi,
418 471 584 510 quorum
599 469 833 507 generosam
850 459 1118 508 pernicitatem
1133 462 1222 509 quis
1238 472 1422 508 umquam
1438 462 1549 510 gravi

255 522 275 554 5
292 516 449 554 sarcina
469 514 641 563 pressit?
669 514 804 562 Cogita
823 518 1048 563 praeterea,
1066 520 1254 563 quantum
1273 516 1550 555 sollicitudinis

293 570 345 610 sit
371 570 422 609 ad
447 574 595 608 tantam
612 574 651 608 te
670 570 812 608 molem
833 568 1010 607 obicere=
1031 580 1120 608 cum
1136 575 1273 608 ventre
1292 570 1359 609 tibi
1378 570 1548 609 humano

292 625 490 673 negotium
513 629 587 663 est.
622 634 696 662 nec
715 623 908 662 rationem
927 623 1072 671 patitur
1089 635 1163 662 nec
1185 625 1380 672 aequitate
1399 625 1551 673 mitiga-

291 686 355 719 tur
374 690 448 718 nec
467 679 545 718 ulla
565 688 682 728 prece
698 678 867 716 flectitur
882 679 1054 726 populus
1071 680 1265 717 esuriens.
1293 679 1412 718 Modo
1429 679 1550 718 modo

291 735 393 773 intra
419 743 571 782 paucos
591 734 681 771 illos
701 733 806 780 dies,
842 732 984 781 quibus
1007 733 1048 771 C.
1069 733 1214 772 Caesar
1233 733 1369 782 periit,
1405 734 1439 772 si
1460 734 1550 782 quis

291 788 428 827 inferis
449 799 594 827 sensus
615 792 694 835 est,
723 787 800 826 hoc
818 786 1052 836 gravissime
1074 788 1226 835 ferens,
1249 788 1359 836 quod
1378 788 1546 827 decede-

291 844 360 882 bat
392 844 542 891 populo
572 843 751 881 Romano
787 842 1018 890 superstite,
1052 848 1204 890 septem
1239 847 1305 880 aut
1333 847 1422 881 octo
1439 845 1551 880 'certe

293 899 446 936 dierum
466 897 615 936 cibaria
634 901 878 945 superesse?
896 897 988 935 dum
1009 896 1074 935 ille
1090 903 1231 945 pontes
1247 897 1413 936 navibus
1429 897 1553 945 iungit

294 957 332 992 et
351 952 501 991 viribus
522 951 661 1000 imperi
681 951 797 999 ludit,
816 952 954 990 aderat
971 951 1146 990 ultimum
1165 953 1355 990 malorum
1371 951 1551 990 obsessis

295 1018 477 1056 quoque,
500 1007 772 1045 alimentorum
793 1011 964 1053 egestas.
993 1007 1112 1045 exitio
1132 1016 1259 1055 paene
1279 1017 1326 1044 ac
1340 1006 1443 1044 same
1458 1016 1551 1044 con-

295 1062 390 1100 stitit
416 1066 471 1109 et,
507 1071 610 1109 quae
630 1062 770 1098 samem
791 1061 988 1108 sequitur,
1021 1072 1152 1099 rerum
1174 1061 1345 1099 omnium
1362 1061 1476 1099 ruina
1495 1061 1552 1099 su-

258 1116 391 1155 61·iosi
410 1120 450 1154 et
468 1115 620 1153 externi
640 1119 678 1152 et
696 1115 901 1152 infeliciter
920 1116 1080 1162 superbi
1099 1116 1206 1163 regis
1226 1115 1402 1153 imitatio.
1431 1115 1552 1162 Quem

294 1177 388 1210 tunc
421 1171 593 1208 animum
625 1168 850 1207 habuerunt
882 1168 955 1216 illi,
991 1169 1136 1217 quibus
1163 1174 1246 1207 erat
1268 1170 1452 1208 mandata
1474 1171 1552 1207 fru-

294 1224 414 1264 menti
434 1224 582 1273 publici
601 1228 723 1261 cura‘ss
742 1234 852 1270 saxa,
874 1224 1031 1270 serrum,
1052 1223 1176 1271 ignes,
1199 1224 1332 1262 caium
1349 1224 1555 1272 excepturi

296 1290 450 1318 summa
473 1278 785 1317 dissimulatione
811 1282 961 1316 tantum
988 1279 1087 1316 inter
1111 1279 1267 1317 viscera
1285 1279 1440 1316 latentis
1461 1278 1552 1316 mali

295 1335 500 1383 tegebant,
522 1344 610 1371 cum
628 1333 780 1371 ratione
800 1332 962 1371 scilicet.
1002 1333 1196 1380 quaedam
1216 1332 1320 1370 enim
1340 1333 1554 1380 ignoranti-

295 1390 370 1427 bus
392 1388 522 1436 aegris
543 1387 720 1426 curanda
739 1392 848 1426 sunt:
870 1397 992 1426 causa
1009 1387 1140 1426 multis
1159 1387 1353 1425 moriendi
1368 1387 1440 1426 fuit
1453 1398 1557 1426 mor-

295 1444 388 1482 bum
408 1454 523 1481 suum
541 1453 676 1480 nosse.
948 1483 953 1485 ,

260 1505 280 1538 1
375 1498 475 1536 ΧΙΧ.
505 1497 654 1545 Recipe
673 1502 711 1535 te
731 1497 783 1535 ad
801 1496 900 1535 haec
918 1495 1200 1545 tranquilliora,
1221 1496 1377 1543 tutiora,
1393 1496 1554 1534 maiora.

299 1553 433 1591 Simile
458 1558 500 1591 tu
528 1557 643 1600 putas
663 1561 774 1597 esse,
807 1556 937 1590 utrum
960 1561 1097 1597 cures,
1129 1555 1172 1589 ut
1190 1551 1456 1599 incorruptum
1478 1556 1516 1589 et
1533 1561 1557 1588 a

297 1607 438 1646 fraude
458 1606 735 1645 advehentium
754 1610 794 1644 et
808 1617 832 1644 a
846 1606 1095 1654 neglegentia
1108 1606 1344 1645 frumentum
1359 1606 1555 1644 transfun-

299 1663 412 1700 datur
432 1662 469 1699 in
490 1661 653 1708 horrea,
679 1671 728 1699 ne
748 1666 942 1709 concepto
961 1661 1127 1699 humore
1145 1661 1301 1699 vitietur
1319 1665 1358 1698 et
1376 1660 1554 1698 concale-

298 1721 459 1763 scat,<ut
477 1716 528 1754 ad
546 1725 771 1754 mensuram
795 1717 1035 1764 pondusque
1052 1715 1305 1764 respondeat,
1327 1725 1377 1752 an
1390 1714 1441 1752 ad
1456 1714 1556 1751 haec

300 1781 415 1810 sacra
434 1776 472 1809 et
492 1770 675 1808 sublimia
693 1771 1076 1817 accedassciturus,
1102 1780 1205 1818 quae
1225 1769 1388 1807 materia
1408 1768 1459 1806 sit
1479 1768 1553 1814 dis,

301 1835 404 1873 quae
427 1826 748 1885 voluptassquae
767 1824 960 1872 condicio,
983 1835 1086 1874 quae
1105 1826 1256 1863 forma?
1276 1823 1364 1871 quis
1385 1823 1555 1861 anImum

298 1886 411 1919 tuum
438 1890 556 1918 casus
577 1884 802 1928 exspectet,
828 1880 896 1918 ubi
916 1891 990 1918 nos
1010 1885 1049 1918 et
1068 1890 1091 1917 a
1109 1877 1345 1927 corporibus
1367 1877 1557 1916 dimissos

300 1940 440 1974 natura
460 1939 686 1983 conponat?
722 1934 816 1983 quid
837 1934 887 1973 sit
906 1935 1015 1983 quod
1033 1934 1148 1972 huius
1167 1932 1303 1971 mundi
1322 1932 1558 1980 gravissima

302 1999 485 2037 quaeque
512 1990 551 2027 in
578 1989 709 2028 medio
737 1988 947 2036 sustineat,
983 1999 1106 2036 supra
1127 1988 1227 2026 levia
1248 1987 1487 2034 suspendat,
1517 1986 1557 2023 in

303 2055 498 2082 summum
517 2044 647 2092 ignem
666 2045 784 2092 ferat,
805 2045 937 2082 sidera
955 2043 1107 2082 vicibus
1126 2042 1211 2080 suis
1230 2042 1400 2080 excitet?
1427 2045 1559 2079 cetera

260 2104 283 2138 2
304 2098 493 2146 deinceps
522 2099 745 2146 ingentibus
774 2099 891 2150 plena
908 2099 1118 2137 miraculis.
1156 2096 1228 2134 Vis
1253 2102 1292 2135 tu
1311 2097 1446 2134 relicto
1468 2094 1557 2134 solo

303 2157 432 2190 mente
451 2153 501 2191 ad
521 2153 597 2192 ista
614 2153 845 2201 respicere?
865 2164 982 2201 nunc,
1003 2153 1095 2191 dum
1111 2151 1212 2189 calet
1227 2151 1402 2199 sanguis,
1421 2149 1556 2197 vigen-

302 2207 407 2246 tibus
426 2208 478 2244 ad
496 2208 660 2246 meliora
679 2208 848 2246 eundum
870 2213 941 2247 est.
970 2207 1185 2254 Exspectat
1204 2210 1243 2243 te
1263 2206 1301 2243 in
1322 2205 1398 2244 hoc
1412 2214 1559 2252 genere

304 2261 410 2299 vitae·
426 2262 587 2299 multum
603 2262 797 2301 bonarum
819 2263 968 2310 artium,
989 2271 1098 2299 amor
1111 2261 1295 2298 virtutum
1311 2265 1428 2307 atque
1443 2269 1558 2303 usus,

306 2316 562 2364 cupiditatum
591 2317 757 2365 oblivio,
789 2317 950 2356 vivendi
975 2326 1022 2354 ac
1041 2315 1234 2354 moriendi
1259 2314 1445 2362 scientia,
1481 2313 1560 2351 alta
