<?xml version="1.0" encoding="UTF-8"?>
<!DOCTYPE html PUBLIC "-//W3C//DTD XHTML 1.0 Transitional//EN"
    "http://www.w3.org/TR/xhtml1/DTD/xhtml1-transitional.dtd">
<html xmlns="http://www.w3.org/1999/xhtml" xml:lang="en" lang="en">
 <head>
  <title>
</title>
<meta http-equiv="Content-Type" content="text/html;charset=utf-8" />
  <meta name='ocr-system' content='tesseract 3.04.00' />
  <meta name='ocr-capabilities' content='ocr_page ocr_carea ocr_par ocr_line ocrx_word'/>
</head>
<body>
  <div class='ocr_page' id='page_1' title='image "./operaquaesupersu01seneuoft/operaquaesupersu01seneuoft_0360.png"; bbox 0 0 1598 2606; ppageno 0'>
   <div class='ocr_carea' id='block_1_1' title="bbox 248 163 1134 208">
    <p class='ocr_par' dir='ltr' id='par_1_1' title="bbox 248 163 1134 208">
     <span class='ocr_line' id='line_1_1' title="bbox 248 163 1134 208; baseline -0.007 0"><span class='ocrx_word' id='word_1_1' title='bbox 248 166 303 208; x_wconf 83' lang='lat'><strong>34</strong></span> <span class='ocrx_word' id='word_1_2' title='bbox 620 165 663 204; x_wconf 93' lang='lat' dir='ltr'><strong>L.</strong></span> <span class='ocrx_word' id='word_1_3' title='bbox 691 163 880 203; x_wconf 81' lang='lat' dir='ltr'><strong>ANNAEI</strong></span> <span class='ocrx_word' id='word_1_4' title='bbox 909 163 1134 203; x_wconf 89' lang='lat' dir='ltr'><strong>SENECAE</strong></span> 
     </span>
    </p>
   </div>
   <div class='ocr_carea' id='block_1_2' title="bbox 203 263 1505 2328">
    <p class='ocr_par' dir='ltr' id='par_1_2' title="bbox 249 263 1504 314">
     <span class='ocr_line' id='line_1_2' title="bbox 249 263 1504 314; baseline -0.002 -8"><span class='ocrx_word' id='word_1_5' title='bbox 249 267 372 312; x_wconf 84' lang='lat' dir='ltr'><strong>tebat‚</strong></span> <span class='ocrx_word' id='word_1_6' title='bbox 403 265 578 314; x_wconf 80' lang='lat' dir='ltr'>excepit,</span> <span class='ocrx_word' id='word_1_7' title='bbox 608 263 643 303; x_wconf 89' lang='lat' dir='ltr'><strong>si</strong></span> <span class='ocrx_word' id='word_1_8' title='bbox 671 275 742 313; x_wconf 88' lang='lat' dir='ltr'><strong>per</strong></span> <span class='ocrx_word' id='word_1_9' title='bbox 768 264 898 313; x_wconf 89' lang='lat' dir='ltr'><strong>ipsum</strong></span> <span class='ocrx_word' id='word_1_10' title='bbox 918 275 1029 303; x_wconf 87' lang='lat' dir='ltr'><strong>mora</strong></span> <span class='ocrx_word' id='word_1_11' title='bbox 1047 276 1126 313; x_wconf 85' lang='lat' dir='ltr'><strong>quo</strong></span> <span class='ocrx_word' id='word_1_12' title='bbox 1146 265 1274 304; x_wconf 87' lang='lat' dir='ltr'><strong>minus</strong></span> <span class='ocrx_word' id='word_1_13' title='bbox 1294 265 1504 304; x_wconf 88' lang='lat' dir='ltr'><strong>remitteret</strong></span> 
     </span>
    </p>

    <p class='ocr_par' dir='ltr' id='par_1_3' title="bbox 212 319 1504 479">
     <span class='ocr_line' id='line_1_3' title="bbox 212 319 1504 368; baseline -0.002 -7"><span class='ocrx_word' id='word_1_14' title='bbox 212 330 235 365; x_wconf 82' lang='grc'><strong>3</strong></span> <span class='ocrx_word' id='word_1_15' title='bbox 252 333 328 361; x_wconf 89' lang='lat' dir='ltr'><strong>non</strong></span> <span class='ocrx_word' id='word_1_16' title='bbox 350 321 433 359; x_wconf 89' lang='lat' dir='ltr'><strong>l&#39;uit.</strong></span> <span class='ocrx_word' id='word_1_17' title='bbox 478 320 586 367; x_wconf 89' lang='lat' dir='ltr'><strong>„Sed</strong></span> <span class='ocrx_word' id='word_1_18' title='bbox 606 320 806 368; x_wconf 84' lang='lat' dir='ltr'><strong>quamvis,</strong></span> <span class='ocrx_word' id='word_1_19' title='bbox 834 319 976 367; x_wconf 89' lang='lat' dir='ltr'><strong>inquit,</strong></span> <span class='ocrx_word' id='word_1_20' title='bbox 1000 320 1072 358; x_wconf 83' lang='lat' dir='ltr'><strong>arti</strong></span> <span class='ocrx_word' id='word_1_21' title='bbox 1093 319 1260 359; x_wconf 90' lang='lat' dir='ltr'><strong>ludentis</strong></span> <span class='ocrx_word' id='word_1_22' title='bbox 1281 320 1372 358; x_wconf 91' lang='lat' dir='ltr'>nihil</span> <span class='ocrx_word' id='word_1_23' title='bbox 1390 321 1504 368; x_wconf 81' lang='lat' dir='ltr'><strong>desit,</strong></span> 
     </span>
     <span class='ocr_line' id='line_1_4' title="bbox 252 374 1503 425; baseline -0.002 -11"><span class='ocrx_word' id='word_1_24' title='bbox 252 377 345 425; x_wconf 86' lang='lat' dir='ltr'><strong>quia</strong></span> <span class='ocrx_word' id='word_1_25' title='bbox 366 379 514 424; x_wconf 84' lang='lat' dir='ltr'><strong>partem</strong></span> <span class='ocrx_word' id='word_1_26' title='bbox 539 374 698 422; x_wconf 80' lang='lat' dir='ltr'><strong>quidem</strong></span> <span class='ocrx_word' id='word_1_27' title='bbox 718 374 828 417; x_wconf 84' lang='lat' dir='ltr'><strong>fecit,</strong></span> <span class='ocrx_word' id='word_1_28' title='bbox 859 374 932 412; x_wconf 90' lang='lat' dir='ltr'><strong>sed</strong></span> <span class='ocrx_word' id='word_1_29' title='bbox 953 378 990 412; x_wconf 91' lang='lat' dir='ltr'><strong>et</strong></span> <span class='ocrx_word' id='word_1_30' title='bbox 1008 378 1158 422; x_wconf 84' lang='lat' dir='ltr'><strong>partem</strong></span> <span class='ocrx_word' id='word_1_31' title='bbox 1175 386 1290 422; x_wconf 89' lang='lat' dir='ltr'><strong>quam</strong></span> <span class='ocrx_word' id='word_1_32' title='bbox 1306 386 1384 413; x_wconf 87' lang='lat' dir='ltr'><strong>non</strong></span> <span class='ocrx_word' id='word_1_33' title='bbox 1402 375 1503 422; x_wconf 83' lang='lat' dir='ltr'><strong>fecit,</strong></span> 
     </span>
     <span class='ocr_line' id='line_1_5' title="bbox 250 428 1503 479; baseline -0.001 -11"><span class='ocrx_word' id='word_1_34' title='bbox 250 435 382 479; x_wconf 88' lang='lat' dir='ltr'><strong>potest</strong></span> <span class='ocrx_word' id='word_1_35' title='bbox 401 431 549 474; x_wconf 79' lang='lat' dir='ltr'><strong>facere,</strong></span> <span class='ocrx_word' id='word_1_36' title='bbox 581 430 694 466; x_wconf 88' lang='lat' dir='ltr'><strong>lusus</strong></span> <span class='ocrx_word' id='word_1_37' title='bbox 714 428 802 476; x_wconf 87' lang='lat' dir='ltr'><strong>ipse</strong></span> <span class='ocrx_word' id='word_1_38' title='bbox 818 429 1058 476; x_wconf 76' lang='lat' dir='ltr'><strong>inperfectus</strong></span> <span class='ocrx_word' id='word_1_39' title='bbox 1074 433 1154 475; x_wconf 91' lang='lat' dir='ltr'><strong>est,</strong></span> <span class='ocrx_word' id='word_1_40' title='bbox 1175 429 1241 477; x_wconf 86' lang='lat' dir='ltr'><strong>qui</strong></span> <span class='ocrx_word' id='word_1_41' title='bbox 1257 439 1503 467; x_wconf 84' lang='lat' dir='ltr'><strong>consumma-</strong></span> 
     </span>
    </p>

    <p class='ocr_par' dir='ltr' id='par_1_4' title="bbox 211 482 1504 796">
     <span class='ocr_line' id='line_1_6' title="bbox 211 482 1502 526; baseline -0.003 0"><span class='ocrx_word' id='word_1_42' title='bbox 211 493 234 526; x_wconf 64' lang='lat' dir='ltr'><strong>·&#39;ff</strong></span> <span class='ocrx_word' id='word_1_43' title='bbox 250 491 312 524; x_wconf 87' lang='lat' dir='ltr'><strong>tur</strong></span> <span class='ocrx_word' id='word_1_44' title='bbox 333 482 485 523; x_wconf 82' lang='lat' dir='ltr'><strong>&#39;vicibus</strong></span> <span class='ocrx_word' id='word_1_45' title='bbox 504 482 682 522; x_wconf 87' lang='lat' dir='ltr'><strong>mittendi</strong></span> <span class='ocrx_word' id='word_1_46' title='bbox 701 493 747 521; x_wconf 87' lang='lat' dir='ltr'><strong>ac</strong></span> <span class='ocrx_word' id='word_1_47' title='bbox 766 483 1026 522; x_wconf 85' lang='lat' dir='ltr'><strong>remittendi.“</strong></span> <span class='ocrx_word' id='word_1_48' title='bbox 1068 483 1166 522; x_wconf 90' lang='lat' dir='ltr'><strong>Nolo</strong></span> <span class='ocrx_word' id='word_1_49' title='bbox 1187 483 1333 522; x_wconf 90' lang='lat' dir='ltr'><strong>diutius</strong></span> <span class='ocrx_word' id='word_1_50' title='bbox 1351 484 1426 523; x_wconf 93' lang='lat' dir='ltr'><strong>hoc</strong></span> <span class='ocrx_word' id='word_1_51' title='bbox 1442 494 1502 522; x_wconf 90' lang='lat' dir='ltr'><strong>re-</strong></span> 
     </span>
     <span class='ocr_line' id='line_1_7' title="bbox 247 537 1500 586; baseline -0.002 -8"><span class='ocrx_word' id='word_1_52' title='bbox 247 540 394 578; x_wconf 80' lang='lat' dir='ltr'><strong>fellere.</strong></span> <span class='ocrx_word' id='word_1_53' title='bbox 436 538 705 576; x_wconf 81' lang='lat' dir='ltr'><strong>existimemus</strong></span> <span class='ocrx_word' id='word_1_54' title='bbox 734 538 786 576; x_wconf 86' lang='lat' dir='ltr'><strong>ita</strong></span> <span class='ocrx_word' id='word_1_55' title='bbox 812 547 924 584; x_wconf 88' lang='lat' dir='ltr'><strong>esse,</strong></span> <span class='ocrx_word' id='word_1_56' title='bbox 960 537 1064 576; x_wconf 85' lang='lat' dir='ltr'><strong>desit</strong></span> <span class='ocrx_word' id='word_1_57' title='bbox 1089 538 1236 586; x_wconf 85' lang='lat' dir='ltr'><strong>aliquid</strong></span> <span class='ocrx_word' id='word_1_58' title='bbox 1261 538 1386 586; x_wconf 89' lang='lat' dir='ltr'><strong>lusui,</strong></span> <span class='ocrx_word' id='word_1_59' title='bbox 1422 550 1500 577; x_wconf 92' lang='lat' dir='ltr'><strong>non</strong></span> 
     </span>
     <span class='ocr_line' id='line_1_8' title="bbox 247 591 1503 641; baseline -0.002 -9"><span class='ocrx_word' id='word_1_60' title='bbox 247 593 391 633; x_wconf 80' lang='lat' dir='ltr'><strong>lusori:</strong></span> <span class='ocrx_word' id='word_1_61' title='bbox 420 591 480 632; x_wconf 80' lang='lat' dir='ltr'><strong>sic</strong></span> <span class='ocrx_word' id='word_1_62' title='bbox 507 598 546 630; x_wconf 90' lang='lat' dir='ltr'><strong>et</strong></span> <span class='ocrx_word' id='word_1_63' title='bbox 571 591 609 630; x_wconf 90' lang='lat' dir='ltr'><strong>in</strong></span> <span class='ocrx_word' id='word_1_64' title='bbox 630 591 726 639; x_wconf 91' lang='lat' dir='ltr'><strong>hoc,</strong></span> <span class='ocrx_word' id='word_1_65' title='bbox 756 593 806 630; x_wconf 90' lang='lat' dir='ltr'><strong>de</strong></span> <span class='ocrx_word' id='word_1_66' title='bbox 827 603 905 640; x_wconf 90' lang='lat' dir='ltr'><strong>quo</strong></span> <span class='ocrx_word' id='word_1_67' title='bbox 926 591 1194 640; x_wconf 82' lang='lat' dir='ltr'><strong>disputamus,</strong></span> <span class='ocrx_word' id='word_1_68' title='bbox 1223 593 1336 631; x_wconf 86' lang='lat' dir='ltr'><strong>deest</strong></span> <span class='ocrx_word' id='word_1_69' title='bbox 1355 593 1503 641; x_wconf 88' lang='lat' dir='ltr'><strong>aliquid</strong></span> 
     </span>
     <span class='ocr_line' id='line_1_9' title="bbox 245 646 1502 695; baseline -0.001 -9"><span class='ocrx_word' id='word_1_70' title='bbox 245 649 301 686; x_wconf 90' lang='lat' dir='ltr'><strong>rei</strong></span> <span class='ocrx_word' id='word_1_71' title='bbox 323 649 455 695; x_wconf 83' lang='lat' dir='ltr'><strong>datae,</strong></span> <span class='ocrx_word' id='word_1_72' title='bbox 483 647 545 686; x_wconf 92' lang='lat' dir='ltr'><strong>cui</strong></span> <span class='ocrx_word' id='word_1_73' title='bbox 565 657 638 695; x_wconf 83' lang='lat' dir='ltr'><strong>par</strong></span> <span class='ocrx_word' id='word_1_74' title='bbox 656 647 733 684; x_wconf 83' lang='lat' dir='ltr'><strong>alia</strong></span> <span class='ocrx_word' id='word_1_75' title='bbox 752 646 928 693; x_wconf 87' lang='lat' dir='ltr'><strong>debetur,</strong></span> <span class='ocrx_word' id='word_1_76' title='bbox 958 657 1034 685; x_wconf 91' lang='lat' dir='ltr'><strong>non</strong></span> <span class='ocrx_word' id='word_1_77' title='bbox 1056 646 1198 685; x_wconf 86' lang='lat' dir='ltr'><strong>animo.</strong></span> <span class='ocrx_word' id='word_1_78' title='bbox 1242 647 1314 694; x_wconf 83' lang='lat' dir='ltr'><strong>Qui</strong></span> <span class='ocrx_word' id='word_1_79' title='bbox 1333 647 1502 686; x_wconf 87' lang='lat' dir='ltr'><strong>animum</strong></span> 
     </span>
     <span class='ocr_line' id='line_1_10' title="bbox 246 701 1504 751; baseline -0.001 -10"><span class='ocrx_word' id='word_1_80' title='bbox 246 713 382 751; x_wconf 84' lang='lat' dir='ltr'><strong>parem</strong></span> <span class='ocrx_word' id='word_1_81' title='bbox 409 702 484 741; x_wconf 85' lang='lat' dir='ltr'><strong>sibi</strong></span> <span class='ocrx_word' id='word_1_82' title='bbox 513 706 653 739; x_wconf 87' lang='lat' dir='ltr'><strong>nactus</strong></span> <span class='ocrx_word' id='word_1_83' title='bbox 681 706 761 748; x_wconf 91' lang='lat' dir='ltr'><strong>est,</strong></span> <span class='ocrx_word' id='word_1_84' title='bbox 792 707 978 749; x_wconf 88' lang='lat' dir='ltr'><strong>quantum</strong></span> <span class='ocrx_word' id='word_1_85' title='bbox 998 701 1035 738; x_wconf 90' lang='lat' dir='ltr'><strong>in</strong></span> <span class='ocrx_word' id='word_1_86' title='bbox 1056 701 1122 739; x_wconf 91' lang='lat' dir='ltr'><strong>illo</strong></span> <span class='ocrx_word' id='word_1_87' title='bbox 1143 706 1223 748; x_wconf 87' lang='lat' dir='ltr'><strong>est,</strong></span> <span class='ocrx_word' id='word_1_88' title='bbox 1253 702 1361 748; x_wconf 83' lang='lat' dir='ltr'><strong>quod</strong></span> <span class='ocrx_word' id='word_1_89' title='bbox 1381 702 1504 740; x_wconf 88' lang='lat' dir='ltr'><strong>voluit</strong></span> 
     </span>
     <span class='ocr_line' id='line_1_11' title="bbox 246 757 389 796; baseline -0.014 0"><span class='ocrx_word' id='word_1_90' title='bbox 246 757 389 796; x_wconf 81' lang='lat' dir='ltr'><strong>effecit.</strong></span> 
     </span>
    </p>

    <p class='ocr_par' dir='ltr' id='par_1_5' title="bbox 210 808 1505 1024">
     <span class='ocr_line' id='line_1_12' title="bbox 210 808 1503 857; baseline -0.002 -8"><span class='ocrx_word' id='word_1_91' title='bbox 210 823 227 855; x_wconf 91' lang='lat'>1</span> <span class='ocrx_word' id='word_1_92' title='bbox 325 811 497 849; x_wconf 89' lang='lat' dir='ltr'><strong>XXXIII.</strong></span> <span class='ocrx_word' id='word_1_93' title='bbox 539 809 782 848; x_wconf 88' lang='lat' dir='ltr'><strong>Beneficium</strong></span> <span class='ocrx_word' id='word_1_94' title='bbox 814 808 909 847; x_wconf 85' lang='lat' dir='ltr'><strong>mihi</strong></span> <span class='ocrx_word' id='word_1_95' title='bbox 942 809 1074 857; x_wconf 84' lang='lat' dir='ltr'><strong>dedit,</strong></span> <span class='ocrx_word' id='word_1_96' title='bbox 1112 809 1249 857; x_wconf 88' lang='lat' dir='ltr'><strong>accepi</strong></span> <span class='ocrx_word' id='word_1_97' title='bbox 1283 820 1359 848; x_wconf 93' lang='lat' dir='ltr'><strong>non</strong></span> <span class='ocrx_word' id='word_1_98' title='bbox 1394 810 1503 848; x_wconf 89' lang='lat' dir='ltr'><strong>aliter</strong></span> 
     </span>
     <span class='ocr_line' id='line_1_13' title="bbox 247 863 1503 915; baseline -0.002 -11"><span class='ocrx_word' id='word_1_99' title='bbox 247 877 364 915; x_wconf 85' lang='lat' dir='ltr'><strong>quam</strong></span> <span class='ocrx_word' id='word_1_100' title='bbox 392 867 478 914; x_wconf 87' lang='lat' dir='ltr'><strong>ipse</strong></span> <span class='ocrx_word' id='word_1_101' title='bbox 504 865 631 913; x_wconf 81' lang='lat' dir='ltr'><strong>accipi</strong></span> <span class='ocrx_word' id='word_1_102' title='bbox 661 864 800 903; x_wconf 85' lang='lat' dir='ltr'><strong>voluit:</strong></span> <span class='ocrx_word' id='word_1_103' title='bbox 838 864 914 902; x_wconf 86' lang='lat' dir='ltr'><strong>iam</strong></span> <span class='ocrx_word' id='word_1_104' title='bbox 939 863 1059 903; x_wconf 85' lang='lat' dir='ltr'><strong>habet</strong></span> <span class='ocrx_word' id='word_1_105' title='bbox 1085 864 1192 912; x_wconf 88' lang='lat' dir='ltr'><strong>quod</strong></span> <span class='ocrx_word' id='word_1_106' title='bbox 1222 865 1315 911; x_wconf 89' lang='lat' dir='ltr'><strong>petit</strong></span> <span class='ocrx_word' id='word_1_107' title='bbox 1337 868 1375 902; x_wconf 91' lang='lat' dir='ltr'><strong>et</strong></span> <span class='ocrx_word' id='word_1_108' title='bbox 1395 865 1503 912; x_wconf 88' lang='lat' dir='ltr'><strong>quod</strong></span> 
     </span>
     <span class='ocr_line' id='line_1_14' title="bbox 244 918 1505 969; baseline -0.001 -11"><span class='ocrx_word' id='word_1_109' title='bbox 244 931 364 959; x_wconf 89' lang='lat' dir='ltr'><strong>unum</strong></span> <span class='ocrx_word' id='word_1_110' title='bbox 384 921 498 969; x_wconf 88' lang='lat' dir='ltr'><strong>petit,</strong></span> <span class='ocrx_word' id='word_1_111' title='bbox 528 930 622 967; x_wconf 84' lang='lat' dir='ltr'><strong>ergo</strong></span> <span class='ocrx_word' id='word_1_112' title='bbox 643 924 777 967; x_wconf 80' lang='lat' dir='ltr'><strong>gratus</strong></span> <span class='ocrx_word' id='word_1_113' title='bbox 797 929 896 957; x_wconf 91' lang='lat' dir='ltr'><strong>sum.</strong></span> <span class='ocrx_word' id='word_1_114' title='bbox 938 918 1033 956; x_wconf 84' lang='lat' dir='ltr'><strong>Post</strong></span> <span class='ocrx_word' id='word_1_115' title='bbox 1051 919 1149 956; x_wconf 91' lang='lat' dir='ltr'><strong>haec</strong></span> <span class='ocrx_word' id='word_1_116' title='bbox 1168 929 1266 956; x_wconf 88' lang='lat' dir='ltr'><strong>usus</strong></span> <span class='ocrx_word' id='word_1_117' title='bbox 1289 919 1362 956; x_wconf 90' lang='lat' dir='ltr'><strong>mei</strong></span> <span class='ocrx_word' id='word_1_118' title='bbox 1384 923 1505 957; x_wconf 80' lang='lat' dir='ltr'><strong>restat</strong></span> 
     </span>
     <span class='ocr_line' id='line_1_15' title="bbox 244 971 1503 1024; baseline -0.002 -11"><span class='ocrx_word' id='word_1_119' title='bbox 244 980 282 1013; x_wconf 89' lang='lat' dir='ltr'><strong>et</strong></span> <span class='ocrx_word' id='word_1_120' title='bbox 301 975 464 1024; x_wconf 81' lang='lat' dir='ltr'><strong>aliquod</strong></span> <span class='ocrx_word' id='word_1_121' title='bbox 485 985 535 1012; x_wconf 87' lang='lat' dir='ltr'><strong>ex</strong></span> <span class='ocrx_word' id='word_1_122' title='bbox 554 974 712 1012; x_wconf 87' lang='lat' dir='ltr'><strong>homine</strong></span> <span class='ocrx_word' id='word_1_123' title='bbox 733 978 844 1021; x_wconf 81' lang='lat' dir='ltr'><strong>grato</strong></span> <span class='ocrx_word' id='word_1_124' title='bbox 865 971 1127 1011; x_wconf 86' lang='lat' dir='ltr'><strong>commodum.</strong></span> <span class='ocrx_word' id='word_1_125' title='bbox 1169 974 1255 1012; x_wconf 93' lang='lat' dir='ltr'><strong>Hoc</strong></span> <span class='ocrx_word' id='word_1_126' title='bbox 1276 984 1353 1011; x_wconf 93' lang='lat' dir='ltr'><strong>non</strong></span> <span class='ocrx_word' id='word_1_127' title='bbox 1374 973 1503 1021; x_wconf 90' lang='lat' dir='ltr'><strong>inper-</strong></span> 
     </span>
    </p>

    <p class='ocr_par' dir='ltr' id='par_1_6' title="bbox 206 1026 1504 1404">
     <span class='ocr_line' id='line_1_16' title="bbox 206 1026 1504 1076; baseline -0.002 -9"><span class='ocrx_word' id='word_1_128' title='bbox 206 1040 227 1072; x_wconf 80' lang='lat'><strong>2</strong></span> <span class='ocrx_word' id='word_1_129' title='bbox 245 1030 334 1067; x_wconf 83' lang='lat' dir='ltr'><strong>fecti</strong></span> <span class='ocrx_word' id='word_1_130' title='bbox 355 1029 476 1069; x_wconf 84' lang='lat' dir='ltr'><strong>osticii</strong></span> <span class='ocrx_word' id='word_1_131' title='bbox 496 1029 648 1076; x_wconf 88' lang='lat' dir='ltr'><strong>reliqua</strong></span> <span class='ocrx_word' id='word_1_132' title='bbox 669 1039 761 1075; x_wconf 84' lang='lat' dir='ltr'><strong>pars</strong></span> <span class='ocrx_word' id='word_1_133' title='bbox 782 1031 863 1074; x_wconf 89' lang='lat' dir='ltr'><strong>est,</strong></span> <span class='ocrx_word' id='word_1_134' title='bbox 889 1027 961 1065; x_wconf 90' lang='lat' dir='ltr'><strong>sed</strong></span> <span class='ocrx_word' id='word_1_135' title='bbox 981 1026 1146 1075; x_wconf 80' lang='lat' dir='ltr'><strong>perfecti</strong></span> <span class='ocrx_word' id='word_1_136' title='bbox 1165 1028 1358 1066; x_wconf 83' lang='lat' dir='ltr'><strong>accessio.</strong></span> <span class='ocrx_word' id='word_1_137' title='bbox 1395 1027 1504 1066; x_wconf 84' lang='lat' dir='ltr'><strong>Facit</strong></span> 
     </span>
     <span class='ocr_line' id='line_1_17' title="bbox 242 1081 1501 1128; baseline -0.003 -7"><span class='ocrx_word' id='word_1_138' title='bbox 242 1083 400 1122; x_wconf 83' lang='lat' dir='ltr'><strong>Phidias</strong></span> <span class='ocrx_word' id='word_1_139' title='bbox 428 1089 615 1121; x_wconf 83' lang='lat' dir='ltr'><strong>statuam:</strong></span> <span class='ocrx_word' id='word_1_140' title='bbox 654 1081 755 1120; x_wconf 81' lang='lat' dir='ltr'><strong>alius</strong></span> <span class='ocrx_word' id='word_1_141' title='bbox 783 1086 844 1119; x_wconf 91' lang='lat' dir='ltr'><strong>est</strong></span> <span class='ocrx_word' id='word_1_142' title='bbox 873 1082 1020 1119; x_wconf 77' lang='lat' dir='ltr'><strong>fructus</strong></span> <span class='ocrx_word' id='word_1_143' title='bbox 1050 1082 1163 1128; x_wconf 81' lang='lat' dir='ltr'><strong>artis,</strong></span> <span class='ocrx_word' id='word_1_144' title='bbox 1201 1082 1302 1120; x_wconf 89' lang='lat' dir='ltr'><strong>alius</strong></span> <span class='ocrx_word' id='word_1_145' title='bbox 1329 1082 1501 1120; x_wconf 72' lang='lat' dir='ltr'><strong>artificii:</strong></span> 
     </span>
     <span class='ocr_line' id='line_1_18' title="bbox 242 1135 1501 1184; baseline -0.001 -9"><span class='ocrx_word' id='word_1_146' title='bbox 242 1139 336 1176; x_wconf 89' lang='lat' dir='ltr'><strong>artis</strong></span> <span class='ocrx_word' id='word_1_147' title='bbox 365 1142 426 1176; x_wconf 90' lang='lat' dir='ltr'><strong>est</strong></span> <span class='ocrx_word' id='word_1_148' title='bbox 449 1136 595 1175; x_wconf 84' lang='lat' dir='ltr'><strong>fecisse</strong></span> <span class='ocrx_word' id='word_1_149' title='bbox 616 1137 723 1184; x_wconf 85' lang='lat' dir='ltr'><strong>quod</strong></span> <span class='ocrx_word' id='word_1_150' title='bbox 742 1136 883 1182; x_wconf 85' lang='lat' dir='ltr'><strong>voluit,</strong></span> <span class='ocrx_word' id='word_1_151' title='bbox 912 1135 1064 1173; x_wconf 80' lang='lat' dir='ltr'><strong>artificii</strong></span> <span class='ocrx_word' id='word_1_152' title='bbox 1085 1137 1230 1174; x_wconf 85' lang='lat' dir='ltr'><strong>fecisse</strong></span> <span class='ocrx_word' id='word_1_153' title='bbox 1250 1146 1338 1174; x_wconf 91' lang='lat' dir='ltr'><strong>cum</strong></span> <span class='ocrx_word' id='word_1_154' title='bbox 1361 1137 1501 1174; x_wconf 82' lang='lat' dir='ltr'><strong>fructu.</strong></span> 
     </span>
     <span class='ocr_line' id='line_1_19' title="bbox 244 1190 1502 1240; baseline -0.002 -10"><span class='ocrx_word' id='word_1_155' title='bbox 244 1192 410 1240; x_wconf 78' lang='lat' dir='ltr'><strong>perfecit</strong></span> <span class='ocrx_word' id='word_1_156' title='bbox 436 1202 538 1239; x_wconf 91' lang='lat' dir='ltr'><strong>opus</strong></span> <span class='ocrx_word' id='word_1_157' title='bbox 560 1202 674 1229; x_wconf 88' lang='lat' dir='ltr'><strong>suum</strong></span> <span class='ocrx_word' id='word_1_158' title='bbox 693 1190 872 1235; x_wconf 81' lang='lat' dir='ltr'><strong>Phidias,</strong></span> <span class='ocrx_word' id='word_1_159' title='bbox 903 1190 1056 1228; x_wconf 88' lang='lat' dir='ltr'><strong>etiamsi</strong></span> <span class='ocrx_word' id='word_1_160' title='bbox 1082 1201 1161 1228; x_wconf 92' lang='lat' dir='ltr'><strong>non</strong></span> <span class='ocrx_word' id='word_1_161' title='bbox 1190 1190 1378 1229; x_wconf 81' lang='lat' dir='ltr'><strong>vendidit.</strong></span> <span class='ocrx_word' id='word_1_162' title='bbox 1423 1191 1502 1228; x_wconf 89' lang='lat' dir='ltr'><strong>Tri-</strong></span> 
     </span>
     <span class='ocr_line' id='line_1_20' title="bbox 242 1243 1502 1295; baseline -0.002 -11"><span class='ocrx_word' id='word_1_163' title='bbox 242 1248 336 1295; x_wconf 87' lang='lat' dir='ltr'><strong>plex</strong></span> <span class='ocrx_word' id='word_1_164' title='bbox 363 1246 418 1284; x_wconf 92' lang='lat' dir='ltr'><strong>illi</strong></span> <span class='ocrx_word' id='word_1_165' title='bbox 445 1247 594 1284; x_wconf 79' lang='lat' dir='ltr'><strong>fructus</strong></span> <span class='ocrx_word' id='word_1_166' title='bbox 615 1250 677 1283; x_wconf 91' lang='lat' dir='ltr'><strong>est</strong></span> <span class='ocrx_word' id='word_1_167' title='bbox 699 1244 831 1292; x_wconf 89' lang='lat' dir='ltr'><strong>operis</strong></span> <span class='ocrx_word' id='word_1_168' title='bbox 853 1243 927 1282; x_wconf 85' lang='lat' dir='ltr'><strong>sui-</strong></span> <span class='ocrx_word' id='word_1_169' title='bbox 956 1255 1060 1283; x_wconf 89' lang='lat' dir='ltr'><strong>unus</strong></span> <span class='ocrx_word' id='word_1_170' title='bbox 1083 1245 1367 1283; x_wconf 88' lang='lat' dir='ltr'><strong>conscientiae:</strong></span> <span class='ocrx_word' id='word_1_171' title='bbox 1396 1244 1502 1282; x_wconf 89' lang='lat' dir='ltr'><strong>hunc</strong></span> 
     </span>
     <span class='ocr_line' id='line_1_21' title="bbox 243 1298 1499 1348; baseline -0.003 -8"><span class='ocrx_word' id='word_1_172' title='bbox 243 1301 426 1340; x_wconf 86' lang='lat' dir='ltr'><strong>absoluto</strong></span> <span class='ocrx_word' id='word_1_173' title='bbox 456 1310 578 1348; x_wconf 88' lang='lat' dir='ltr'><strong>opere</strong></span> <span class='ocrx_word' id='word_1_174' title='bbox 607 1299 785 1347; x_wconf 83' lang='lat' dir='ltr'><strong>percipit.</strong></span> <span class='ocrx_word' id='word_1_175' title='bbox 829 1299 927 1336; x_wconf 83' lang='lat' dir='ltr'><strong>alter</strong></span> <span class='ocrx_word' id='word_1_176' title='bbox 959 1300 1103 1344; x_wconf 80' lang='lat' dir='ltr'><strong>famae,</strong></span> <span class='ocrx_word' id='word_1_177' title='bbox 1141 1300 1278 1337; x_wconf 87' lang='lat' dir='ltr'><strong>tertius</strong></span> <span class='ocrx_word' id='word_1_178' title='bbox 1311 1298 1499 1344; x_wconf 78' lang='lat' dir='ltr'><strong>utilitatis,</strong></span> 
     </span>
     <span class='ocr_line' id='line_1_22' title="bbox 243 1353 1500 1404; baseline -0.002 -10"><span class='ocrx_word' id='word_1_179' title='bbox 243 1366 360 1404; x_wconf 86' lang='lat' dir='ltr'><strong>quem</strong></span> <span class='ocrx_word' id='word_1_180' title='bbox 380 1356 560 1394; x_wconf 84' lang='lat' dir='ltr'><strong>adlatura</strong></span> <span class='ocrx_word' id='word_1_181' title='bbox 579 1359 640 1392; x_wconf 89' lang='lat' dir='ltr'><strong>est</strong></span> <span class='ocrx_word' id='word_1_182' title='bbox 661 1358 727 1392; x_wconf 82' lang='lat' dir='ltr'><strong>aut</strong></span> <span class='ocrx_word' id='word_1_183' title='bbox 746 1354 871 1401; x_wconf 84' lang='lat' dir='ltr'><strong>gratia</strong></span> <span class='ocrx_word' id='word_1_184' title='bbox 889 1357 956 1391; x_wconf 85' lang='lat' dir='ltr'><strong>aut</strong></span> <span class='ocrx_word' id='word_1_185' title='bbox 976 1353 1146 1391; x_wconf 86' lang='lat' dir='ltr'><strong>venditio</strong></span> <span class='ocrx_word' id='word_1_186' title='bbox 1167 1359 1233 1391; x_wconf 84' lang='lat' dir='ltr'><strong>aut</strong></span> <span class='ocrx_word' id='word_1_187' title='bbox 1247 1354 1379 1401; x_wconf 82' lang='lat' dir='ltr'><strong>aliqua</strong></span> <span class='ocrx_word' id='word_1_188' title='bbox 1395 1364 1500 1391; x_wconf 87' lang='lat' dir='ltr'><strong>com-</strong></span> 
     </span>
    </p>

    <p class='ocr_par' dir='ltr' id='par_1_7' title="bbox 203 1407 1500 1786">
     <span class='ocr_line' id='line_1_23' title="bbox 203 1407 1499 1455; baseline -0.005 -4"><span class='ocrx_word' id='word_1_189' title='bbox 203 1418 225 1452; x_wconf 87' lang='lat'><strong>3</strong></span> <span class='ocrx_word' id='word_1_190' title='bbox 242 1411 423 1448; x_wconf 83' lang='lat' dir='ltr'><strong>moditas.</strong></span> <span class='ocrx_word' id='word_1_191' title='bbox 473 1409 538 1448; x_wconf 90' lang='lat' dir='ltr'><strong>Sic</strong></span> <span class='ocrx_word' id='word_1_192' title='bbox 566 1407 748 1446; x_wconf 88' lang='lat' dir='ltr'><strong>beneficii</strong></span> <span class='ocrx_word' id='word_1_193' title='bbox 775 1409 924 1445; x_wconf 80' lang='lat' dir='ltr'><strong>fructus</strong></span> <span class='ocrx_word' id='word_1_194' title='bbox 954 1408 1102 1455; x_wconf 86' lang='lat' dir='ltr'><strong>primus</strong></span> <span class='ocrx_word' id='word_1_195' title='bbox 1130 1409 1194 1445; x_wconf 91' lang='lat' dir='ltr'><strong>ille</strong></span> <span class='ocrx_word' id='word_1_196' title='bbox 1214 1413 1275 1446; x_wconf 89' lang='lat' dir='ltr'><strong>est</strong></span> <span class='ocrx_word' id='word_1_197' title='bbox 1295 1408 1499 1446; x_wconf 90' lang='lat' dir='ltr'><strong>conscien-</strong></span> 
     </span>
     <span class='ocr_line' id='line_1_24' title="bbox 241 1461 1499 1511; baseline -0.003 -8"><span class='ocrx_word' id='word_1_198' title='bbox 241 1466 329 1503; x_wconf 88' lang='lat' dir='ltr'><strong>tiae.</strong></span> <span class='ocrx_word' id='word_1_199' title='bbox 359 1464 463 1502; x_wconf 88' lang='lat' dir='ltr'><strong>hunc</strong></span> <span class='ocrx_word' id='word_1_200' title='bbox 488 1461 672 1511; x_wconf 78' lang='lat' dir='ltr'><strong>percipit,</strong></span> <span class='ocrx_word' id='word_1_201' title='bbox 702 1462 768 1510; x_wconf 87' lang='lat' dir='ltr'><strong>qui</strong></span> <span class='ocrx_word' id='word_1_202' title='bbox 789 1472 868 1509; x_wconf 91' lang='lat' dir='ltr'><strong>quo</strong></span> <span class='ocrx_word' id='word_1_203' title='bbox 890 1462 1013 1500; x_wconf 90' lang='lat' dir='ltr'><strong>voluit</strong></span> <span class='ocrx_word' id='word_1_204' title='bbox 1031 1473 1173 1500; x_wconf 87' lang='lat' dir='ltr'><strong>munus</strong></span> <span class='ocrx_word' id='word_1_205' title='bbox 1194 1473 1309 1500; x_wconf 79' lang='lat' dir='ltr'><strong>suum</strong></span> <span class='ocrx_word' id='word_1_206' title='bbox 1331 1462 1499 1510; x_wconf 87' lang='lat' dir='ltr'><strong>pertulit.</strong></span> 
     </span>
     <span class='ocr_line' id='line_1_25' title="bbox 241 1517 1500 1565; baseline -0.003 -7"><span class='ocrx_word' id='word_1_207' title='bbox 241 1520 443 1558; x_wconf 86' lang='lat' dir='ltr'><strong>secundus</strong></span> <span class='ocrx_word' id='word_1_208' title='bbox 469 1523 519 1565; x_wconf 84' lang='lat' dir='ltr'><strong>[et</strong></span> <span class='ocrx_word' id='word_1_209' title='bbox 535 1520 681 1563; x_wconf 80' lang='lat' dir='ltr'><strong>tertius]</strong></span> <span class='ocrx_word' id='word_1_210' title='bbox 702 1521 763 1555; x_wconf 89' lang='lat' dir='ltr'><strong>est</strong></span> <span class='ocrx_word' id='word_1_211' title='bbox 784 1520 837 1563; x_wconf 89' lang='lat' dir='ltr'><strong>[et</strong></span> <span class='ocrx_word' id='word_1_212' title='bbox 856 1517 982 1554; x_wconf 80' lang='lat' dir='ltr'><strong>famae</strong></span> <span class='ocrx_word' id='word_1_213' title='bbox 1003 1520 1053 1562; x_wconf 90' lang='lat' dir='ltr'><strong>et]</strong></span> <span class='ocrx_word' id='word_1_214' title='bbox 1076 1527 1232 1563; x_wconf 86' lang='lat' dir='ltr'><strong>eorum,</strong></span> <span class='ocrx_word' id='word_1_215' title='bbox 1265 1528 1367 1565; x_wconf 88' lang='lat' dir='ltr'><strong>quae</strong></span> <span class='ocrx_word' id='word_1_216' title='bbox 1389 1526 1500 1565; x_wconf 86' lang='lat' dir='ltr'><strong>prae-</strong></span> 
     </span>
     <span class='ocr_line' id='line_1_26' title="bbox 241 1570 1500 1621; baseline -0.003 -9"><span class='ocrx_word' id='word_1_217' title='bbox 241 1573 336 1612; x_wconf 86' lang='lat' dir='ltr'><strong>stari</strong></span> <span class='ocrx_word' id='word_1_218' title='bbox 355 1573 524 1612; x_wconf 89' lang='lat' dir='ltr'><strong>invicem</strong></span> <span class='ocrx_word' id='word_1_219' title='bbox 544 1577 732 1621; x_wconf 87' lang='lat' dir='ltr'><strong>possunt:</strong></span> <span class='ocrx_word' id='word_1_220' title='bbox 761 1571 895 1619; x_wconf 89' lang='lat' dir='ltr'><strong>itaque</strong></span> <span class='ocrx_word' id='word_1_221' title='bbox 917 1581 1006 1609; x_wconf 90' lang='lat' dir='ltr'><strong>cum</strong></span> <span class='ocrx_word' id='word_1_222' title='bbox 1021 1570 1192 1619; x_wconf 84' lang='lat' dir='ltr'><strong>benigne</strong></span> <span class='ocrx_word' id='word_1_223' title='bbox 1206 1577 1410 1619; x_wconf 86' lang='lat' dir='ltr'><strong>acceptum</strong></span> <span class='ocrx_word' id='word_1_224' title='bbox 1428 1575 1500 1616; x_wconf 90' lang='lat' dir='ltr'><strong>est,</strong></span> 
     </span>
     <span class='ocr_line' id='line_1_27' title="bbox 240 1625 1499 1675; baseline -0.002 -11"><span class='ocrx_word' id='word_1_225' title='bbox 240 1628 476 1666; x_wconf 85' lang='lat' dir='ltr'><strong>beneficium</strong></span> <span class='ocrx_word' id='word_1_226' title='bbox 504 1632 577 1665; x_wconf 91' lang='lat' dir='ltr'><strong>est.</strong></span> <span class='ocrx_word' id='word_1_227' title='bbox 620 1626 688 1675; x_wconf 85' lang='lat' dir='ltr'><strong>qui</strong></span> <span class='ocrx_word' id='word_1_228' title='bbox 715 1626 841 1673; x_wconf 88' lang='lat' dir='ltr'><strong>dedit,</strong></span> <span class='ocrx_word' id='word_1_229' title='bbox 871 1626 1034 1673; x_wconf 82' lang='lat' dir='ltr'><strong>gratiam</strong></span> <span class='ocrx_word' id='word_1_230' title='bbox 1057 1627 1214 1674; x_wconf 89' lang='lat' dir='ltr'><strong>quidem</strong></span> <span class='ocrx_word' id='word_1_231' title='bbox 1242 1626 1317 1663; x_wconf 87' lang='lat' dir='ltr'><strong>iam</strong></span> <span class='ocrx_word' id='word_1_232' title='bbox 1339 1625 1499 1673; x_wconf 89' lang='lat' dir='ltr'><strong>recepit,</strong></span> 
     </span>
     <span class='ocr_line' id='line_1_28' title="bbox 240 1680 1496 1728; baseline -0.003 -7"><span class='ocrx_word' id='word_1_233' title='bbox 240 1684 463 1721; x_wconf 85' lang='lat' dir='ltr'><strong>mercedem</strong></span> <span class='ocrx_word' id='word_1_234' title='bbox 481 1682 675 1720; x_wconf 85' lang='lat' dir='ltr'><strong>nondum:</strong></span> <span class='ocrx_word' id='word_1_235' title='bbox 698 1680 826 1719; x_wconf 88' lang='lat' dir='ltr'><strong>debeo</strong></span> <span class='ocrx_word' id='word_1_236' title='bbox 843 1680 995 1728; x_wconf 88' lang='lat' dir='ltr'><strong>itaque,</strong></span> <span class='ocrx_word' id='word_1_237' title='bbox 1017 1681 1125 1728; x_wconf 89' lang='lat' dir='ltr'><strong>quod</strong></span> <span class='ocrx_word' id='word_1_238' title='bbox 1141 1686 1251 1719; x_wconf 86' lang='lat' dir='ltr'><strong>extra</strong></span> <span class='ocrx_word' id='word_1_239' title='bbox 1265 1680 1496 1718; x_wconf 85' lang='lat' dir='ltr'><strong>beneficium</strong></span> 
     </span>
     <span class='ocr_line' id='line_1_29' title="bbox 242 1735 1242 1786; baseline -0.004 -10"><span class='ocrx_word' id='word_1_240' title='bbox 242 1743 321 1785; x_wconf 91' lang='lat' dir='ltr'><strong>est,</strong></span> <span class='ocrx_word' id='word_1_241' title='bbox 350 1737 480 1786; x_wconf 89' lang='lat' dir='ltr'><strong>ipsum</strong></span> <span class='ocrx_word' id='word_1_242' title='bbox 501 1737 658 1786; x_wconf 86' lang='lat' dir='ltr'><strong>quidem</strong></span> <span class='ocrx_word' id='word_1_243' title='bbox 678 1735 780 1772; x_wconf 88' lang='lat' dir='ltr'><strong>bene</strong></span> <span class='ocrx_word' id='word_1_244' title='bbox 799 1735 1032 1783; x_wconf 87' lang='lat' dir='ltr'><strong>accipiendo</strong></span> <span class='ocrx_word' id='word_1_245' title='bbox 1055 1735 1242 1783; x_wconf 88' lang='lat' dir='ltr'><strong>persolvi.</strong></span> 
     </span>
    </p>

    <p class='ocr_par' dir='ltr' id='par_1_8' title="bbox 206 1788 1499 2053">
     <span class='ocr_line' id='line_1_30' title="bbox 206 1788 1498 1838; baseline -0.004 -8"><span class='ocrx_word' id='word_1_246' title='bbox 206 1805 222 1836; x_wconf 90' lang='lat'>1</span> <span class='ocrx_word' id='word_1_247' title='bbox 322 1792 494 1830; x_wconf 90' lang='lat' dir='ltr'>XXXIV.</span> <span class='ocrx_word' id='word_1_248' title='bbox 524 1790 651 1838; x_wconf 86' lang='lat' dir='ltr'><strong>„Quid</strong></span> <span class='ocrx_word' id='word_1_249' title='bbox 674 1793 797 1836; x_wconf 68' lang='lat' dir='ltr'><strong>ergo?</strong></span> <span class='ocrx_word' id='word_1_250' title='bbox 821 1789 964 1837; x_wconf 88' lang='lat' dir='ltr'><strong>inquit,</strong></span> <span class='ocrx_word' id='word_1_251' title='bbox 993 1789 1122 1828; x_wconf 91' lang='lat' dir='ltr'><strong>retulit</strong></span> <span class='ocrx_word' id='word_1_252' title='bbox 1139 1789 1301 1837; x_wconf 79' lang='lat' dir='ltr'><strong>gratiam</strong></span> <span class='ocrx_word' id='word_1_253' title='bbox 1325 1789 1389 1837; x_wconf 87' lang='lat' dir='ltr'><strong>qui</strong></span> <span class='ocrx_word' id='word_1_254' title='bbox 1406 1788 1498 1826; x_wconf 87' lang='lat' dir='ltr'><strong>nihil</strong></span> 
     </span>
     <span class='ocr_line' id='line_1_31' title="bbox 241 1843 1497 1889; baseline -0.005 -4"><span class='ocrx_word' id='word_1_255' title='bbox 241 1846 392 1885; x_wconf 46' lang='grc' dir='ltr'><strong>Γεοίιῖίι</strong></span> <span class='ocrx_word' id='word_1_256' title='bbox 439 1846 610 1883; x_wconf 86' lang='lat' dir='ltr'><strong>Primum</strong></span> <span class='ocrx_word' id='word_1_257' title='bbox 639 1845 748 1883; x_wconf 79' lang='lat' dir='ltr'><strong>fecit:</strong></span> <span class='ocrx_word' id='word_1_258' title='bbox 785 1844 891 1882; x_wconf 89' lang='lat' dir='ltr'><strong>bono</strong></span> <span class='ocrx_word' id='word_1_259' title='bbox 919 1844 1048 1882; x_wconf 88' lang='lat' dir='ltr'><strong>animo</strong></span> <span class='ocrx_word' id='word_1_260' title='bbox 1077 1844 1223 1882; x_wconf 88' lang='lat' dir='ltr'><strong>bonum</strong></span> <span class='ocrx_word' id='word_1_261' title='bbox 1255 1843 1410 1889; x_wconf 84' lang='lat' dir='ltr'><strong>obtulit,</strong></span> <span class='ocrx_word' id='word_1_262' title='bbox 1447 1847 1497 1887; x_wconf 88' lang='lat' dir='ltr'><strong>et,</strong></span> 
     </span>
     <span class='ocr_line' id='line_1_32' title="bbox 241 1898 1498 1949; baseline -0.005 -10"><span class='ocrx_word' id='word_1_263' title='bbox 241 1902 349 1949; x_wconf 78' lang='lat' dir='ltr'><strong>quod</strong></span> <span class='ocrx_word' id='word_1_264' title='bbox 369 1906 430 1939; x_wconf 91' lang='lat' dir='ltr'><strong>est</strong></span> <span class='ocrx_word' id='word_1_265' title='bbox 458 1900 669 1946; x_wconf 70' lang='lat' dir='ltr'><strong>amiculae,</strong></span> <span class='ocrx_word' id='word_1_266' title='bbox 697 1910 748 1937; x_wconf 85' lang='lat' dir='ltr'><strong>ex</strong></span> <span class='ocrx_word' id='word_1_267' title='bbox 770 1909 912 1946; x_wconf 81' lang='lat' dir='ltr'><strong>aequo.</strong></span> <span class='ocrx_word' id='word_1_268' title='bbox 950 1904 1042 1946; x_wconf 88' lang='lat' dir='ltr'><strong>post</strong></span> <span class='ocrx_word' id='word_1_269' title='bbox 1061 1899 1203 1936; x_wconf 82' lang='lat' dir='ltr'><strong>delude</strong></span> <span class='ocrx_word' id='word_1_270' title='bbox 1222 1899 1332 1936; x_wconf 89' lang='lat' dir='ltr'><strong>aliter</strong></span> <span class='ocrx_word' id='word_1_271' title='bbox 1350 1898 1498 1935; x_wconf 87' lang='lat' dir='ltr'><strong>benefi-</strong></span> 
     </span>
     <span class='ocr_line' id='line_1_33' title="bbox 240 1953 1499 2001; baseline -0.005 -8"><span class='ocrx_word' id='word_1_272' title='bbox 240 1956 360 2001; x_wconf 90' lang='lat' dir='ltr'><strong>cium,</strong></span> <span class='ocrx_word' id='word_1_273' title='bbox 391 1956 502 1994; x_wconf 88' lang='lat' dir='ltr'><strong>aliter</strong></span> <span class='ocrx_word' id='word_1_274' title='bbox 528 1954 719 1993; x_wconf 87' lang='lat' dir='ltr'><strong>creditum</strong></span> <span class='ocrx_word' id='word_1_275' title='bbox 747 1953 933 1991; x_wconf 83' lang='lat' dir='ltr'><strong>solvitur:</strong></span> <span class='ocrx_word' id='word_1_276' title='bbox 964 1963 1043 1991; x_wconf 91' lang='lat' dir='ltr'><strong>non</strong></span> <span class='ocrx_word' id='word_1_277' title='bbox 1064 1957 1125 1991; x_wconf 85' lang='lat' dir='ltr'><strong>est</strong></span> <span class='ocrx_word' id='word_1_278' title='bbox 1147 1953 1255 2001; x_wconf 92' lang='lat' dir='ltr'><strong>quod</strong></span> <span class='ocrx_word' id='word_1_279' title='bbox 1274 1955 1499 1999; x_wconf 87' lang='lat' dir='ltr'><strong>exspectes,</strong></span> 
     </span>
     <span class='ocr_line' id='line_1_34' title="bbox 241 2005 1498 2053; baseline -0.003 -7"><span class='ocrx_word' id='word_1_280' title='bbox 241 2015 281 2047; x_wconf 83' lang='lat' dir='ltr'><strong>ut</strong></span> <span class='ocrx_word' id='word_1_281' title='bbox 313 2010 548 2048; x_wconf 89' lang='lat' dir='ltr'><strong>solutionem</strong></span> <span class='ocrx_word' id='word_1_282' title='bbox 580 2008 649 2047; x_wconf 86' lang='lat' dir='ltr'><strong>tibi</strong></span> <span class='ocrx_word' id='word_1_283' title='bbox 685 2008 912 2047; x_wconf 83' lang='lat' dir='ltr'><strong>ostendam:</strong></span> <span class='ocrx_word' id='word_1_284' title='bbox 949 2018 1014 2046; x_wconf 89' lang='lat' dir='ltr'><strong>res</strong></span> <span class='ocrx_word' id='word_1_285' title='bbox 1034 2008 1141 2045; x_wconf 73' lang='lat' dir='ltr'><strong>&#39;inter</strong></span> <span class='ocrx_word' id='word_1_286' title='bbox 1167 2008 1318 2044; x_wconf 87' lang='lat' dir='ltr'><strong>animos</strong></span> <span class='ocrx_word' id='word_1_287' title='bbox 1339 2005 1498 2053; x_wconf 87' lang='lat' dir='ltr'><strong>geritur.</strong></span> 
     </span>
    </p>

    <p class='ocr_par' dir='ltr' id='par_1_9' title="bbox 203 2060 1499 2328">
     <span class='ocr_line' id='line_1_35' title="bbox 203 2060 1499 2110; baseline -0.003 -9"><span class='ocrx_word' id='word_1_288' title='bbox 203 2073 224 2106; x_wconf 79' lang='lat'><strong>2</strong></span> <span class='ocrx_word' id='word_1_289' title='bbox 242 2064 353 2110; x_wconf 84' lang='lat' dir='ltr'><strong>Quod</strong></span> <span class='ocrx_word' id='word_1_290' title='bbox 382 2065 470 2102; x_wconf 90' lang='lat' dir='ltr'><strong>dico</strong></span> <span class='ocrx_word' id='word_1_291' title='bbox 498 2075 577 2102; x_wconf 91' lang='lat' dir='ltr'><strong>non</strong></span> <span class='ocrx_word' id='word_1_292' title='bbox 600 2063 796 2101; x_wconf 87' lang='lat' dir='ltr'><strong>videbitur</strong></span> <span class='ocrx_word' id='word_1_293' title='bbox 824 2062 984 2108; x_wconf 89' lang='lat' dir='ltr'><strong>durum,</strong></span> <span class='ocrx_word' id='word_1_294' title='bbox 1013 2062 1190 2110; x_wconf 82' lang='lat' dir='ltr'><strong>quamvis</strong></span> <span class='ocrx_word' id='word_1_295' title='bbox 1213 2060 1339 2109; x_wconf 91' lang='lat' dir='ltr'><strong>primo</strong></span> <span class='ocrx_word' id='word_1_296' title='bbox 1363 2066 1499 2098; x_wconf 85' lang='lat' dir='ltr'><strong>contra</strong></span> 
     </span>
     <span class='ocr_line' id='line_1_36' title="bbox 242 2115 1498 2166; baseline -0.003 -10"><span class='ocrx_word' id='word_1_297' title='bbox 242 2118 468 2166; x_wconf 90' lang='lat' dir='ltr'><strong>opinionem</strong></span> <span class='ocrx_word' id='word_1_298' title='bbox 495 2123 643 2166; x_wconf 80' lang='lat' dir='ltr'><strong>pugnet</strong></span> <span class='ocrx_word' id='word_1_299' title='bbox 662 2123 787 2164; x_wconf 84' lang='lat' dir='ltr'><strong>tuam,</strong></span> <span class='ocrx_word' id='word_1_300' title='bbox 816 2117 849 2155; x_wconf 91' lang='lat' dir='ltr'><strong>si</strong></span> <span class='ocrx_word' id='word_1_301' title='bbox 870 2122 908 2154; x_wconf 91' lang='lat' dir='ltr'><strong>te</strong></span> <span class='ocrx_word' id='word_1_302' title='bbox 927 2116 1239 2155; x_wconf 86' lang='lat' dir='ltr'><strong>commodaveris</strong></span> <span class='ocrx_word' id='word_1_303' title='bbox 1261 2115 1353 2153; x_wconf 90' lang='lat' dir='ltr'><strong>mihi</strong></span> <span class='ocrx_word' id='word_1_304' title='bbox 1373 2119 1411 2152; x_wconf 91' lang='lat' dir='ltr'><strong>et</strong></span> <span class='ocrx_word' id='word_1_305' title='bbox 1430 2124 1498 2153; x_wconf 85' lang='lat' dir='ltr'><strong>co-¹</strong></span> 
     </span>
     <span class='ocr_line' id='line_1_37' title="bbox 241 2169 1498 2221; baseline -0.002 -11"><span class='ocrx_word' id='word_1_306' title='bbox 241 2173 428 2220; x_wconf 82' lang='lat' dir='ltr'><strong>gitaveris</strong></span> <span class='ocrx_word' id='word_1_307' title='bbox 458 2175 593 2221; x_wconf 89' lang='lat' dir='ltr'><strong>plures</strong></span> <span class='ocrx_word' id='word_1_308' title='bbox 621 2182 712 2211; x_wconf 88' lang='lat' dir='ltr'><strong>esse</strong></span> <span class='ocrx_word' id='word_1_309' title='bbox 732 2182 797 2210; x_wconf 88' lang='lat' dir='ltr'><strong>res</strong></span> <span class='ocrx_word' id='word_1_310' title='bbox 819 2182 936 2219; x_wconf 82' lang='lat' dir='ltr'><strong>quam</strong></span> <span class='ocrx_word' id='word_1_311' title='bbox 960 2171 1091 2209; x_wconf 89' lang='lat' dir='ltr'><strong>verba.</strong></span> <span class='ocrx_word' id='word_1_312' title='bbox 1136 2171 1279 2217; x_wconf 83' lang='lat' dir='ltr'><strong>Ingens</strong></span> <span class='ocrx_word' id='word_1_313' title='bbox 1301 2169 1416 2218; x_wconf 85' lang='lat' dir='ltr'><strong>copia</strong></span> <span class='ocrx_word' id='word_1_314' title='bbox 1436 2173 1498 2207; x_wconf 89' lang='lat' dir='ltr'><strong>est</strong></span> 
     </span>
     <span class='ocr_line' id='line_1_38' title="bbox 240 2224 1495 2275; baseline -0.002 -11"><span class='ocrx_word' id='word_1_315' title='bbox 240 2237 372 2265; x_wconf 85' lang='lat' dir='ltr'><strong>rerum</strong></span> <span class='ocrx_word' id='word_1_316' title='bbox 401 2228 486 2265; x_wconf 88' lang='lat' dir='ltr'><strong>sine</strong></span> <span class='ocrx_word' id='word_1_317' title='bbox 517 2228 694 2274; x_wconf 88' lang='lat' dir='ltr'><strong>nomine,</strong></span> <span class='ocrx_word' id='word_1_318' title='bbox 729 2237 829 2275; x_wconf 85' lang='lat' dir='ltr'><strong>quas</strong></span> <span class='ocrx_word' id='word_1_319' title='bbox 865 2237 943 2264; x_wconf 91' lang='lat' dir='ltr'><strong>non</strong></span> <span class='ocrx_word' id='word_1_320' title='bbox 969 2224 1140 2273; x_wconf 86' lang='lat' dir='ltr'><strong>propriis</strong></span> <span class='ocrx_word' id='word_1_321' title='bbox 1168 2224 1495 2272; x_wconf 85' lang='lat' dir='ltr'><strong>adpellationibus</strong></span> 
     </span>
     <span class='ocr_line' id='line_1_39' title="bbox 241 2279 1495 2328; baseline -0.004 -8"><span class='ocrx_word' id='word_1_322' title='bbox 241 2286 422 2320; x_wconf 88' lang='lat' dir='ltr'><strong>notamus</strong></span> <span class='ocrx_word' id='word_1_323' title='bbox 451 2282 520 2319; x_wconf 90' lang='lat' dir='ltr'><strong>sed</strong></span> <span class='ocrx_word' id='word_1_324' title='bbox 552 2282 688 2320; x_wconf 87' lang='lat' dir='ltr'><strong>alienis</strong></span> <span class='ocrx_word' id='word_1_325' title='bbox 711 2280 1068 2328; x_wconf 84' lang='lat' dir='ltr'><strong>commodatisque=</strong></span> <span class='ocrx_word' id='word_1_326' title='bbox 1100 2279 1239 2327; x_wconf 87' lang='lat' dir='ltr'><strong>pedem</strong></span> <span class='ocrx_word' id='word_1_327' title='bbox 1263 2285 1300 2318; x_wconf 94' lang='lat' dir='ltr'><strong>et</strong></span> <span class='ocrx_word' id='word_1_328' title='bbox 1319 2283 1495 2318; x_wconf 89' lang='lat' dir='ltr'><strong>nostrum</strong></span> 
     </span>
    </p>
   </div>
  </div>
 </body>
</html>
