1592 2580
369 185 435 224 DE
463 182 744 224 BENEFICIIS
772 182 868 221 LIB.
883 183 934 221 V.
965 185 1136 223 16—19.
1313 178 1393 220 101

107 288 342 330 beneficium
359 292 433 326 est.
476 285 613 325 Grati
633 284 792 325 simus
812 283 1069 322 adversus
1089 282 1234 329 deos,
1264 282 1394 330 grati

108 346 360 384 adversus
402 342 656 389 homines,
699 339 832 389 grati
872 339 1127 378 adversus
1165 346 1273 385 eos,
1310 338 1394 386 qui

109 400 305 451 aliquid
342 399 492 438 nobis
529 397 913 446 praestiterunt.
958 394 1092 443 grati
1129 394 1280 433 etiam
1309 393 1393 431 ad—

106 465 286 495 versus
313 465 422 501 eos,
454 452 539 502 qui
566 451 762 491 nostris
791 451 1184 501 praestiterunt.

186 511 325 551 XVIII.
364 511 431 558 „In
461 509 656 547 infinitum
685 507 793 555 eius,
828 506 974 554 inquit,
1005 516 1071 544 me
1098 505 1275 554 obligas,
1306 514 1396 543 cum
1416 515 1434 548 1

104 567 207 606 dicis
239 573 286 605 et
312 565 520 605 nostris.
542 565 694 613 itaque
714 573 822 612 pone
841 561 1017 612 aliquem
1037 562 1171 602 finem.
1221 560 1294 608 Qui
1313 560 1396 598 filio
1458 588 1464 590 μ

105 622 342 662 heneficium
364 622 451 670 dat,
478 625 523 659 ut
539 619 662 666 dicis,
687 624 725 657 et
739 616 844 667 patri
859 618 946 657 eius
961 618 1042 657 dat.
1086 616 1260 655 Primum
1276 615 1396 662 unde,

66 683 208 728 1,1.,εῃῑιομ
241 687 407 727 quaero.
449 676 596 715 deinde
622 674 721 713 illud
739 674 879 722 utique
897 673 993 712 mihi
1015 673 1269 712 determinari
1288 671 1396 718 volo,

106 734 143 772 si
171 738 209 772 et
237 733 335 782 patri
364 732 604 771 beneficium
634 731 768 778 datur,
796 727 990 778 numquid
1010 735 1049 769 et
1075 732 1247 778 patruo?
1282 738 1395 766 num·

109 789 206 838 quid
227 795 265 828 et
286 793 391 827 avo?
415 787 609 836 numquid
627 786 744 824 uxori
765 790 803 823 et
822 790 997 824 socero?
1036 785 1110 824 Dic
1127 784 1223 822 mihi
1241 783 1311 822 ubi
1328 784 1395 821 de·
1412 791 1434 824 2

108 844 223 882 boam
244 845 450 891 desinere,
471 851 687 892 quousque
702 851 967 890 personarum
983 841 1129 880 seriem
1147 849 1308 890 sequar.
1355 837 1398 877 Si

109 910 246 948 agrum
275 904 383 938 tuum
408 899 590 946 noluero,
622 897 688 936 tibi
712 897 951 936 beneficium
973 897 1137 936 dedero.
1176 896 1211 935 si
1234 895 1398 935 domum

108 961 214 993 tuam
242 955 445 994 ardentem
465 954 691 994 restinxero
711 958 779 992 aut
798 963 849 990 ne
869 953 1056 992 concidat
1074 962 1276 1001 excepero
1289 982 1299 999 ,
1325 950 1396 989 tibi

110 1011 347 1049 beneficium
368 1010 494 1049 dabo:
524 1009 560 1049 si
581 1020 742 1048 servum
755 1014 868 1048 tuum
884 1018 1103 1056 sanavero,
1121 1018 1208 1047 non
1226 1007 1395 1046 habebis

108 1066 345 1105 beneficium
365 1068 560 1105 meum2“

189 1121 289 1160 XIX.
314 1122 536 1166 ,Dissimilia
551 1121 670 1170 ponis
685 1121 889 1170 exempla,
912 1119 1006 1169 quia
1023 1119 1092 1169 qui
1109 1129 1247 1168 agrum
1263 1128 1394 1158 meum
1415 1130 1431 1162 1

109 1177 220 1225 colit,
250 1187 347 1226 agro
368 1177 606 1215 beneficium
625 1188 706 1216 non
729 1177 815 1225 dat,
845 1176 920 1214 sed
939 1175 1047 1213 mihi.
1086 1179 1127 1214 et
1145 1174 1214 1224 qui
1234 1175 1396 1214 domum

108 1242 256 1279 meam,
289 1244 369 1282 quo
398 1232 529 1271 minus
556 1238 646 1272 ruat
671 1233 802 1279 fulcit,
833 1235 1010 1280 praestat
1034 1230 1151 1269 mihi:
1180 1231 1271 1279 ipsa
1291 1230 1396 1269 enirn

108 1288 250 1327 domus
272 1288 359 1327 sine
380 1299 506 1327 sensu
527 1293 601 1327 est.
636 1287 860 1327 debitorem
877 1297 942 1325 me
960 1287 1100 1334 habet,
1132 1287 1227 1336 quia
1245 1287 1397 1325 nullum

109 1343 239 1382 habet.
287 1348 325 1382 et
344 1344 411 1393 qui
432 1354 571 1394 agrum
589 1354 721 1382 meum
741 1343 855 1391 colit,
881 1353 962 1381 non
983 1342 1092 1381 illum
1105 1372 1115 1389 ,
1147 1342 1222 1381 sed
1242 1353 1306 1381 me
1328 1342 1395 1380 de-

107 1399 249 1437 mereri
270 1399 366 1438 vult.
412 1400 523 1438 Idem
542 1400 595 1438 de
613 1410 733 1439 servo
754 1400 898 1438 dicam.
934 1398 1011 1436 mei
1032 1398 1221 1446 mancipii
1239 1408 1307 1436 res
1323 1403 1396 1444 est,

107 1454 201 1492 mihi
222 1459 424 1493 servatur:
456 1455 549 1493 ideo
569 1465 643 1503 ego
666 1466 737 1504 pro
759 1455 826 1493 illo
848 1454 993 1492 debeo.
1027 1453 1150 1493 Filius
1171 1454 1260 1502 ipse
1275 1454 1396 1491 bene·
1412 1464 1434 1496 2

110 1509 188 1547 licii
216 1519 345 1558 capax
372 1514 455 1549 est:
490 1511 626 1559 itaque
650 1510 718 1549 ille
746 1510 910 1558 accipit,
940 1519 1016 1557 ego
1038 1508 1236 1547 beneficio
1257 1509 1395 1555 laetor,

109 1569 148 1602 ct
175 1566 403 1613 confingor,
433 1575 515 1604 non
542 1566 709 1614 obligor.
756 1567 887 1604 Velim
913 1569 1065 1612 tamen,
1095 1570 1138 1603 tu
1159 1563 1227 1613 qui
1248 1564 1397 1603 debere

109 1625 148 1658 te
167 1630 246 1659 non
270 1626 404 1669 putas,
435 1621 688 1669 respondeas
717 1621 832 1659 mihi:
862 1621 931 1659 filii
958 1621 1066 1659 bona
1086 1620 1281 1667 valitudo,
1311 1620 1395 1658 feli-

109 1675 227 1722 citas,
267 1676 541 1725 patrimonIum
570 1678 741 1725 pertinet
767 1676 818 1714 ad
847 1679 1030 1725 patrem?
1065 1675 1220 1715 felicior
1238 1676 1396 1714 futurus

109 1736 188 1777 est,
230 1732 263 1769 si
298 1733 452 1770 salvum
485 1732 608 1770 filium
635 1732 837 1779 habuerit,
875 1731 1090 1779 infelicior,
1129 1731 1165 1770 si
1193 1731 1398 1770 amiserit?

109 1785 209 1834 Quid
232 1791 357 1835 ergo?
388 1787 454 1836 qui
476 1792 515 1826 et
534 1787 687 1826 felicior
705 1787 750 1826 fit
769 1798 793 1826 a
808 1797 871 1826 me
887 1792 925 1826 et
939 1787 1182 1826 infelicitatis
1197 1787 1396 1826 maximae

108 1841 287 1891 periculo
309 1842 518 1889 liberatur,
545 1848 625 1883 non
642 1843 788 1892 accipit
805 1842 1075 1881 beneficium?
1101 1843 1234 1891 „N0n,
1255 1843 1394 1897 inquit.
1409 1854 1431 1888 3

109 1898 305 1946 quaedam
333 1898 438 1936 enim
464 1899 503 1936 in
534 1899 646 1937 alios·
664 1899 942 1945 conferuntur,
981 1899 1054 1937 sed
1080 1899 1132 1937 ad
1160 1909 1237 1938 nos
1263 1908 1395 1946 usque

109 1958 354 2001 permanant.
403 1953 453 1992 ab
483 1964 531 1992 eo
561 1958 691 1992 autem
716 1954 822 2002 exigi
842 1954 1021 2003 quidque
1041 1953 1180 2001 debet,
1208 1955 1246 1992 in
1276 1964 1394 2003 quem

108 2009 330 2057 confertur,
361 2010 465 2048 sicut
494 2010 664 2057 pecunia
690 2009 740 2048 ab
770 2019 819 2047 eo
849 2008 1005 2058 petitur,
1037 2010 1101 2048 eui
1135 2009 1286 2048 credita
1318 2014 1392 2056 est,

109 2065 292 2112 quamvis
314 2066 364 2103 ad
385 2075 448 2103 ine
468 2065 534 2103 illa
554 2066 688 2114 aliquo
709 2065 829 2104 modo
853 2064 1018 2103 venerit.
1063 2065 1223 2104 Nullum
1243 2065 1392 2104 benefi-

109 2119 211 2158 cium
232 2125 313 2168 est,
335 2121 449 2159 cuius
470 2121 723 2160 commodum
746 2131 827 2159 non
843 2125 882 2159 et
900 2121 1108 2169 proximos
1127 2125 1273 2170 tangat,
1293 2130 1391 2160 non·

109 2186 323 2223 numquam
344 2178 461 2215 etiam
482 2176 642 2225 longius
664 2176 834 2225 positos.
871 2187 951 2215 non
974 2177 1195 2225 quaeritur,
1225 2187 1306 2225 quo
1325 2176 1431 2216 ὕει-4

107 2230 292 2269 aeficium
313 2232 363 2270 ab
383 2243 445 2279 eo,
466 2233 529 2270 cui
547 2233 682 2270 datum
699 2236 771 2278 est,
785 2232 1067 2279 transferatur,
1088 2233 1160 2271 sed
1180 2231 1248 2271 ubi
1264 2233 1390 2282 primo

110 2286 360 2325 conlocetur:
389 2298 413 2326 a
431 2298 502 2326 reo
521 2288 590 2326 tibi
607 2287 697 2336 ipso
714 2292 754 2325 et
769 2297 792 2325 a
807 2287 938 2336 capite
952 2288 1136 2336 repetitio
1152 2291 1253 2327 est.“
1288 2288 1391 2336 Quid

109 2346 232 2390 ergo?
275 2353 347 2381 oro
374 2348 433 2391 tc,
464 2354 544 2382 non
574 2343 694 2381 dicis:
725 2341 849 2381 filium
876 2342 969 2381 mihi
998 2343 1154 2382 donasti
1182 2348 1239 2392 et,
1269 2345 1303 2382 si
1324 2344 1388 2382 hic
