1592 2580
304 144 370 183 DE
400 143 680 183 BENEFlCssS
709 144 888 184 LlB.V1.
917 149 1088 185 11—15.
1238 143 1318 185 115

39 260 150 288 mero
177 248 405 287 redemero:
433 245 528 284 nihil
556 246 723 285 debebis
742 246 856 294 mihi,
889 257 979 286 cum
998 252 1037 286 te
1057 247 1249 286 servitute
1271 258 1318 286 ac

41 305 207 344 vinculis
225 303 476 342 liberavero?
504 303 612 350 atqui
632 313 722 341 mea
741 303 782 341 id
798 313 921 341 causa
942 303 1125 342 faciam.“
1162 303 1315 342 Adver—
1334 307 1357 341 4

40 371 112 400 sus
138 360 216 399 hoc
243 359 523 408 respondebo:
562 358 713 406 aliquid
740 358 829 397 istic
857 363 925 397 tua
951 369 1076 397 causa
1103 358 1224 406 facis,
1249 359 1319 398 ali-

40 416 137 466 quid
153 425 261 454 mea:
287 420 367 462 tua,
389 414 499 464 quod
515 414 690 453 redimis.
718 413 788 453 tibi
804 415 907 452 enim
924 415 976 453 ad
992 415 1197 454 utilitatem
1214 419 1320 453 tuam

37 471 136 512 satis
158 476 220 510 est
240 471 442 520 quoslibet
461 470 696 508 redemisse.
727 470 862 519 itaque
880 469 1010 509 debeo
1032 481 1112 509 non
1130 471 1242 519 quod
1256 481 1319 510 re·
1340 511 1342 515 ,

37 527 154 567 dimis
182 538 264 575 me,
304 527 378 565 sed
409 526 519 575 quod
539 526 665 574 eligis.
706 530 867 574 poteras
888 526 991 564 enirn
1013 532 1052 566 et
1071 526 1236 566 alterius
1256 537 1318 565 re-

37 584 265 632 demptione
291 583 397 621 idem
425 584 620 630 consequi
641 582 748 630 quod
769 593 870 620 mea.
916 582 1128 622 Utilitatem
1147 581 1208 622 rei
1227 593 1317 631 par·

37 640 120 678 tiris
147 649 304 678 mecum
325 643 365 677 et
383 648 446 676 me
471 639 509 676 in
531 638 766 676 beneficium
786 638 936 687 recipis
957 638 1116 678 duobus
1136 639 1316 687 profutu-

35 706 136 734 rum.
186 695 366 744 praefers
400 704 463 732 me
498 693 612 732 aliis:
657 693 734 733 hoc
766 698 893 732 totum
924 705 1014 733 mea
1047 705 1172 733 causa
1204 694 1318 734 facis.

36 752 176 800 ltaque
207 751 241 789 si
268 756 495 799 praetorem
523 755 562 788 te
590 749 744 787 factura
769 753 880 788 esset
907 750 1046 789 decem
1069 750 1355 799 captivorums)

35 807 282 855 redemptio,
308 807 447 844 decem
468 810 601 844 autem
621 806 696 845 soli
716 806 863 854 captivi
881 815 1087 852 essemus,
1116 817 1233 845 nemo
1250 806 1320 845 tibi

39 863 254 912 quicquam
275 862 439 901 deberet
459 872 510 900 ex
530 861 660 909 nobis,
686 861 779 910 quia
797 861 892 899 nihil
907 861 1093 909 haberes,
1108 862 1217 911 quod
1237 863 1318 900 cui-

3 963 5 968 ,
38 929 158 967 quam
183 919 391 966 inputares
419 929 444 956 a
463 922 532 956 tua
550 917 717 956 utilitate
737 918 960 956 seductum.
1001 919 1088 958 Non
1111 929 1200 957 sum
1219 918 1318 956 invi-

0 983 5 1027 s
37 975 114 1013 dus
142 973 329 1013 beneficii
355 973 553 1023 interpres
581 983 656 1011 nec
683 973 871 1012 desidero
906 973 1000 1012 illud
1039 973 1136 1012 mihi
1169 977 1319 1012 tantum

0 1040 3 1075 t
37 1030 142 1077 dari,
172 1030 247 1068 sed
266 1029 429 1068 etmihi.

0 1081 2 1091 '
118 1085 222 1123 XIV.
249 1084 382 1134 „Quid
400 1095 518 1133 ergo,
545 1085 691 1133 inquit,
719 1084 754 1122 si
773 1085 813 1122 in
835 1091 982 1124 sortem
1004 1085 1166 1123 nomina
1187 1091 1319 1123 vestra
1341 1095 1354 1126 1

0 1186 1 1191 Ἰ
37 1140 166 1180 conici
183 1141 393 1179 iussissem
414 1147 454 1179 et
473 1146 582 1179 tuum
601 1151 746 1178 nomen
761 1141 865 1179 inter
878 1140 1136 1179 redimendos
1154 1140 1318 1186 exisset,

36 1197 132 1235 nihil
153 1197 322 1235 deberes
342 1196 499 1235 mihi?“
529 1197 648 1234 immo
665 1196 874 1243 deberem,
901 1197 975 1234 sed
989 1197 1191 1244 exiguum.
1222 1197 1319 1245 quid

35 1252 88 1292 sit
114 1252 191 1291 hoc
221 1252 364 1291 dicam.
410 1252 576 1301 Aliquid
603 1252 692 1291 istic
717 1262 808 1290 mea
827 1262 952 1290 causa
972 1252 1092 1299 facis,
1124 1253 1232 1301 quod
1255 1263 1318 1290 me
1334 1262 1357 1294 2

35 1309 88 1347 ad
115 1309 312 1347 fortunam
338 1307 626 1357 redemptionis
653 1307 849 1346 admittis:
881 1308 992 1356 quod
1020 1318 1166 1346 nomen
1186 1318 1317 1346 meum

36 1364 151 1411 exiit,
181 1365 280 1404 sorti
310 1363 459 1411 debeo,
498 1364 607 1413 quod
627 1364 738 1402 exire
758 1362 906 1412 potuit,
933 1362 1017 1402 tibi.
1055 1363 1205 1402 aditum
1224 1363 1318 1402 mihi

36 1420 89 1458 ad
115 1419 352 1458 beneficium
380 1424 492 1458 tuum
520 1419 682 1466 dedisti,
710 1419 823 1457 cuius
850 1418 1040 1457 maiorem
1065 1425 1218 1467 partem
1238 1420 1319 1458 for-

35 1481 158 1514 tunae
183 1475 332 1521 debeo,
365 1475 441 1514 sed
467 1475 544 1514 boc
565 1475 697 1523 ipsum
717 1474 806 1521 tibi,
837 1474 949 1523 quod
967 1474 1152 1513 fortunae
1170 1474 1318 1513 debere

38 1530 161 1579 potui.
206 1530 301 1569 lltos
322 1540 373 1568 ex
387 1535 470 1569 toto
488 1531 734 1579 praeteribo,
758 1541 928 1579 quorum
945 1530 1232 1569 mercenarium
1250 1530 1300 1569 be
1333 1534 1355 1568 3

37 1585 224 1624 neficium
244 1590 318 1624 est.
348 1586 458 1634 quod
477 1587 545 1635 qui
565 1586 649 1632 dat,
678 1597 757 1625 non
778 1590 970 1634 conputat
985 1586 1069 1633 cui,
1090 1586 1165 1625 sed
1182 1586 1317 1634 quanti

37 1642 204 1680 daturus
234 1641 304 1689 sit,
331 1642 442 1690 quod
459 1641 638 1690 undique
657 1642 696 1680 in
718 1652 764 1679 se
786 1651 1027 1680 conversum
1049 1646 1122 1680 est.
1170 1642 1319 1680 Vendit

36 1696 132 1736 mihi
162 1697 307 1746 aliquis
334 1698 583 1736 frumentum.
621 1697 757 1735 vivere
776 1708 857 1736 non
880 1708 1051 1746 possum
1071 1698 1148 1737 nisi
1168 1707 1316 1736 emero.

37 1753 112 1792 sed
131 1763 209 1791 non
231 1753 361 1791 debeo
380 1753 520 1800 vitam,
548 1753 643 1801 quia
663 1752 752 1790 emi.
799 1752 880 1791 Nec
903 1764 1022 1802 quam
1043 1752 1318 1792 necessarium
1333 1758 1355 1792 4

37 1809 155 1863 fuecit
181 1809 370 1857 aestimo,
401 1809 490 1847 sine
518 1819 599 1857 quo
618 1809 798 1847 victurus
819 1819 898 1847 non
920 1808 994 1855 sui,
1025 1809 1099 1847 sed
1120 1819 1240 1858 quam
1259 1809 1315 1848 in-

37 1869 211 1912 gratum,
243 1864 355 1913 quod
381 1875 462 1903 non
488 1863 720 1903 habuissem
747 1863 826 1902 nisi
854 1865 1060 1911 emissem,
1091 1865 1130 1903 in
1153 1875 1234 1914 quo
1259 1865 1315 1903 in-

37 1919 221 1959 vehendo
248 1925 446 1959 mercator
472 1931 553 1959 non
581 1920 790 1967 cogitavit,
822 1925 1013 1969 quantum
1043 1920 1178 1959 auxilii
1207 1920 1315 1959 adla-

36 1979 148 2014 turus
168 1981 279 2015 esset
296 1976 409 2023 mihi,
441 1976 515 2015 sed
536 1981 726 2025 quantum
748 1976 847 2014 lucri
866 1976 956 2014 sibi.
1004 1975 1119 2023 Quod
1139 1977 1217 2014 emi
1237 1986 1316 2015 non

39 2030 180 2070 debeo.
735 2046 739 2050 ·

116 2086 202 2125 XV.
239 2087 348 2134 „Isto
378 2088 518 2135 modo,
549 2086 694 2135 inquit,
722 2097 798 2126 nec
823 2086 980 2126 medico
1008 2086 1224 2135 quicquam
1247 2087 1315 2126 de·
1333 2093 1351 2126 1

40 2141 134 2180 bere
159 2147 200 2181 te
225 2143 299 2182 nisi
328 2144 596 2182 mercedulam
617 2142 716 2181 dicis
736 2153 812 2181 nec
831 2142 1102 2191 praeceptori,
1128 2142 1230 2192 quia
1244 2143 1314 2183 ali-

41 2197 137 2245 quid
155 2198 448 2238 numeraveris:
479 2199 588 2247 atqui
605 2199 780 2237 omnium
796 2198 939 2237 horum
955 2198 1064 2247 apud
1079 2209 1156 2238 nos
1169 2208 1314 2248 magna

40 2253 200 2303 caritas,
235 2265 380 2303 magna
407 2254 634 2294 reverentia
660 2256 761 2293 est.“
807 2254 1017 2293 Adversus
1046 2253 1124 2293 hoc
1144 2259 1310 2305 respon-
1330 2261 1350 2293 2

40 2308 172 2357 detur,
190 2310 384 2359 quaedam
402 2311 528 2360 pluris
544 2320 636 2349 esse
649 2321 765 2360 quam
781 2314 974 2349 emuntur.
1002 2310 1101 2349 emis
1117 2321 1142 2349 a
1157 2305 1311 2350 medico

1059 2365 1110 2406 8*
