1592 2580
283 165 364 207 284
658 168 700 204 L.
729 166 917 206 ANNAEI
943 167 1167 206 SENECAE

283 273 361 305 tam
394 265 609 314 inquietum
644 277 762 316 quam
793 277 879 313 aer,
916 271 995 308 tam
1026 267 1222 306 versabile
1255 273 1293 306 et
1328 268 1535 316 agitatione

281 321 490 368 gaudens?

246 380 261 410 1
360 375 431 413 XV
434 376 481 412 ll.
521 375 708 424 Sequitur
735 385 849 423 ergo,
879 380 922 414 ut
947 380 1122 414 naturam
1152 387 1263 415 suam
1290 382 1471 415 exerceat
1498 382 1536 414 et

282 429 392 478 quod
418 439 576 478 semper
601 431 749 468 moveri
770 431 869 477 vult,
898 430 1110 478 aliquando
1131 436 1169 469 et
1187 431 1263 468 alia
1280 437 1446 470 moveat.
1491 432 1536 468 ld

282 484 442 532 quando
458 485 527 523 fit?
550 485 709 533 quando
727 485 778 522 illi
795 495 936 524 cursus
951 483 1180 523 interdictus
1196 490 1268 523 est.
1295 496 1383 523 nam
1402 496 1534 533 quarn—

281 540 349 577 diu
370 550 449 577 non
472 540 680 587 inpeditur,
708 540 736 577 it
759 539 924 588 placide.
956 550 1042 577 cum
1065 539 1327 577 offendituret
1338 541 1535 586 retinetur,

282 594 427 632 insanit
444 599 482 632 et
499 604 631 633 moras
651 604 746 632 suas
768 594 979 642 abrumpit,
1008 604 1086 632 non
1107 594 1217 632 aliter
1237 604 1352 642 quam
1372 594 1436 632 ille

617 654 770 698 pontem
789 649 1010 695 indiqnatus
1028 649 1193 687 Araxes.
1400 672 1402 675 -

246 709 267 742 2
285 704 472 752 quamdiu
500 703 552 742 illi
583 704 708 742 facilis
737 707 775 741 et
802 702 899 740 liber
925 707 987 741 est
1004 703 1160 749 alveus,
1192 703 1336 751 primas
1357 713 1537 751 quasque

282 769 409 806 aquas
428 758 617 807 explicat:
645 758 711 796 ubi
732 768 831 796 saxa
849 759 1045 796 manuvel
1065 768 1161 796 casu
1178 758 1294 796 inlata
1309 767 1538 806 repressere

282 814 523 860 venientem,
559 819 651 852 tunc
678 813 852 861 inpetum
879 822 989 851 mora
1009 813 1160 861 quaerit
1181 818 1220 851 et
1240 823 1317 860 quo
1336 813 1448 860 plura
1468 822 1538 860 op-

282 869 413 916 posita
442 873 551 915 sunt,
590 869 680 916 plus
707 867 855 906 invenit
879 866 1031 905 virium.
1070 867 1196 905 omnis
1217 866 1318 905 enim
1339 867 1402 905 illa
1420 867 1537 912 unda,

284 933 387 971 quae
407 933 431 960 a
448 927 559 971 tergo
581 923 809 971 supervenit
828 926 867 960 et
885 922 923 960 in
945 931 990 961 se
1008 922 1168 966 crescit,
1198 932 1287 960 cum
1306 932 1406 960 onus
1426 931 1540 959 suum

284 977 478 1016 sustinere
497 988 574 1016 non
596 977 740 1026 potuit,
772 976 849 1015 vim
870 976 982 1015 ruina
994 982 1111 1025 >parat
1130 981 1167 1014 et
1186 987 1311 1024 prona
1328 986 1414 1015 cum
1429 976 1540 1024 ipsis,

285 1042 387 1080 quae
404 1032 655 1079 obiacebant‚
675 1031 784 1080 fugit.
813 1031 922 1070 Idem
937 1032 1074 1080 spiritu
1090 1031 1152 1077 fit,
1175 1031 1241 1079 qui
1258 1041 1335 1079 quo
1350 1029 1542 1068 valentior

284 1087 504 1135 agilior-que
518 1092 593 1135 est,
610 1087 724 1126 citius
740 1085 902 1135 eripitur
917 1091 954 1126 et
968 1086 1237 1124 vehementius
1255 1091 1409 1134 septum
1425 1094 1541 1123 omne

285 1142 495 1180 disturbat:
523 1152 573 1180 ex
594 1152 672 1190 quo
692 1146 822 1180 motus
842 1141 904 1187 fit,
935 1141 1090 1180 scilicet·
1104 1140 1189 1179 eius
1209 1141 1350 1189 partis,
1373 1139 1446 1178 sub
1463 1149 1541 1187 qua

246 1203 269 1237 3
284 1202 497 1244 pugnatum
518 1201 591 1235 est.
636 1196 750 1243 Quod
769 1194 910 1234 dicitur
927 1206 1062 1234 verum
1080 1205 1172 1233 esse
1187 1195 1316 1233 ex-illo
1333 1195 1539 1244 probatur:

286 1261 408 1299 saepe
435 1258 521 1289 cum
550 1255 678 1289 terrae
709 1254 838 1288 motus
866 1249 957 1298 suit,
987 1249 1020 1288 si
1050 1250 1168 1287 modo
1190 1260 1284 1297 pars
1303 1249 1388 1287 eius
1409 1249 1540 1296 aliqua

286 1306 442 1354 dirupta
467 1310 546 1352 est,
575 1305 668 1343 inde
692 1309 833 1343 ventus
861 1314 931 1352 per
957 1305 1101 1342 multos
1125 1303 1370 1350 diesvfluxit,
1399 1307 1443 1341 ut
1462 1307 1539 1340 tra-

286 1361 389 1398 ditur
407 1371 456 1398 eo
472 1361 616 1398 factum
628 1364 756 1407 motu,
777 1369 857 1407 quo
874 1358 1026 1396 Chalcis
1042 1358 1252 1396 laboravit:
1282 1357 1386 1406 apud
1401 1358 1540 1395 Ascle-

285 1415 491 1463 piodotum
524 1413 727 1459 invenies,
765 1413 983 1452 auditorem
1015 1412 1242 1458 Posidonii,
1278 1412 1316 1450 in
1347 1411 1410 1450 his
1442 1411 1541 1459 ipsis

287 1470 562 1518 quaestionum
586 1469 817 1507 naturalium
846 1468 991 1506 causis.
1033 1467 1210 1506 invenies
1242 1471 1279 1504 et
1309 1465 1414 1528 apud
1440 1465 1542 1504 alios

286 1529 469 1563 auctores
498 1523 632 1562 hiasse
650 1534 729 1562 uno
749 1524 838 1562 loco
858 1527 1000 1561 terram
1019 1527 1057 1560 et
1077 1521 1170 1559 inde
1189 1532 1266 1559 non
1284 1522 1426 1569 exiguo
1445 1525 1540 1559 tem-

286 1589 384 1627 pore
414 1579 592 1627 spirasse
617 1583 794 1623 ventum,
825 1576 892 1626 qui
911 1577 1061 1637 scilicet
1079 1576 1174 1615 illud
1193 1577 1266 1615 iter
1285 1577 1372 1625 ipse
1391 1575 1463 1614 sibi
1485 1575 1540 1612 fe

287 1638 412 1679 cerat,
445 1643 516 1681 per
534 1634 648 1681 quod
662 1633 883 1671 ferebatur.

251 1694 265 1725 1
368 1689 505 1726 XVIII.
541 1688 711 1726 Maxima
738 1697 832 1735 ergo
860 1696 982 1725 causa
1007 1690 1086 1737 est,
1118 1690 1280 1734 propter
1300 1694 1416 1733 quam
1441 1689 1541 1723 terra

287 1748 508 1791 moveatur,
539 1742 698 1791 spiritus
725 1747 866 1780 natura
892 1740 992 1780 citus
1013 1745 1052 1779 et
1079 1742 1209 1779 locum
1225 1741 1354 1778 eloco
1375 1744 1540 1777 mutans.

286 1798 350 1836 hic
370 1796 558 1846 quamdiu
576 1808 654 1836 non
674 1797 871 1844 inpellitur
889 1801 927 1834 et
945 1796 983 1833 in
1000 1795 1155 1834 vacanti
1175 1795 1303 1843 spatio
1319 1796 1421 1840 latet,
1441 1794 1542 1831 iacet

252 1857 274 1890 2
288 1852 473 1891 innoxius
493 1862 567 1891 nec
587 1852 846 1890 circumiectis
867 1852 1057 1889 molestus
1076 1854 1156 1888 est:
1185 1850 1252 1888 ubi
1271 1850 1376 1887 illum
1396 1847 1543 1886 extrin-.

290 1917 408 1946 secus
436 1907 728 1955 superveniens·
741 1915 863 1944 causa
882 1905 1064 1944 sollicitat
1083 1905 1347 1954 conpellitque
1366 1902 1458 1941 etin
1480 1911 1540 1938 ar-

290 1968 385 2000 tum
395 1962 493 2010 agit,
532 1961 566 1999 si
593 1962 683 1999 licet
709 1961 857 2007 adhuc,
884 1960 989 1998 cedit
1017 1965 1164 1998 tantum
1191 1964 1229 1998 et
1254 1961 1438 2005 vagatur.
1475 1955 1540 1994 ubi

289 2021 426 2096 erepta
445 2015 678 2090 discedendi
695 2015 859 2054 facultas
881 2019 942 2053 est
959 2021 997 2052 et
1018 2014 1194 2062 undique
1213 2011 1423 2058 obsistitur,
1449 2016 1541 2050 tunc

812 2079 952 2117 maqno
969 2080 1055 2109 cum
1072 2078 1265 2107 murmure
1282 2067 1415 2105 montis

397 2128 541 2166 circum
560 2127 731 2164 claustra
745 2124 930 2172 fremunt,
1116 2132 1118 2138 ’
1523 2143 1537 2158 .

291 2191 392 2231 quae
411 2182 479 2220 diu
507 2181 663 2230 pulsata
684 2178 868 2218 convellit
887 2186 933 2217 ac
951 2178 1085 2224 iactat,
1116 2187 1163 2216 eo
1184 2175 1324 2223 acrior,
1355 2185 1434 2224 quo
1455 2184 1541 2213 cum

253 2242 276 2276 3
290 2247 399 2276 mora
417 2248 442 2274 v
445 2235 634 2275 alentiore
652 2227 819 2273 luctatus
834 2238 905 2272 est.
943 2232 1096 2271 Deinde
1111 2242 1198 2270 cum
1213 2230 1318 2269 circa
1333 2231 1542 2278 perlustra
1589 2251 1591 2253 ·

291 2291 346 2330 vit
364 2301 498 2340 omne,
526 2300 604 2340 quo
626 2289 840 2335 tenebatur,
870 2297 944 2326 nec
964 2287 1088 2336 potuit
1108 2286 1295 2334 evadere,
1325 2285 1435 2332 inde,
1464 2294 1542 2333 quo
1588 2310 1592 2342 (ἦ
