1592 2580
292 183 372 225 276
664 182 706 219 L.
731 181 920 219 ANNAEI
946 181 1170 222 SENECAE

292 289 355 320 ctu
374 281 636 329 introspicere
655 280 749 318 etin
775 281 938 319 deorum
959 286 1112 320 secreta
1135 282 1390 321 descendere.
1419 285 1546 332 ‘pluri-

289 347 394 374 mum
420 334 470 372 ad
500 334 778 373 inveniendum
800 336 979 382 contulit,
1011 335 1078 383 qui
1098 337 1271 384 speravit
1291 348 1414 385 posse
1432 349 1548 387 repe-

249 398 271 433 3
290 391 368 428 riri.
398 399 486 428 curn
505 390 762 428 excusatione
781 389 915 438 itaque
934 395 1088 428 veteres
1103 391 1289 429 audiendi
1305 397 1405 430 sunt.
1434 393 1548 432 Nulla

287 455 354 483 res
383 449 655 483 consummata
680 449 760 491 est,
787 445 880 482 dum
908 445 1054 493 incipit.
1082 455 1155 483 nec
1183 446 1226 483 in·
1244 445 1320 485 hac
1338 452 1486 486 tantum
1503 457 1548 485 re

289 499 462 537 omnium
482 499 652 536 maxima
670 504 788 547 atque
809 499 1114 547 involutissima,
1136 499 1173 536 in
1199 511 1296 548 qua,
1324 502 1437 539 etiam
1458 511 1548 541 cum

289 554 451 592 multum
468 553 543 591 acti
559 554 649 601 erit,
672 554 800 592 omnis
818 559 948 592 tamen
961 559 1090 600 aetas,
1115 555 1223 602 quod
1238 560 1344 602 agat,
1363 556 1546 602 inveniet,

291 608 364 648 sed
383 607 421 646 in
442 607 547 646 omni
567 607 643 646 ano
665 609 822 656 negotio
842 610 960 656 longe
979 619 1002 646 a
1020 610 1195 657 perfecto
1216 610 1324 647 suere
1343 610 1546 659 principia.

252 668 267 699 l
371 663 439 700 VI.
467 662 521 700 In
543 673 676 710 aqua
706 663 983 702 dictumest
1009 673 1211 702 causam
1239 674 1354 702 esse
1381 675 1468 703 nec
1488 665 1545 703 ab

291 728 389 755 uno
419 727 510 754 nec
536 727 636 755 uno
664 717 824 756 modo.
859 718 1048 756 Thales
1068 718 1306 757 Milesius
1333 724 1452 757 totam
1471 724 1547 757 ter-

289 782 372 809 ram
394 771 572 810 subiecto
594 771 740 810 iudicat
758 772 922 811 humore
942 772 1089 820 portari
1109 777 1147 811 et
1163 773 1320 820 innare,
1349 774 1434 812 sive
1452 773 1548 812 ittud

292 836 484 864 oceanum
511 836 652 875 vocas,
683 826 972 875 sive-magnum
997 837 1126 874 mare,
1157 829 1242 865 sive
1259 828 1418 866 alterius
1437 832 1547 867 natu-

290 891 358 918 rae
394 881 613 929 simplicem
645 881 774 920 adhuc
811 892 954 930 aquam
991 886 1028 920 et
1065 881 1265 920 humidum
1301 883 1546 921 elementum.

291 935 426 982 ‚‚Hac,
448 935 592 984 inquit,
613 936 953 975 undasustinetur
972 936 1078 974 orbis
1101 937 1206 975 velut
1224 937 1385 984 aliquod
1399 937 1548 985 grande

250 1000 271 1033 2
293 991 487 1038 navigium
504 996 541 1028 et
555 1001 675 1037 grave
690 990 751 1028 his
768 991 900 1039 aquis,
926 1002 1026 1039 quas
1043 992 1221 1039 p1·emit.“
1251 991 1546 1039 Supervacuum

293 1050 353 1083 est
371 1045 539 1083 reddere
560 1055 724 1090 causas,
753 1052 915 1093 propter
934 1056 1033 1094 quas
1054 1046 1250 1084 existimat
1274 1045 1547 1094 gravissimam

294 1104 443 1146 partem
462 1098 598 1138 mundi
619 1110 696 1138 non
719 1110 843 1147 posse
863 1099 1004 1148 spiritu
1024 1105 1099 1138 tam
1126 1101 1233 1139 tenui
1253 1100 1463 1149 sagacique
1481 1110 1547 1148 ge-

292 1154 400 1190 stari.
440 1164 518 1192 non
540 1154 642 1191 enim
661 1165 766 1191 nunc
787 1155 836 1191 de
855 1156 933 1193 situ
952 1159 1160 1202 terrarum,
1182 1155 1254 1193 sed
1276 1155 1325 1192 de
1344 1159 1454 1193 motu
1467 1155 1547 1202 agi-

291 1214 368 1246 tur:
397 1208 494 1246 illud
529 1209 745 1255 argumenti
780 1209 869 1246 loeo
906 1209 1036 1256 ponit,
1069 1214 1195 1256 aquas
1223 1219 1315 1247 esse
1341 1209 1380 1246 in
1413 1219 1546 1254 causa,

293 1261 438 1310 quibus
470 1261 534 1299 hic
567 1262 674 1301 orbis
708 1263 888 1310 agitetur,
923 1263 1031 1324 quod
1064 1263 1102 1300 in
1134 1263 1239 1301 omni
1267 1262 1416 1301 maiore
1440 1268 1547 1301 motu

294 1321 502 1364 erumpunt
527 1316 622 1355 novi
648 1317 797 1363 fontes,
826 1318 928 1356 sieut
955 1318 992 1355 in
1022 1318 1187 1365 navigiis
1217 1328 1376 1366 quoque
1404 1317 1548 1364 evenit,

293 1376 334 1409 ut
358 1371 391 1409 si
411 1371 593 1409 inclinata
613 1377 703 1409 sunt
721 1377 758 1409 et
777 1372 955 1410 abierunt
973 1372 1011 1409 in
1031 1373 1151 1418 latus,
1180 1382 1321 1419 aquarn
1349 1371 1547 1409 sorbeant.

294 1426 455 1473 quaein
476 1425 581 1464 omni
597 1425 618 1451 *
638 1436 802 1464 onerum
828 1437 984 1472 eorum,
1011 1436 1113 1474 quae
1139 1426 1262 1473 vehit,
1294 1425 1328 1463 si
1353 1426 1548 1464 inmodice

293 1481 487 1528 depressa
501 1483 611 1525 sunt,
629 1485 695 1519 aut
709 1481 1003 1529 superfunditur
1018 1485 1083 1518 aut
1098 1486 1202 1519 certe
1221 1481 1358 1519 dextra
1374 1481 1547 1519 sinistra—

252 1544 272 1577 3
295 1545 372 1583 que
400 1535 519 1573 solito
545 1536 671 1582 magis
700 1535 836 1583 surgit.
885 1536 997 1573 Hanc
1027 1535 1251 1583 opinionem
1284 1545 1376 1573 esse
1408 1535 1548 1573 salsam

294 1600 372 1628 non
393 1594 454 1627 est
473 1589 541 1627 diu
559 1590 850 1638 colligendum}
869 1601 960 1628 nam
978 1590 1012 1628 si
1033 1595 1136 1628 terra
1154 1600 1258 1638 aqua
1278 1590 1547 1636 sustineretur,

295 1649 358 1690 [et
385 1654 431 1681 ea
459 1644 671 1691 aliquando
703 1648 1016 1691 concuteretur‚]
1047 1655 1204 1692 semper
1232 1649 1456 1683 moveretur
1473 1653 1547 1684 nec

295 1697 433 1746 agitari
452 1698 557 1736 illam
578 1699 827 1747 miraremur,
850 1699 924 1738 sed
943 1709 1113 1737 manere.
1142 1699 1285 1737 deinde
1303 1704 1384 1737 tota
1404 1709 1546 1737 concu-

294 1757 460 1800 teretur,
490 1763 568 1798 non
598 1759 790 1802 exparte.
833 1764 1047 1802 numquam
1062 1754 1164 1792 enim
1183 1754 1296 1792 navis
1317 1753 1476 1791 dimidia
1494 1754 1547 1790 ia-

295 1811 440 1845 etatum
483 1810 587 1845 nunc
620 1818 714 1845 vero
741 1811 933 1846 terrarum
960 1819 1041 1846 non
1067 1809 1358 1854 universarum,
1394 1807 1467 1845 sed
1498 1817 1549 1844 ex

295 1867 406 1909 parte
425 1866 555 1900 motus
577 1867 649 1900 est.
679 1862 884 1910 Quomodo
906 1874 999 1911 ergo
1017 1863 1102 1900 fieri
1123 1868 1274 1910 potest,
1299 1867 1342 1900 ut
1364 1861 1470 1910 quod
1489 1865 1546 1898 to-

295 1922 375 1954 tum
404 1916 580 1963 vehitur,
613 1921 745 1955 totum
771 1927 849 1955 non
883 1918 1065 1965 agitetur,
1100 1919 1133 1955 si
1166 1928 1234 1964 eo,
1269 1927 1347 1965 quo
1380 1915 1546 1960 vehitur,

254 1971 478 2018 4agitatum
512 1975 600 2009 est?
644 1973 731 2018 „At
763 1982 885 2020 quare
910 1982 1038 2020 aquae
1072 1974 1341 2019 erumpunt?“
1378 1969 1549 2008 Primum

295 2024 465 2064 omnium
495 2035 618 2074 saepe
642 2027 926 2064 tremuitterra
946 2033 982 2066 et
1002 2026 1099 2064 nihii
1116 2025 1290 2064 humoris
1309 2025 1401 2062 novi
1421 2024 1548 2062 fluxit.

296 2080 439 2118 deinde
469 2076 503 2118 si
532 2090 582 2118 ex
603 2080 684 2118 'hac
713 2083 835 2119 causa
860 2081 968 2118 unda
994 2084 1285 2129 prorumperet,
1321 2090 1343 2117 a
1362 2078 1547 2116 lateribus

295 2140 422 2172 terrae
450 2134 845 2183 circumfunderetur,
876 2136 977 2174 sieut
1003 2137 1040 2173 in
1061 2135 1284 2174 fluminibus
1307 2144 1354 2171 ac
1372 2134 1469 2171 mari
1492 2133 1547 2169 vi-

297 2189 436 2227 demus
457 2187 651 2238 incide-re,
678 2194 723 2229 ut
739 2190 1018 2228 incrementum
1037 2194 1249 2238 aquarum,
1278 2189 1459 2236 quotiens
1479 2197 1546 2224 na-

298 2242 400 2289 vigia
416 2243 622 2292 desidunt,
641 2246 679 2282 in
695 2245 880 2284 lateribus
896 2245 1064 2283 maxime
1079 2244 1279 2292 adpareat.
1307 2243 1356 2281 ad
1377 2243 1547 2280 ultimum

299 2307 377 2334 non
397 2303 472 2336 tam
493 2299 638 2347 exigua
655 2299 787 2347 fieret,
810 2310 926 2349 quam
947 2305 988 2339 tu
1005 2299 1103 2338 dicis
1120 2329 1130 2347 ‚
1158 2298 1309 2346 eruptio
1331 2306 1460 2344 neque
1482 2305 1547 2333 ve-
1586 2296 1589 2298 ’
