1624 2626
278 171 411 221 n‘iAL.
437 181 505 220 Ν.
548 180 616 221 DE
645 181 737 221 IRA
763 181 859 221 LIB.
888 181 936 220 11.
967 186 1143 222 122—15.
1290 148 1357 223 Φ63

0 287 1 313 l
59 284 335 325 minuendam:
364 290 447 324 tota
466 283 694 331 dimittatur,
716 283 812 322 nihil
832 284 1044 333 profutura
1063 289 1137 326 est.
1181 283 1356 324 sineilla

57 340 212 381 facilius
246 340 478 390 rectiusque
510 342 668 379 scelera
698 341 904 386 tollentur,
940 339 1035 379 mali
1071 339 1285 389 punientur
1317 346 1357 380 et

2 407 4 418 ἱ
57 398 365 438 transducentur
383 397 422 435 in
454 397 609 435 melius.
656 395 795 434 Omnia
815 406 920 445 quae
940 397 1062 435 debet
1081 396 1246 445 sapiens
1267 397 1356 436 sine

55 454 175 492 ullius
203 454 333 491 malae
367 453 426 491 rei
459 451 679 491 ministerio
713 451 860 491 efficiet
891 451 1071 501 nihilque
1104 452 1353 500 admiscebit,

58 510 170 549 cuius
193 509 355 548 modum
376 508 586 548 sollicitius
609 508 810 548 observet.

137 565 243 604 XIV.
286 565 511 613 Numquam
531 564 667 612 itaque
688 562 895 602 iracundia
915 562 1161 602 admittenda
1182 570 1263 612 est,
1285 565 1335 603 ali
1373 571 1389 603 1

58 621 219 669 quando
241 620 477 668 simulanda,
500 619 535 658 si
556 629 703 668 segnes
725 619 969 659 audientium
986 619 1107 659 animi
1123 621 1350 659 concitandi

56 682 168 724 sun-t,
198 675 302 714 sicut
321 677 435 714 tarde
457 680 749 724 consurgentes
770 675 821 714 ad
843 686 1003 714 cursum
1024 687 1156 725 equos
1178 677 1351 715 stimulis

54 732 293 780 facibusque
310 731 479 770 subditis
498 731 733 770 excitamus.
771 731 988 780 aliquando
1013 732 1267 771 incutiendus
1289 738 1353 771 est

54 788 103 827 iis
123 792 251 826 metus
272 788 379 836 apud
402 798 507 836 quos
525 788 626 826 ratio
647 797 728 825 non
750 787 927 836 proficit:
947 786 1068 826 irasci
1089 789 1250 836 quidem
1269 799 1348 826 non

54 844 180 892 magis
200 843 295 882 utile
315 847 377 881 est
399 854 517 891 quam
538 853 732 891 moerere,
741 854 868 892 quam
886 848 1076 882 metuere.
1109 843 1210 891 Quid
1227 848 1352 892 ergo?
1367 849 1388 882 2

53 910 136 938 non
157 899 338 937 incidunt
357 909 505 936 causae
526 910 630 948 quae
648 899 747 937 iram
770 901 1000 938 lacessant?
1042 899 1115 938 sed
1145 905 1239 938 tunc
1267 911 1348 938 ma-

53 955 160 993 xime
181 954 236 992 illi
258 955 528 1003 opponendae
555 965 697 993 manus
725 959 830 993 sunt.
874 965 951 993 nec
983 961 1045 994 est
1072 955 1236 994 difficile
1263 956 1348 993 vin-

55 1021 147 1049 cere
168 1010 353 1057 animum,
377 1020 467 1048 cum
487 1010 658 1048 athletae
682 1020 846 1059 quoque
867 1009 906 1048 in
926 1010 1123 1048 vilissima
1147 1011 1209 1049 sui
1233 1016 1349 1060 parte

55 1066 240 1114 occupati
259 1071 390 1104 tamen
420 1065 522 1104 ictus
542 1065 788 1114 doloresque
810 1066 1030 1114 patiantur,
1061 1071 1105 1104 ut
1128 1066 1234 1105 vires
1256 1077 1346 1105 cae-

54 1122 183 1160 dentis
205 1121 462 1168 exhauriant,
497 1131 572 1159 nec
592 1132 682 1159 cum
703 1121 762 1159 ira
781 1122 944 1169 suadet,
973 1121 1138 1168 feriunt,
1162 1123 1237 1160 sed
1257 1133 1345 1160 cum

52 1177 227 1216 occasio.
282 1177 478 1227 Pyrrhum
512 1176 728 1215 maximum
763 1182 1071 1226 praeceptorem
1116 1179 1345 1218 certaminis
1361 1186 1384 1220 3

52 1232 231 1283 gymnici
254 1234 413 1272 solitum
435 1233 545 1272 aiunt
564 1233 613 1271 iis
636 1243 740 1281 quos
761 1233 994 1279 exercebat,
1016 1233 1272 1282 praecipere,
1295 1245 1346 1273 ne

50 1290 331 1327 irascerentur.
373 1288 433 1327 ira
456 1289 560 1327 enim
583 1289 787 1337 perturbat
805 1294 928 1328 artem
949 1294 987 1328 et
1008 1301 1088 1337 qua
1103 1295 1247 1329 noceat
1262 1295 1345 1329 tan-

50 1351 132 1384 tum
154 1344 340 1394 adspicit.
393 1355 519 1394 saepe
546 1345 681 1393 itaque
699 1345 800 1384 ratio
831 1344 1060 1394 patientiam
1091 1346 1253 1394 suadet,
1287 1347 1346 1384 ira

50 1400 287 1448 vindictam,
315 1404 354 1439 et
381 1401 448 1450 qui
469 1400 608 1449 primis
629 1401 792 1448 defungi
811 1401 925 1440 malis
946 1401 1170 1450 potuimus,
1203 1403 1241 1440 in
1262 1413 1343 1440 ma-

52 1457 139 1494 iora
165 1457 428 1495 devolvimur.
473 1457 678 1505 Quosdam
704 1456 824 1496 unius
854 1456 962 1495 verbi
993 1458 1234 1496 contumelia
1261 1469 1340 1497 non
1359 1462 1380 1496 4

53 1522 185 1560 aequo
205 1512 336 1550 animo
358 1513 436 1551 lata
457 1513 496 1550 in
523 1513 686 1551 exilium
707 1513 886 1561 proiecit.
932 1517 971 1551 et
1001 1513 1068 1562 qui
1087 1514 1218 1552 levem
1241 1514 1343 1553 iniu-

51 1567 150 1605 riam
188 1567 344 1606 silentio
380 1569 483 1606 ferre
515 1569 747 1615 noluerant,
779 1568 1027 1618 gravissimis
1062 1569 1178 1608 malis
1213 1569 1344 1608 obruti

52 1628 164 1670 sunt,
199 1621 472 1671 indignatique
497 1624 647 1673 aliquid
675 1635 727 1662 ex
754 1624 990 1674 plenissima
1015 1625 1198 1664 libertate
1219 1626 1341 1664 demi-

49 1679 129 1726 nui,
151 1679 298 1717 servile
318 1679 356 1716 in
377 1689 470 1717 sese
490 1680 750 1719 adtraxerunt
769 1681 917 1729 iugum.

130 1734 217 1772 XV.
252 1735 330 1782 „Ut
349 1735 468 1780 scias,
490 1734 627 1784 inquit,
649 1736 747 1774 iram
767 1736 916 1775 habere
936 1736 975 1774 in
998 1748 1043 1775 se
1067 1737 1255 1786 generosi
1273 1737 1341 1775 ali·
1360 1739 1377 1771 l

51 1790 160 1837 quid,
182 1790 330 1828 liberas
352 1791 508 1828 videbis
529 1795 680 1839 gentes,
699 1802 804 1840 quae
823 1793 1156 1832 iracundissimae
1177 1798 1283 1839 sunt,
1300 1798 1342 1831 ut

50 1845 269 1884 Germanos
292 1851 330 1885 et
350 1846 566 1896 Scythas.“
610 1848 720 1896 quod
747 1849 899 1896 evenit,
930 1848 1023 1897 quia
1052 1847 1171 1887 fortia
1191 1848 1338 1887 solida-

50 1911 128 1949 que
144 1907 284 1941 natura
303 1902 475 1951 ingenia,
496 1906 709 1951 antequam
729 1903 941 1953 disciplina
954 1905 1192 1950 molliantur,
1210 1914 1341 1952 prona

48 1956 87 1994 in
112 1956 207 1996 iram
238 1962 342 1997 sunt.
391 1958 590 2007 quaedam
617 1959 722 1997 enim
750 1970 829 1998 non
858 1959 936 1998 nisi
962 1959 1196 1998 melioribus
1224 1960 1337 1998 inna-

48 2019 214 2052 scuntur
246 2013 437 2062 ingeniis,
472 2013 575 2052 sicut
606 2014 740 2053 valida
765 2016 928 2054 arbusta
956 2020 995 2053 et
1022 2015 1124 2054 laeta
1153 2015 1337 2064 quamvis

47 2070 230 2117 neglecta
249 2070 367 2108 tellus
389 2074 515 2116 creat,
537 2074 576 2108 et
595 2069 674 2108 alia
693 2070 855 2109 secundi
875 2071 951 2110 soli
972 2071 1073 2108 silva
1093 2075 1173 2109 est:
1200 2071 1335 2120 itaque
1351 2072 1375 2104 2

0 2154 3 2165 ,
47 2129 87 2163 et
107 2125 264 2173 ingenia
284 2130 425 2164 natura
445 2126 561 2164 fortia
582 2125 827 2164 iracundiam
852 2127 983 2165 ferunt
1011 2125 1188 2175 nihilque
1215 2132 1336 2166 tenue

46 2185 86 2219 et
105 2181 209 2219 exile
229 2181 393 2230 capiunt
411 2182 529 2230 ignea
549 2187 588 2220 et
606 2181 783 2229 fervida,
812 2182 886 2220 sed
914 2182 1157 2230 inperfectus
1177 2183 1255 2221 illis
1276 2183 1334 2221 vi—

46 2245 121 2284 gor
140 2241 213 2283 est,
235 2242 278 2276 ut
297 2237 495 2284 omnibus,
518 2248 622 2286 quae
643 2236 732 2275 sine
751 2241 834 2276 arte
853 2237 982 2286 ipsius
1002 2242 1153 2278 tantum
1167 2244 1333 2278 naturae

43 2291 152 2332 bono
173 2297 406 2342 exsurgunt.
451 2293 526 2331 sed
555 2293 631 2332 nisi
652 2293 730 2331 cito
752 2292 901 2332 domita
921 2298 1031 2342 sunt,
1054 2305 1159 2343 quae
1178 2295 1330 2334 fortitu-

48 2347 128 2387 dini
144 2353 236 2399 apta
252 2353 375 2398 erant,
394 2349 586 2389 audaciae
597 2349 888 2399 temeritatique
903 2355 1186 2391 consuescunt.
1208 2350 1333 2400 quid?
1347 2354 1371 2388 3
