1624 2626
318 176 397 218 236
560 177 602 214 L.
632 176 819 214 ANNAEI
850 175 1073 215 SENECAE
1103 178 1233 216 DIAL.
1256 178 1319 215 XI.

317 281 356 314 te
381 275 436 313 illi
462 274 630 314 iudicem
658 275 742 313 dies
770 274 916 312 fecerit.
944 279 1036 313 tunc
1054 275 1155 314 enim
1175 275 1321 324 poteris
1341 278 1377 315 in
1398 278 1559 325 gratiam

319 341 406 368 cum
425 329 491 367 illa
513 330 654 368 redire.
683 340 771 367 nam
790 329 909 367 multa
927 329 1114 377 providit,
1146 331 1288 378 quibus
1303 332 1407 370 hanc
1430 342 1559 369 emen-

319 385 430 422 daret
450 384 642 422 iniuriam.
686 385 806 421 multa
825 383 1044 422 etiamnunc
1062 384 1186 431 dabit,
1221 385 1363 433 quibus
1382 385 1561 424 redimat.

319 438 491 486 denique
524 437 653 486 ipsum
688 437 784 485 hoc,
820 437 928 485 quod
958 437 1130 484 abstulit,
1168 439 1257 486 ipsa
1287 441 1449 478 dederat
1478 439 1561 477 tibi.

278 497 300 530 4
317 492 424 531 Noli
444 502 563 540 ergo
579 496 755 531 contra
771 497 818 530 te
837 491 1038 539 ingenio
1053 493 1121 531 uti
1139 497 1241 540 tuo,
1258 493 1361 532 noli
1380 495 1562 532 adesse

318 547 482 585 dolori
500 552 598 586 tuo.
637 550 767 594 potest
785 545 942 594 quidem
961 546 1184 594 eloquentia
1202 551 1286 594 tua,
1318 558 1420 596 quae
1442 558 1564 596 parva

318 605 427 646 sunt,
453 600 676 649 adprobare
695 611 768 648 pro
787 601 958 648 magnis,
977 611 1115 639 rursus
1134 611 1275 649 magna
1294 603 1506 640 adtenuare
1526 606 1565 640 et

318 655 368 692 ad
387 654 545 693 minima
563 655 773 693 deducere.
804 655 875 692 sed
890 654 966 693 alio
981 655 1056 693 ista
1069 655 1173 693 vires
1190 661 1321 695 servet
1336 667 1440 703 suas,
1460 665 1565 694 nunc

318 713 398 747 tota
424 719 468 747 se
496 710 535 746 in
566 709 745 748 solatium
771 713 879 747 tuum
908 709 1093 748 conferat.
1138 709 1219 748 Sed
1244 715 1372 748 tamen
1401 710 1564 763 dispice,

318 773 368 800 ne
386 763 462 801 hoc
480 763 557 802 iam
572 773 731 812 quoque
749 763 879 811 ipsum
899 763 948 801 sit
968 773 1267 812 supervacuum.
1299 764 1446 813 aliquid
1462 764 1565 802 enim

282 823 302 855 5
317 827 341 854 a
361 817 476 855 nobis
498 824 639 856 natura
658 818 805 865 exigit,
836 818 924 865 plus
942 818 1378 857 vanitatevcontrahitur.
1422 819 1564 856 Num-

319 881 457 919 quam
485 876 643 910 autem
660 882 751 919 ego
771 883 796 910 a
814 876 877 918 te,
906 882 964 910 ne
986 881 1044 910 ex
1061 876 1164 911 toto
1183 883 1426 920 moereas,
1456 871 1561 910 exi-

317 936 434 973 gam.
477 930 515 964 et
534 926 617 964 scio
639 926 804 964 inveniri
821 926 1014 974 quosdam
1034 926 1155 964 durae
1174 926 1430 976 magisquam
1454 926 1566 964 fortis

317 979 550 1027 prudentiae
577 981 704 1026 viros,
737 981 802 1028 qui
830 985 972 1028 negent
990 980 1199 1019 doliturum
1217 991 1308 1020 esse
1327 980 1565 1029 sapientem:

316 1033 356 1071 hi
382 1044 462 1072 non
487 1034 669 1072 videntur
694 1034 788 1072 mihi
816 1039 1002 1082 umquam
1029 1035 1066 1072 in
1096 1034 1289 1074 eiusmodi
1318 1045 1452 1074 casum
1470 1034 1566 1072 inei-

317 1086 440 1126 disse.
469 1087 642 1136 alioquin
657 1088 904 1126 excussisset
921 1087 996 1126 illis
1014 1089 1169 1127 fortuna
1183 1090 1395 1137 superbam
1410 1088 1565 1137 sapien-

317 1142 410 1180 tiam
435 1145 474 1180 et
500 1142 552 1180 ad
570 1143 861 1181 confessionem
882 1152 953 1180 cos
973 1153 1104 1180 veram
1124 1143 1398 1182 etiaminvitos
1417 1153 1565 1191 conpu-

282 1197 304 1231 6
319 1195 442 1234 lisset.
494 1195 631 1234 Satis
663 1195 984 1244 praestiterit
1010 1196 1159 1242 ratio,
1189 1197 1231 1235 si
1261 1197 1311 1235 id·
1336 1206 1478 1236 unum
1508 1206 1566 1235 ex

319 1251 514 1298 dolore,
544 1251 676 1298 quod
701 1255 748 1289 et
769 1255 1003 1298 superest
1029 1255 1075 1289 et
1100 1250 1335 1298 abundat,
1366 1251 1565 1288 excide-

316 1303 400 1343 rit:
427 1308 471 1342 ut
495 1305 654 1352 quidem
680 1305 829 1343 nullum
856 1303 1014 1343 omnino
1044 1315 1135 1343 esse
1162 1310 1250 1344 eum
1280 1306 1464 1353 patiatur,
1493 1314 1566 1342 nec

319 1358 560 1406 sperandum
573 1392 575 1394 .
588 1359 657 1396 ulli
687 1369 761 1397 nec
789 1359 1150 1406 concupiscendum
1183 1363 1254 1398 est.
1300 1359 1404 1397 hunc
1435 1359 1566 1406 potius

318 1413 478 1451 modum
497 1417 649 1459 servet,
679 1413 744 1461 qui
763 1422 836 1450 nec
854 1413 1080 1461 inpietatem
1097 1412 1265 1452 imitetur
1285 1424 1358 1451 nec
1376 1413 1567 1451 insaniam

319 1471 358 1504 et
376 1477 450 1504 nos
469 1466 508 1504 in
525 1472 572 1505 eo
589 1471 719 1505 teneat
731 1467 884 1513 habitu,
905 1466 972 1515 qui
987 1473 1025 1505 et
1040 1467 1128 1514 piae
1144 1467 1284 1505 mentis
1299 1471 1446 1506 estnec
1461 1477 1567 1505 emo·

318 1526 400 1559 tae:
438 1520 564 1558 fluant
588 1521 791 1566 lacrimae,
820 1520 893 1558 sed
914 1521 1077 1558 eaedem
1097 1526 1135 1559 et
1157 1521 1348 1560 desinant.
1367 1521 1568 1560 trahantur

319 1585 369 1612 ex
388 1575 465 1612 imo
484 1574 652 1622 gemitus
671 1580 850 1622 pectore,
871 1574 944 1612 sed
964 1574 1081 1612 iidem
1100 1579 1138 1612 et
1155 1575 1349 1614 finiantur.
1394 1574 1459 1614 Sic
1472 1585 1567 1623 rege

320 1629 490 1667 animum
514 1632 639 1674 tuum,
671 1633 715 1666 ut
739 1632 777 1666 et
802 1628 1045 1676 sapientibus
1073 1633 1112 1667 te
1134 1629 1356 1678 adprobare
1374 1630 1509 1677 possis
1529 1633 1568 1667 et

286 1683 518 1723 7sratribus.
563 1681 745 1729 Effice,
780 1687 830 1721 ut
856 1683 1348 1731 frequenter.fratris
1375 1684 1444 1722 tui
1471 1693 1567 1721 me-

319 1737 519 1776 moriam
546 1736 639 1775 tibi
664 1736 793 1775 velis
824 1747 1114 1784 occurrere,
1152 1739 1326 1777 utillum
1353 1742 1393 1776 et
1417 1747 1566 1775 sermo-

319 1791 436 1830 nibus
462 1791 639 1829 celebres
659 1795 698 1829 et
716 1790 884 1840 adsidua
902 1791 1174 1830 recordatione
1192 1796 1465 1840 repraesentes
1485 1791 1566 1839 tibi,

322 1845 430 1894 quod
448 1846 501 1883 ita
520 1844 676 1883 demum
696 1846 887 1892 consequi
908 1846 1074 1893 poteris,
1102 1847 1136 1884 si
1154 1846 1220 1885 tibi
1234 1846 1460 1884 memoriam
1478 1846 1566 1885 eius

319 1899 530 1939 iucundam
547 1899 673 1947 magis
694 1910 808 1947 quam
824 1899 995 1938 flebilem
1009 1900 1162 1938 feceris.
1189 1901 1362 1938 naturale
1376 1904 1436 1938 est
1449 1899 1565 1946 enim,

320 1959 362 1992 ut
388 1963 545 2002 semper
562 1954 721 1992 animus
750 1954 799 1992 ab
827 1964 877 1992 eo
900 1954 1085 2002 refugiat,
1113 1954 1163 1992 ad
1181 1955 1288 2002 quod
1308 1964 1395 1992 eum
1412 1953 1566 1992 tristitia

283 2010 306 2044 8
320 2008 562 2046 revertitur.
582 2007 718 2055 Cogita
733 2008 964 2047 modestiam
985 2010 1090 2055 eius,
1110 2008 1237 2056 cogita
1254 2009 1293 2046 in
1310 2008 1430 2047 rebus
1446 2017 1563 2055 agen-

321 2062 382 2100 dis
411 2062 642 2110 sollertiam,
666 2063 709 2100 in
736 2063 1002 2110 exsequendis
1021 2062 1267 2108 industriam,
1297 2063 1336 2100 in
1355 2062 1563 2110 promissis

322 2116 593 2154 constantiam.
631 2116 761 2155 omnia
779 2116 882 2155 dicta
900 2117 984 2156 eius
1004 2127 1050 2155 ac
1068 2117 1170 2155 facta
1190 2121 1227 2155 et
1245 2117 1331 2155 aliis
1351 2125 1506 2164 expone
1524 2121 1566 2155 et

321 2169 470 2208 tibimet
496 2170 583 2218 ipse
609 2181 882 2210 commemora.
918 2171 1043 2219 qualis
1069 2169 1183 2208 suerit
1210 2171 1338 2219 cogita
1357 2170 1565 2219 qualisque

324 2224 474 2272 sperari
500 2226 681 2272 potuerit.
725 2224 839 2275 quid
847 2226 948 2265 enim
976 2226 1025 2264 de
1057 2224 1140 2264 illo
1154 2235 1234 2264 non
1265 2229 1351 2265 tuto'
1375 2224 1563 2273 sponderi

323 2279 439 2318 fratre
458 2279 612 2327 possit?
1524 2305 1526 2309 -
