1598 2606
350 193 417 234 DE
444 190 723 268 BENpFlclls
750 189 908 230 LIB.Il'.
936 194 1109 233 26—29.
1314 188 1367 229 31

178 293 353 334 XXVIII.
381 292 620 333 Omnibus
644 293 724 332 his
750 291 1106 332 vehementius
1125 296 1171 331 et
1192 292 1368 341 inpor-
1388 296 1407 329 1

101 350 271 391 tunius
296 349 473 388 malum
499 348 808 397 estinvidia,
837 358 966 398 quae
985 359 1076 387 nos
1095 347 1371 397 inquietat,

100 407 210 445 dum
238 409 502 455 conparat:
534 404 639 453 „hoc
658 403 753 443 mihi
773 402 988 453 praestitit,
1008 403 1082 443 sed
1100 403 1156 442 illi
1172 403 1275 453 plus,
1297 403 1373 442 sed

99 461 156 501 illi
185 461 417 500 maturius.“
463 465 503 501 et
534 460 680 499 deinde
710 460 857 499 nullius
891 469 1055 499 causam
1087 457 1193 508 agit,
1234 463 1394 499 eontra·

101 527 247 556 omnes
261 515 338 556 sibi
356 517 475 556 favet.
519 515 673 564 Quanto
688 519 752 555 est
770 514 1011 564 simplicius,
1032 519 1181 564 quanto
1197 514 1375 564 pruden-

98 572 178 611 tius
195 572 433 611 beneficium
452 576 661 620 acceptum
680 580 848 620 augere,
877 569 983 609 scire
997 569 1196 609 neminem
1211 569 1307 610 tanti
1323 569 1374 608 ab

101 628 179 667 alio
211 627 348 677 quanti
375 638 401 667 a
429 638 474 667 se
500 627 592 676 ipso
622 626 848 666 aestimari?
890 626 1010 676 „Plus
1035 625 1222 675 accipere
1241 624 1373 674 debui,
1389 632 1412 666 2

102 682 176 723 sed
202 683 258 722 illi
285 683 402 722 facile
429 694 510 723 non
538 683 612 722 fuit
638 683 730 732 plus
758 682 868 720 dare.
904 682 945 720 in
976 682 1123 720 multos
1157 681 1376 720 dividenda

100 739 314 778 liberalitas
335 743 432 778 erat.
460 738 538 778 hoc
558 737 712 777 initium
730 742 810 785 est,
838 737 934 777 boni
953 737 1212 777 consulamus
1233 742 1273 776 et
1291 737 1374 776 ani-

101 806 207 834 mum
228 795 314 834 eius
333 799 445 843 grate
464 794 704 843 excipiendo
723 803 952 832 evocemus.
994 803 1134 842 parum
1156 791 1269 839 fecit,
1300 792 1376 831 sed

102 849 264 899 saepius
284 851 412 889 saciet.
436 851 541 888 illum
561 849 655 888 mihi
677 849 872 898 praetulit,
893 853 933 888 et
949 858 1013 887 me
1033 847 1181 886 multis.
1210 848 1276 886 ille
1294 858 1375 886 non

103 910 166 945 est
185 904 281 944 mihi
305 917 378 954 par
395 905 604 944 virtutibus
624 915 699 944 nec
719 904 863 944 officiis
875 934 885 952 ,
915 905 987 943 sed
1006 903 1145 942 habuit
1163 914 1277 942 suam
1295 905 1375 942 Ve-

102 972 250 1000 nerem.
281 961 487 1009 querendo
505 971 586 1000 non
607 959 797 1006 efficiam,
826 965 871 999 ut
889 959 1108 999 maioribus
1125 958 1270 1007 dignus
1287 959 1374 1005 sim,

105 1017 181 1056 sed
204 1022 248 1056 ut
275 1017 378 1056 datis
404 1017 605 1064 indignus.
644 1016 760 1065 plura
785 1014 862 1054 illis
886 1015 1114 1054 hominibus
1133 1014 1375 1063 turpissimis

104 1073 197 1111 data
226 1077 338 1112 sunt:
368 1072 464 1121 quid
491 1072 544 1111 ad
569 1076 682 1110 rem?
717 1081 836 1120 quam
862 1081 954 1110 raro
982 1071 1140 1110 fortuna
1167 1064 1395 1108 iudicat⁴3“'

105 1127 257 1167 Cotidie
276 1128 480 1177 querimur
498 1127 626 1166 malos
648 1136 741 1166 esse
761 1126 918 1165 felices:
949 1136 1076 1174 saepe
1098 1135 1202 1174 quae
1222 1126 1375 1174 agellos
1391 1134 1413 1168 3

102 1183 269 1233 pessimi
287 1183 483 1232 cuiusque
501 1182 730 1229 transierat,
753 1183 992 1230 optimorum
1008 1181 1183 1220 virorum
1198 1187 1375 1230 segetem

101 1239 254 1288 grando
276 1238 486 1288 percussit.
518 1239 594 1277 fert
614 1242 760 1277 sortem
782 1247 896 1276 suam
917 1237 1091 1286 quisque
1110 1242 1153 1276 ut
1173 1237 1213 1275 in
1233 1238 1375 1276 ceteris

100 1294 223 1333 rebus
240 1294 293 1334 ita
307 1294 347 1334 in
361 1293 555 1333 amicitiis.
600 1294 757 1332 Nullum
774 1298 837 1332 est
850 1298 928 1332 tam
946 1294 1108 1342 plenum
1123 1292 1374 1339 beneficium,
1392 1301 1414 1334 4

105 1350 214 1399 quod
243 1361 323 1389 non
348 1350 536 1388 vellicare
562 1348 788 1398 malignitas
818 1348 972 1397 possit,
1010 1349 1160 1387 nullum
1192 1353 1272 1387 tam
1307 1360 1374 1387 an-

103 1410 282 1454 gustum,
313 1406 423 1455 quod
441 1415 523 1444 non
541 1405 673 1444 bonus
693 1405 888 1453 interpres
909 1404 1109 1443 extendat.
1151 1404 1377 1453 Numquam

105 1461 271 1500 deerunt
298 1472 446 1500 causae
473 1461 687 1511 querendi,
717 1460 751 1499 si
779 1460 976 1499 beneficia
1003 1470 1027 1498 a
1047 1459 1244 1499 deteriore
1262 1466 1375 1509 parte

107 1517 366 1565 spectaveriS.

189 1571 325 1611 XXIX.
361 1572 466 1610 Vide
497 1582 614 1620 quam
647 1572 772 1622 iniqui
804 1573 882 1611 sint
912 1572 1136 1610 divinorum
1168 1581 1376 1610 munerum
1394 1576 1412 1608 1

106 1626 379 1666 aestimatores
406 1632 444 1666 et
471 1627 632 1675 quidem
652 1627 828 1678 professi
847 1628 1094 1676 sapientiam.
1144 1632 1374 1675 queruntur,

109 1682 325 1730 quod‘non
351 1681 621 1730 magnitudine
646 1693 860 1732 corporum
884 1693 1105 1732 aequemus
1126 1682 1374 1731 elephantos,

105 1738 319 1777 velocitate
338 1747 502 1786 cervos,
529 1738 686 1777 levitate
706 1749 822 1784 aves,
847 1738 987 1787 inpetu
1000 1743 1152 1778 tauros.
1182 1739 1292 1786 quod
1309 1748 1374 1776 so-

106 1792 224 1832 lidior
251 1794 303 1832 sit
329 1794 430 1832 cutis
458 1793 608 1841 beluis,
645 1794 850 1833 decentior
877 1794 1025 1841 damis,
1064 1793 1229 1833 densior
1256 1794 1375 1839 ursis,

106 1849 263 1888 mollior
282 1849 406 1887 fibris.
438 1848 548 1898 quod
567 1850 782 1897 sagacitate
801 1859 876 1887 nos
896 1850 1051 1888 narium
1066 1859 1188 1888 canes
1204 1849 1376 1895 vincant,

109 1904 218 1952 quod
243 1905 329 1943 acie
356 1904 546 1943 luminum
572 1904 748 1952 aquilae,
785 1906 915 1954 spatio
936 1904 1076 1944 aetatis
1096 1904 1225 1951 corvi,
1257 1906 1376 1943 multa

109 1960 292 1998 animalia
309 1960 431 1998 nandi
451 1959 647 1998 facilitate.
691 1959 741 1998 Et
759 1970 848 1999 cum
868 1961 1065 2008 quaedam
1087 1971 1140 1999 ne
1160 1961 1268 1998 coire
1289 1960 1373 2008 qui—
1391 1963 1413 1995 2

111 2015 201 2053 dem
220 2015 259 2054 in
280 2016 385 2055 idem
403 2020 545 2054 natura
565 2015 754 2063 patiatur,
780 2020 824 2054 ut
843 2016 1091 2054 velocitatem
1107 2026 1322 2064 corporum
1338 2021 1377 2054 et

108 2071 237 2119 vires,
266 2081 317 2109 ex
347 2071 517 2110 diversis
544 2081 591 2109 ac
617 2070 902 2109 dissidentibus
930 2071 1048 2109 bonis
1071 2071 1274 2110 hominem
1295 2082 1376 2110 non

111 2136 204 2164 esse
231 2127 483 2175 conpositum
512 2125 691 2164 iniuriam
720 2131 866 2165 vocant
897 2123 948 2164 et'
966 2127 1223 2175 neglegentes
1251 2127 1375 2165 nostri

112 2180 212 2220 deos
222 2212 232 2230 ‚
262 2182 372 2230 quod
391 2193 473 2221 non
488 2182 594 2221 bona
608 2181 784 2220 valitudo
800 2181 916 2220 etiam
930 2182 1036 2220 vitiis
1054 2181 1374 2231 inexpugnabilis

113 2236 206 2274 data
232 2236 301 2283 sit,
333 2238 441 2286 quod
463 2249 543 2276 non
573 2237 692 2275 futuri
719 2236 898 2275 scientia.
942 2237 1011 2275 vix
1038 2236 1114 2276 sibi
1142 2242 1374 2286 temperant,

115 2291 208 2339 quin
228 2302 277 2331 eo
297 2303 427 2342 usque
447 2293 703 2342 inpudentiae
719 2291 1008 2340 provehantur,
1026 2297 1071 2331 ut
1087 2298 1263 2332 naturam
1279 2294 1373 2332 ode—

114 2345 211 2395 rint,
247 2348 357 2397 quod
382 2348 484 2388 infra
510 2349 611 2389 deos
640 2358 798 2397 sumus,
836 2348 942 2397 quod
971 2359 1051 2388 non
1077 2348 1118 2388 in
1144 2359 1271 2399 aequo
1298 2349 1374 2387 illis
