1592 2580
214 490 228 521 1

260 169 312 211 76
612 167 656 205 L.
683 166 873 205 ANNAEI
900 166 1124 206 SENECAE

253 268 433 309 moverit.
488 267 581 306 huic
609 267 780 315 ingrato,
818 267 886 314 qui
911 267 1190 305 beneficiorum
1226 267 1428 305 fraudator
1454 270 1515 305 est

253 330 292 363 et
309 325 348 362 in
369 323 471 361 hanc
490 327 641 370 partem
663 321 872 370 procubuit
890 322 1040 368 animo,
1064 332 1143 360 non
1170 322 1295 369 magis
1323 322 1431 359 dabit
1447 321 1514 359 be-

252 378 436 416 neficium
466 387 583 424 quam
613 378 690 424 [de]
714 376 863 415 coetori
884 376 1090 423 pecuniam
1112 376 1235 414 credit
1261 381 1328 414 aut
1355 376 1515 424 deposi·

250 439 333 472 tum
355 431 570 471 committet
588 432 642 478 ei,
664 430 731 479 qui
751 430 828 468 iam
849 430 1028 478 pluribus
1046 431 1266 478 abnegavit.
1438 453 1443 459 -

332 486 488 526 XXVII.
518 486 693 523 Timidus
722 485 863 523 dicitur
891 485 1053 533 aliquis,
1081 485 1173 533 quia
1200 486 1340 524 stultus
1369 490 1449 523 est:
1479 490 1517 523 et

251 543 330 580 hoc
349 542 476 579 malos
497 541 693 588 sequitur,
715 550 818 588 quos
831 540 1052 578 indiscreta
1070 545 1108 577 et
1124 540 1313 578 universa
1330 539 1424 578 vitia
1444 540 1516 577 cir·
1579 558 1582 560 ψ

252 600 458 636 cumstant.
495 595 635 633 dicitur
659 595 819 633 timidus
838 594 999 642 proprie
1018 599 1156 632 natura
1175 595 1290 632 etiam
1310 595 1360 632 ad
1379 595 1517 632 inanes

253 661 376 690 sonos
411 650 593 698 pavidus.
638 648 787 688 Stultus
822 650 953 688 omnia
981 649 1074 686 vitia
1100 649 1235 695 habet,
1270 649 1343 686 sed
1369 659 1447 687 non
1478 649 1517 685 in

253 706 384 744 omnia
403 709 541 743 natura
561 715 712 752 pronus
733 709 814 742 est:
848 704 948 742 alius
971 703 1010 741 in
1030 704 1250 749 avaritiam,
1279 703 1381 741 alius
1400 704 1439 740 in
1459 704 1516 741 lu·

213 761 424 805 2xuriam‚
461 759 562 797 alius
600 759 638 796 in
663 759 920 807 <petulantiam
948 758 1168 796 inclinatur.
1216 758 1352 805 Itaque
1385 762 1516 795 errant

217 2295 236 2327 1

255 815 329 860 illi,
352 814 420 863 qui
440 814 680 861 interrogant
699 813 876 852 Stoicos:
895 813 990 862 quid
1011 817 1134 860 ergo?
1162 812 1337 850 Achilles
1360 812 1516 850 timidus

254 873 342 908 est?
379 869 473 917 quid
494 873 618 916 ergo?
653 869 872 915 Aristides,
897 869 959 906 cui
981 868 1126 906 iustitia
1146 877 1287 905 nomen
1308 866 1434 914 dedit,
1462 867 1518 904 in—

254 924 382 962 iustus
410 927 499 961 est?
540 923 635 971 quid
658 927 783 970 ergo?
814 928 853 961 et
870 923 1017 961 Fabius
1040 922 1107 970 qui
1127 922 1384 968 „cunctando
1405 921 1517 959 resti—

255 979 324 1016 tuit
347 981 456 1016 rem“
476 977 710 1015 temerarius
730 982 817 1016 est?
848 978 944 1026 quid
967 981 1090 1024 ergo?
1124 977 1270 1014 Decius
1289 980 1454 1014 mortem
1476 975 1518 1014 ti-

253 1037 358 1072 met?
385 1032 540 1071 Mucius
560 1033 740 1080 proditor
767 1036 856 1070 est?
889 1032 1074 1070 Camillus
1096 1032 1304 1070 desertor?
1336 1031 1421 1069 Non
1443 1030 1519 1068 hoc

253 1087 442 1132 dicimus,
472 1087 531 1124 sie
558 1086 689 1125 omnia
714 1086 810 1124 vitia
836 1097 929 1125 esse
958 1087 997 1124 in
1027 1086 1229 1133 omnibus,
1258 1085 1458 1134 quomodo
1479 1084 1519 1122 in

257 1141 495 1190 quibusdam
515 1141 670 1188 singula
689 1141 879 1188 eminent,
909 1141 980 1179 sed
1001 1142 1143 1178 malum
1166 1151 1211 1178 ac
1231 1142 1390 1178 stultum
1412 1140 1518 1178 nullo

255 1197 347 1234 vitio
369 1206 524 1233 vacare.
551 1205 601 1232 ne
621 1196 811 1234 audacem
834 1195 991 1243 quidem
1015 1195 1164 1233 timoris
1184 1195 1440 1233 absolvimus.
1470 1204 1519 1230 ne

199 1262 235 1295 ·3
256 1250 394 1300 ρῐόᾱίξ,
381 1261 466 1289 um
498 1250 656 1298 quidem
689 1250 854 1288 avaritia
884 1249 1111 1289 liberamus.
1153 1249 1358 1296 Quomodo
1400 1250 1518 1288 homo

256 1315 394 1344 omnes
416 1315 560 1343 sensus
580 1305 698 1342 habet
726 1315 800 1342 nee
811 1304 907 1342 ideo
929 1310 1058 1342 tamen
1080 1314 1217 1342 omnes
1239 1304 1419 1343 homines
1440 1305 1518 1341 aci-

255 1371 317 1398 em
345 1360 492 1397 habent
510 1359 671 1408 Lynceo
695 1358 883 1405 similem,
913 1359 972 1396 sic
993 1359 1059 1406 qui
1081 1359 1221 1397 stultus
1243 1365 1322 1406 est,
1343 1371 1421 1397 non
1442 1364 1520 1396 tam

256 1415 362 1453 acria
390 1419 429 1453 et
457 1414 651 1452 concitata
678 1413 796 1452 habet
823 1413 955 1451 omnia
983 1424 1101 1461 quam
1130 1414 1291 1461 quidam
1311 1415 1519 1461 quaedam.

256 1469 394 1508 Omnia
422 1469 460 1506 in
490 1469 672 1506 omnibus
693 1468 786 1506 vitia
806 1473 917 1515 sunt,
947 1468 1020 1506 sed
1040 1479 1118 1507 non
1141 1469 1273 1506 omnia
1291 1469 1330 1506 in
1353 1468 1518 1516 singulis

255 1528 430 1562 exstant:
466 1523 571 1561 hunc
594 1527 732 1560 natura
751 1523 802 1561 ad
823 1522 1026 1561 avaritiam
1046 1523 1208 1571 inpellit.
1244 1523 1308 1561 hle
1327 1523 1437 1570 vino,
1459 1523 1520 1560 hic

257 1578 405 1617 libidini
423 1578 579 1617 deditus
600 1583 661 1615 est
678 1583 763 1625 aut,
793 1577 826 1615 si
845 1578 1020 1616 nondum
1041 1578 1216 1624 deditus,
1230 1578 1298 1616 ‘ita
1318 1579 1519 1623 formatus,

258 1639 296 1672 ut
322 1634 360 1670 in
390 1633 464 1671 hoc
491 1633 598 1671 illum
622 1643 752 1672 mores
781 1632 843 1670 sui
871 1633 1011 1670 ferant.
1045 1633 1180 1680 Itaque
1208 1637 1251 1671 ut
1269 1634 1319 1670 ad
1342 1632 1521 1680 proposi-

255 1694 336 1726 tum
361 1693 556 1733 revertar,
590 1697 704 1725 nemo
731 1698 808 1726 non
841 1687 1018 1735 ingratus
1046 1691 1106 1724 est
1135 1687 1200 1735 qui
1226 1688 1363 1725 malus.
1402 1687 1522 1724 habet

257 1742 360 1780 enim
381 1742 513 1781 omnia
532 1742 729 1789 nequitiae
759 1741 921 1779 semina.
958 1747 1088 1780 tamen
1119 1742 1325 1792 proprie
1352 1743 1519 1790 ingra-

256 1803 334 1836 tus
354 1797 666 1845 adpellatur‚
696 1797 778 1844 qui
803 1797 862 1834 ad
884 1796 976 1835 hoc
999 1797 1168 1834 vitixum
1190 1797 1373 1843 vergit:
1405 1795 1520 1833 huic

256 1862 373 1900 ergo
402 1851 713 1889 beneficium
742 1861 835 1888 non
865 1851 1008 1889 dabo.
1052 1850 1256 1897 Quomodo
1285 1852 1387 1888 male
1414 1850 1520 1888 filiae

258 1917 355 1945 suae
374 1906 562 1951 consulit,
595 1905 661 1952 qui
682 1906 786 1943 illam
805 1906 1091 1944 contumelioso
1111 1910 1148 1943 et
1167 1915 1288 1952 saepe
1307 1903 1517 1952 repudiato

209 1992 214 1997 .
259 1962 491 2000 conlocavit.
522 1961 723 2008 quomodo
741 1961 867 1998 malus
889 1965 1000 2007 pater
1020 1960 1188 1997 familiae
1206 1959 1428 2003 habebitur,
1453 1959 1520 2005 qui

256 2015 503 2063 negotiorum
518 2020 721 2063 gestorum
735 2015 918 2053 damnato
937 2014 1156 2062 patrimonii
1178 2014 1239 2051 sui
1259 2023 1391 2051 curam
1411 2023 1516 2050 man-

258 2071 418 2108 daverit.
462 2070 662 2117 quomodo
687 2069 979 2107 dementissime
1005 2069 1226 2114 testabitur,
1257 2068 1323 2115 qui
1354 2073 1520 2106 tutorem

258 2124 338 2162 filio
361 2125 563 2172 reliquerit
589 2124 829 2172 pupillorum
847 2121 1129 2172 spoliatorem:
1165 2122 1223 2160 sie
1253 2123 1425 2169 pessime
1452 2122 1520 2159 be·
1554 2120 1557 2125 ’

258 2179 400 2216 neficia
420 2180 526 2217 dare
535 2179 706 2227 dicetur,
734 2179 971 2227 quicumque
998 2179 1172 2225 ingratos
1202 2177 1329 2224 eligit,
1357 2177 1396 2214 in
1420 2187 1521 2224 quos

260 2233 432 2281 peritura
453 2235 640 2273 conserat.

335 2287 508 2326 XXVIII.
536 2288 609 2336 „Di
627 2297 805 2336 quoque
827 2287 968 2335 inquit,
989 2287 1109 2324 multa
1131 2286 1293 2333 lngr‘itls
1310 2285 1493 2324 tribuunt
1498 2287 1521 2312 ‘⁵
