1592 2580
277 175 460 214 NATUR.
481 173 695 222 QUAEST.
727 174 821 214 [ΑΒ.
839 174 925 212 Vll.
955 178 1128 214 21—24.
1262 172 1342 215 311

64 288 278 327 numquam
306 281 482 316 cometes
510 275 549 315 in
579 276 700 315 imum
729 286 859 324 usque
887 275 1092 315 dimittitur
1122 285 1252 324 neque
1274 277 1343 321 ad>-

66 335 310 384 propinquat
335 334 437 371 solo.

143 388 279 428 XXIll.
316 388 554 427 Etiamnunc
579 386 683 435 ignis
713 392 781 426 aut
802 388 850 433 it,
881 398 962 436 quo
984 387 1091 426 iilum
1112 391 1253 426 natura
1271 397 1344 426 sua
1362 392 1380 426 1

62 445 191 492 ducit,
225 445 266 483 id
295 450 358 483 est
386 454 567 490 sursum,
608 449 676 483 aut
702 454 772 489 eo,
805 454 885 491 quo
913 442 1031 482 trahit
1058 442 1241 490 materia,
1281 444 1344 482 cui

61 501 244 540 adhaesit
271 504 310 538 et
333 511 452 548 quam
473 499 724 548 depascitur:
755 499 872 536 nullis
893 498 1051 546 ignibus
1074 498 1286 539 ordinariis
1307 505 1346 539 et

61 557 303 596 coelestibus
332 555 405 594 iter
431 554 581 593 flexum
604 560 678 593 est.
718 554 862 593 sideris
884 554 1091 603 proprium
1113 560 1175 594 est
1195 554 1344 594 ducere

60 612 219 651 orbem:
250 611 359 660 atqui
387 610 465 650 hoc
492 621 543 648 an
563 615 744 650 cometae
763 610 1043 656 sece1·untalii‚
1069 611 1229 650 neseio:
1261 610 1341 650 duo

59 673 198 707 nostra
227 671 356 705 aetate
385 667 576 705 fecerunt.
621 666 776 705 Deinde
804 676 942 713 omne,
974 667 1082 715 quod
1102 677 1226 705 causa
1248 671 1340 705 tem-
1359 669 1380 702 2

61 724 209 773 poralis
238 722 440 769 accendit,
477 723 555 761 cito
582 721 799 761 inteicidit.
829 723 888 760 sic
919 723 1027 760 faces
1058 723 1217 769 ardent,
1248 722 1341 761 dum

58 784 278 818 transeunt.
321 777 381 817 sic
409 778 573 831 fulmina
605 778 643 815 in
672 788 791 816 unum
820 779 954 816 valent
981 777 1115 817 ictum.
1156 777 1214 817 sic
1239 788 1343 827 quae

57 840 315 874 transversae
343 834 528 873 dicuntur
555 823 696 872 'stellae
722 839 762 872 et
797 832 1008 880 cadentes,
1047 834 1343 882 praetervolant

57 894 99 930 et
125 896 266 929 secant
292 892 405 928 aera:
436 889 554 928 nullis
583 889 743 938 ignibus
769 888 845 927 nisi
865 889 905 927 in
925 900 1000 928 suo
1021 900 1134 929 mora
1154 894 1234 935 est,
1264 888 1342 927 illis

57 946 149 986 dico
178 945 342 993 divinis,
373 956 476 993 quos
504 945 625 984 habet
650 945 824 984 mundus
853 949 1060 993 aeternos,
1091 946 1185 995 quia
1208 950 1342 994 partes

57 1002 144 1041 eius
173 1007 266 1041 sunt
292 1006 331 1040 et
359 1011 498 1050 opera.
535 1000 575 1038 hi
604 1005 734 1040 autern
762 1001 914 1049 aliquid
935 1006 1060 1050 agunt
1077 1006 1117 1040 et
1136 1001 1287 1039 vadunt
1306 1006 1344 1039 et

56 1062 236 1098 tenorem
256 1067 373 1096 suum
392 1061 555 1095 servant
572 1067 772 1105 paresque
788 1061 893 1095 sunt.
922 1068 1003 1096 non
1019 1056 1181 1096 alternis
1199 1057 1342 1095 diebus

0 1107 1 1113 ’
56 1114 231 1153 maiores
258 1114 486 1152 minoresve
511 1112 672 1159 fierent,
705 1113 740 1151 si
766 1113 871 1160 ignis
901 1118 1012 1152 esset
1038 1113 1282 1152 collecticius
1304 1117 1343 1151 et

57 1179 109 1207 ex
137 1169 271 1218 aliqua
300 1179 423 1207 causa
450 1169 712 1216 repentinus?
736 1167 866 1207 minor
884 1168 987 1206 enim
1009 1174 1118 1208 esset
1136 1179 1184 1207 ac
1203 1167 1340 1214 maior,

57 1230 177 1273 prout
210 1223 367 1274 plenius
402 1224 574 1263 aleretur
606 1227 674 1262 aut
710 1223 934 1272 malignius.
991 1225 1183 1263 Dicebam
1220 1223 1379 1263 modos

57 1281 198 1328 [modo]
233 1280 327 1319 nihil
356 1280 581 1318 diuturnum
613 1289 726 1326 esse,
765 1279 875 1328 quod
909 1280 1061 1319 exarsit
1094 1280 1199 1319 aeris
1231 1279 1341 1318 vitio.

57 1346 163 1375 nunc
184 1336 356 1385 amplius
377 1335 529 1374 adicio:
559 1335 706 1374 morari
728 1345 775 1373 ac
796 1339 903 1374 stare
923 1337 1032 1374 nullo
1055 1335 1174 1375 modo
1195 1339 1341 1384 potest.

55 1402 147 1430 nam
175 1396 214 1430 et
242 1393 309 1430 fax
335 1396 374 1430 et
402 1391 550 1429 fulmen
579 1395 619 1428 et
645 1391 761 1429 stella
788 1395 1068 1430 transcurrens
1095 1395 1135 1430 et
1157 1390 1342 1440 quisquis

57 1446 160 1485 alius
187 1452 249 1485 est
280 1446 381 1494 ignis
403 1456 454 1483 ex
474 1447 567 1484 aere
587 1455 830 1494 expressus,
864 1445 903 1484 in
924 1447 1019 1494 fuga
1038 1451 1102 1485 est
1119 1457 1252 1496 neque
1271 1446 1341 1485 ad·

59 1508 190 1550 paret,
217 1502 292 1540 nisi
312 1502 406 1539 dum
423 1501 548 1539 eadit:
579 1507 755 1540 cometes
771 1500 891 1541 habet
905 1513 1018 1540 suam
1034 1503 1174 1541 sedem
1189 1508 1228 1542 et
1250 1502 1340 1541 ideo

57 1567 136 1596 non
156 1558 234 1596 cito
258 1558 482 1606 expellitur,
514 1557 587 1595 sed
609 1557 792 1597 emetitur
812 1557 986 1606 spatium
1007 1569 1138 1597 suum.
1176 1568 1251 1596 nec
1272 1568 1340 1596 ex-

57 1612 280 1661 stinguitur,
310 1613 384 1652 sed
408 1612 580 1652 excedit.

139 1668 278 1707 XXIV.
316 1668 388 1715 „Si
402 1667 594 1714 erratica,
625 1669 770 1717 inquit,
798 1669 912 1707 stella
934 1674 1061 1716 esset,
1092 1668 1131 1707 in
1152 1669 1376 1718 signiferol

55 1728 205 1763 esset.“
252 1724 347 1773 Quis
376 1735 495 1763 unum
527 1725 650 1763 stellis
679 1724 840 1763 limitem
870 1724 1007 1773 ponit?
1045 1725 1136 1774 quis
1159 1725 1198 1763 in
1219 1736 1356 1774 angu·.

57 1786 163 1819 stum
179 1780 314 1819 divina
329 1780 548 1829 conpellit?
576 1790 721 1829 nempe
737 1780 836 1819 haec
850 1780 941 1829 ipsa
957 1780 1111 1828 sidera,
1134 1791 1238 1830 quae
1254 1782 1341 1821 sola

56 1836 209 1875 moveri
226 1836 409 1883 creditis,
430 1835 532 1874 alios
549 1840 587 1874 et
602 1836 702 1875 alios
720 1836 893 1875 circulos
909 1835 1076 1875 habent:
1105 1846 1230 1886 quare
1244 1847 1341 1886 ergo

56 1902 136 1930 non
166 1892 301 1940 aliqua
329 1892 426 1937 sint,
456 1901 561 1940 quae
589 1890 627 1928 in
659 1891 865 1940 proprium
885 1892 958 1930 iter
976 1895 1015 1929 et
1035 1891 1084 1931 ab
1105 1892 1192 1931 istis
1211 1902 1341 1932 remo-

56 1952 137 1986 tum
166 1948 436 1986 secesserint?
472 1947 568 1996 quid
598 1953 680 1995 est,
713 1958 838 1996 quare
866 1947 904 1985 in
933 1946 1068 1996 aliqua
1098 1953 1210 1997 parte
1238 1948 1342 1987 coeli

58 2003 238 2052 pervium
267 2014 347 2042 non
369 2002 451 2041 sit?
498 2002 612 2050 Quod
633 2003 667 2041 si
689 2003 843 2041 iudicas
864 2014 943 2041 non
966 2013 1090 2052 posse
1108 2004 1229 2042 ullam
1249 2005 1338 2043 stel-
1356 2011 1378 2044 2

58 2060 154 2104 lam,
185 2058 263 2098 nisi
291 2059 524 2108 signiferum
560 2058 744 2107 adtingit,
784 2058 961 2097 vadere:
999 2064 1176 2098 cometes
1206 2065 1340 2108 potest

57 2114 116 2152 sic
138 2115 256 2153 latum
276 2114 425 2153 habere
447 2114 657 2161 circulum,
681 2119 723 2153 ut
742 2114 780 2152 in
801 2114 907 2153 hunc
926 2119 1055 2153 tamen
1078 2120 1189 2163 parte
1206 2116 1340 2165 aliqua

59 2170 120 2208 sui
148 2170 307 2209 incidat.
348 2170 461 2218 quod·
484 2170 569 2208 fieri
592 2181 670 2208 non
693 2175 754 2209 est
773 2170 1068 2216 necessarium,
1098 2171 1172 2210 sed
1193 2176 1337 2220 potest.

59 2225 151 2263 vide
178 2236 227 2264 ne
256 2225 334 2265 hoc
366 2226 493 2273 magis
525 2225 668 2264 deceat
696 2225 1006 2273 magnitudinem
1034 2227 1190 2273 mundi,
1228 2231 1271 2266 ut
1298 2227 1336 2265 in

59 2281 181 2319 multa
207 2280 348 2320 itinera
367 2281 523 2319 divisus
543 2283 593 2319 sit
613 2291 687 2320 nec
706 2281 808 2319 hanc
828 2292 946 2320 unam
968 2281 1121 2321 deterat
1145 2282 1336 2331 semitam,

60 2336 201 2375 ceteris
222 2338 401 2385 partibus
428 2342 593 2385 torpeat.
640 2337 778 2375 Credis
801 2342 930 2376 autem
951 2338 990 2376 in
1010 2337 1087 2376 hoc
1108 2339 1279 2378 maximo
1300 2344 1374 2378 et3
