1592 2580
284 157 364 198 228
667 158 709 195 L.
739 156 936 196 ANNAEI‘
953 156 1178 197 SENECAE

245 256 588 306 39uibusdan1
634 256 930 295 fluminibus
981 257 1055 294 vis
1101 257 1234 295 inest
1272 258 1402 296 mira.
1461 258 1536 297 alia

281 313 385 351 enim
411 315 520 359 sunt,
559 321 659 360 quae
697 316 813 358 pota
841 309 1081 349 inficiunt
1107 321 1286 359 greges
1318 312 1470 359 ovium,
1498 320 1537 352 et

280 369 382 405 intra
409 371 557 405 certum
575 370 751 414 tempus,
784 375 885 412 quae
905 365 1061 403 suerunt
1078 365 1229 412 nigrae,
1261 366 1387 404 albam
1409 368 1537 406 serunt

279 423 428 467 lanam,
475 430 576 469 quae
608 421 721 458 albae
751 425 958 466 venerant,
1003 420 1137 467 nigrae
1169 421 1324 459 abeunt.
1380 422 1464 459 Hoc
1497 422 1535 460 in

279 475 445 514 Boeotia
470 485 605 513 amnes
634 474 713 513 duo
740 474 932 520 efficiunt,
972 485 1137 522 quorum
1168 475 1276 513 alteri
1311 475 1360 513 ab
1394 476 1536 514 effectu

279 530 404 568 Melas
429 540 570 568 nornen
592 534 672 567 est:
701 529 857 577 utrique
876 539 926 567 ex
946 528 1086 567 eodem
1107 529 1196 567 lacu
1217 534 1361 568 exeunt
1381 530 1537 569 diversa

242 593 264 626 4
281 585 431 623 facturi.
462 585 505 622 ln
522 584 757 622 Macedonia
772 593 943 631 quoque,
963 587 1009 622 ut
1020 584 1073 622 ait
1086 583 1392 632 Theophrastus,
1412 585 1535 623 amnis

280 644 362 685 est,
388 639 439 677 ad
461 650 598 687 quem,
623 638 688 687 qui
709 639 838 676 facere
854 647 951 676 oves
967 637 1077 676 albas
1093 637 1305 685 voluerint,
1324 639 1535 678 adducunt.

282 704 398 742 quem
426 698 469 732 ut
494 693 639 732 diutius
667 698 873 741 potavere,
902 703 980 730 non
1001 693 1112 730 aliter
1132 702 1249 741 quam
1269 692 1434 732 infectae
1453 705 1536 733 mu-

279 753 422 786 tantur.
467 749 520 786 At
538 748 572 785 si
590 747 666 786 illis
689 757 791 795 opus
812 747 882 785 fuit
898 748 991 785 lana
1010 748 1135 795 pulla,
1166 751 1325 795 paratus
1346 749 1536 794 gratuitus

279 802 446 841 infector
465 807 544 841 est:
572 802 624 840 ad
640 802 813 840 Peneion
833 802 1013 840 eumdem
1033 811 1192 850 gregem
1210 801 1420 850 adpellant.
1448 804 1536 841 Au-

279 862 412 896 ctores
440 867 568 895 novos
594 855 723 895 habeo
752 866 844 895 esse
871 855 916 894 in
934 856 1083 895 Galatia
1109 855 1276 904 flumen,
1306 857 1415 905 quod
1433 856 1537 896 idem

278 911 319 950 in
349 912 491 951 ovibus
520 910 677 950 efficiat.
719 915 781 950 est
799 911 892 949 etin
913 910 1183 959 Cappadocia,
1211 922 1289 959 quo
1310 916 1405 959 poto
1425 913 1537 959 equis

279 976 353 1004 nec
372 971 576 1014 praeterea
594 965 662 1004 ulli
687 965 842 1004 animali
862 966 972 1004 color
988 969 1157 1004 mutetur
1175 970 1213 1004 et
1232 967 1429 1014 spargitur
1447 967 1537 1006 albo

231 1021 394 1063 -5cutis.
451 1020 698 1067 Quosdam
734 1021 876 1058 lacus
913 1030 1047 1067 esse,
1086 1021 1167 1068 qui
1209 1021 1358 1058 nandi
1398 1022 1537 1069 inpe—

279 1076 406 1114 ritos
444 1075 460 1112 f
467 1079 627 1122 erant,
666 1079 799 1114 notum
823 1081 901 1114 est:
938 1078 1020 1113 erat
1038 1075 1076 1112 in
1098 1075 1248 1122 Sicilia,
1276 1080 1335 1113 est
1353 1079 1390 1113 et
1409 1075 1538 1113 adhuc

279 1130 319 1167 in
339 1130 456 1180 Syria
475 1135 676 1177 stagnum,
704 1129 742 1168 in
764 1141 842 1177 quo
863 1133 997 1167 natant
1014 1130 1157 1168 lateres
1174 1133 1212 1167 et
1226 1130 1348 1178 mergi
1363 1130 1539 1178 proiecta

279 1195 359 1223 non
380 1188 570 1233 possunt,
598 1184 688 1222 licet
707 1184 889 1231 graviora
909 1184 996 1222 sint.
1046 1184 1172 1222 Huius
1191 1184 1247 1222 rei
1267 1185 1394 1232 palam
1416 1194 1538 1223 causa

279 1244 359 1278 est=
391 1247 679 1286 quamcumque
702 1239 760 1276 vis
780 1247 863 1276 rem
883 1238 1066 1285 expende
1087 1243 1124 1277 et
1143 1244 1280 1277 contra
1298 1249 1440 1286 aquam
1460 1245 1537 1277 sta-

277 1298 363 1341 tue,
390 1293 601 1331 dummodo
623 1292 828 1341 utriusque
856 1303 929 1341 par
948 1292 998 1330 sit
1015 1293 1176 1330 modus=
1206 1294 1239 1331 si
1259 1303 1362 1340 aqua
1380 1292 1538 1340 gravior

280 1352 359 1395 est,
395 1347 583 1385 leviorem
609 1358 710 1394 rem,
742 1358 859 1395 quam
884 1347 972 1394 ipsa
999 1352 1077 1392 est,
1111 1347 1209 1385 seret
1226 1351 1266 1386 et
1285 1352 1390 1386 tanto
1416 1358 1538 1396 supra

281 1412 326 1440 se
353 1403 529 1449 extollet,
560 1406 706 1450 quanto
735 1402 806 1439 erit
824 1401 968 1439 levior:
998 1401 1181 1449 graviora
1199 1402 1457 1440 descendunt.
1499 1408 1538 1440 at

281 1456 317 1495 si
336 1466 464 1506 aquae
483 1462 522 1495 et
541 1457 626 1495 eius
646 1456 722 1503 rei,
753 1466 871 1504 quam
891 1461 1027 1494 contra
1049 1456 1256 1504 pensabis,
1284 1467 1359 1504 par
1379 1456 1535 1504 pondus

280 1512 371 1557 erit,
417 1521 491 1549 nec
522 1521 686 1560 pessum
717 1510 786 1550 ibit
817 1520 892 1549 nec
922 1510 1111 1558 exstabit,
1147 1511 1221 1549 sed
1252 1511 1537 1558 exaequabitur

280 1576 409 1614 aquae
427 1570 466 1604 et
485 1566 632 1604 natabit
656 1565 813 1614 quidem
825 1595 835 1612 ‚
865 1565 938 1604 sed
957 1575 1085 1614 paene
1104 1575 1234 1604 mersa
1254 1575 1300 1603 ac
1319 1566 1424 1603 nulla
1443 1567 1536 1604 emi-

243 1627 265 1662 6
281 1630 378 1659 nens
408 1624 531 1668 parte.
579 1620 664 1659 Hoc
689 1625 768 1666 est,
798 1630 869 1658 cur
896 1621 1088 1668 quaedam
1115 1621 1222 1668 tigna
1247 1630 1368 1668 supra
1394 1631 1536 1668 aquam

253 1683 255 1685 ’
281 1685 408 1723 paene
426 1679 509 1714 tota
530 1674 752 1720 efferantur,
775 1674 968 1723 quaedam
983 1675 1034 1713 ad
1050 1675 1219 1713 medium
1235 1674 1432 1712 submissa
1448 1675 1535 1721 sint,

281 1730 476 1777 quaedam
505 1730 557 1767 ad
590 1728 862 1777 aequilibrium
899 1740 1027 1778 aquae
1061 1729 1316 1767 descendant.
1366 1740 1536 1777 namque

281 1794 370 1822 cum
397 1783 607 1831 utriusque
634 1784 792 1832 pondus
820 1794 892 1832 par
918 1788 995 1831 est,
1024 1788 1160 1822 neutra
1185 1793 1250 1822 res
1277 1784 1386 1822 alteri
1413 1784 1532 1822 cedit:

280 1839 462 1886 graviora
489 1838 755 1886 descendunt,
780 1839 928 1886 leviora
948 1843 1161 1886 gestantur.
1203 1848 1324 1886 grave
1350 1843 1478 1877 autem
1497 1843 1536 1876 et

282 1894 371 1931 leve
389 1898 450 1932 est
468 1903 549 1931 non
568 1892 839 1932 aestimatione
857 1898 1011 1941 nostra,
1041 1894 1112 1931 sed
1135 1893 1414 1940 conparatione
1434 1892 1533 1939 eius,

244 1951 264 1987 7
281 1957 361 1996 quo
381 1948 472 1986 vehi
491 1947 618 1986 debet.
663 1947 800 1995 Itaque
818 1947 886 1986 ubi
899 1958 1004 1996 aqua
1018 1948 1175 1996 gravior
1190 1951 1251 1985 est
1264 1947 1430 1985 hominis
1447 1956 1533 1984 cor—

282 2012 380 2050 pore
399 2007 466 2040 aut
484 2002 589 2048 saxi,
619 2012 697 2040 non
718 2002 809 2040 sinit
826 2002 885 2048 id,
909 2013 988 2050 quo
1007 2013 1084 2040 non
1107 2001 1289 2048 vincitur,
1309 2001 1447 2048 mergi:
1476 2002 1534 2039 sic

281 2057 429 2102 evenit,
459 2062 500 2095 ut
526 2056 566 2094 in
593 2056 827 2104 quibusdam
854 2057 1003 2104 stagnis
1026 2068 1075 2095 ne
1094 2056 1246 2104 lapides
1265 2055 1423 2103 quidem
1445 2065 1533 2104 pes-

282 2123 371 2150 sum
390 2116 492 2149 eant.
529 2111 580 2149 de
598 2110 735 2149 solidis
757 2110 917 2159 quidem
937 2122 982 2150 ae
1003 2111 1116 2150 duris
1131 2112 1284 2158 loquor.
1322 2116 1413 2148 sunt
1431 2110 1533 2148 enim

283 2165 391 2204 multi
413 2164 607 2214 pumicosi
625 2170 665 2204 et
682 2165 810 2212 leves,
841 2175 892 2204 ex
912 2165 1054 2214 quibus
1073 2174 1173 2214 quae
1193 2168 1374 2203 constant
1396 2164 1440 2202 in
1453 2175 1532 2203 su-

244 2224 266 2258 8
284 2222 360 2260 lae
386 2221 587 2269 in‘Lydz'a,
613 2223 796 2258 natant.
850 2220 1146 2269 Theophrastus
1166 2224 1227 2257 est
1247 2225 1394 2258 auctor.
1442 2219 1533 2267 Ipse

283 2275 333 2312 ad
362 2274 521 2313 Cutilias
547 2279 741 2313 natantem
773 2275 940 2314 insulam
968 2274 1058 2313 vidi.
1095 2279 1134 2312 et
1153 2274 1228 2312 alia
1250 2274 1289 2312 in
1307 2273 1533 2312 Vadimonis
