1592 2580
292 122 476 162 NATUR.
498 121 710 170 QUAEST.
739 122 835 164 LIB.
852 122 918 161 111.
946 126 1003 164 26.
1022 126 1079 164 27.
1247 120 1328 162 231

51 227 142 265 dam
162 225 261 265 locis
282 225 414 264 fontes
435 223 603 272 faciunt,
634 228 678 263 ut
696 234 775 262 non
797 228 947 263 tantum
965 225 1108 271 lutum,
1139 223 1213 262 sed
1237 224 1332 263 solia

49 286 255 330 testasque
281 284 322 319 et
342 278 531 328 quicquid
557 284 673 328 putre
694 278 816 318 iacuit
838 280 1052 328 expellant.
1091 278 1242 329 ubique
1262 290 1331 318 au-

49 342 130 376 tem
156 336 250 375 facit
277 345 408 383 mare,
437 334 552 374 cuius
581 334 682 374 haec
705 340 847 374 natura
865 340 946 382 est,
976 340 1020 374 ut
1039 345 1156 374 omne
1175 335 1330 374 inmun-

51 393 147 432 dum
172 396 528 439 stercorosumque
554 390 736 429 litoribus
769 391 961 439 inpingat.
1007 391 1206 439 quaedam
1232 401 1331 429 vero

49 452 184 497 partes
215 447 336 485 maris
363 446 404 485 id
433 445 551 485 certis
570 445 819 495 temporibus
840 446 1009 493 faciunt,
1037 451 1082 486 ut
1100 446 1207 485 circa
1225 446 1331 485 Mes-

50 513 188 542 sanam
215 507 255 541 et
279 502 412 553 Mylas
446 502 540 541 fimo
570 501 761 551 quiddam
793 501 923 540 simile
954 502 1190 541 turbulentis
1220 503 1334 551 aquis

47 568 156 598 mare
175 559 330 607 profert
348 558 557 607 fervetque
571 562 609 597 et
623 561 834 597 exaestuat
849 568 931 596 non
948 557 1036 595 sine
1053 557 1180 596 odore
1196 557 1332 596 foedo.

46 614 154 653 unde
180 614 261 653 illic
287 612 478 653 stabulari
500 613 628 653 boves
650 612 757 652 Solis
777 613 914 652 sabula
932 618 1006 652 est.
1054 612 1137 651 Sed
1157 613 1331 651 difficilis
1346 618 1369 651 8

45 669 147 709 ratio
167 674 228 709 est
251 669 536 719 quorumdam,
563 668 702 718 utique
719 668 789 707 ubi
804 674 965 717 tempus
981 669 1068 707 eius
1082 668 1161 716 rei,
1183 669 1234 707 de
1251 679 1332 717 qua

49 725 264 775 quaeritur,
285 722 584 765 inobservatum
601 726 666 764 vel
680 724 874 763 incertum
890 729 965 763 est.
996 724 1133 773 itaque
1149 724 1332 773 proxima

9 797 11 800 ⁴
48 781 210 830 quidem
241 780 407 820 inveniri
441 790 566 819 causa
597 785 637 819 et
669 779 802 819 vicina
838 789 919 818 non
958 785 1104 829 potest.
1155 786 1330 819 ceterum

47 836 210 886 publica
235 841 297 876 est
318 836 404 875 illa:
442 835 572 876 omnis
593 846 788 885 aquarum
812 835 998 875 stantium
1021 837 1331 885 Clausal-umque

46 897 188 932 natura
213 903 260 932 se
288 896 444 941 purgat.
479 895 590 939 (nam
617 892 658 931 in
682 891 766 940 his,
799 891 946 941 quibus
968 902 1113 931 cursus
1139 896 1219 939 est,
1249 902 1330 930 non

45 953 219 997 possunt
243 947 340 987 vitia
369 947 611 996 consistere,
642 957 745 996 quae
773 947 954 986 secunda
969 947 1032 986 vis
1054 947 1184 986 defert
1203 951 1241 985 ct
1260 958 1331 986 ex·-

45 1006 210 1053 portat.)
235 1002 346 1052 illae,
377 1014 481 1052 quae
499 1014 581 1042 non
600 1003 782 1042 emittunt
803 1002 997 1053 quicquid
1015 1003 1181 1051 insedit,
1202 1003 1330 1052 magis

0 1087 1 1091 ,
45 1059 230 1098 minusve
255 1057 453 1098 aestuant.
499 1059 610 1098 Mare
632 1066 734 1099 vero
757 1059 956 1105 cadavera
975 1064 1271 1108 stramentaque
1292 1064 1332 1097 et

45 1115 329 1163 naufragorum
358 1115 515 1163 reliqua
543 1114 688 1154 similia
715 1125 767 1153 ex
786 1114 922 1154 intimo
944 1114 1063 1154 trahit
1081 1125 1156 1153 nec
1178 1120 1330 1154 tantum

44 1175 281 1220 tempestate
320 1170 546 1220 fluctuque,
591 1170 666 1210 sed
703 1169 961 1220 tranquillum
1004 1181 1169 1220 quoque
1206 1170 1329 1220 placi-

45 1227 221 1275 dumque
245 1231 447 1275 purgatur.

123 1282 281 1321 XXVII.
302 1281 401 1321 Sed
420 1287 586 1322 monet
604 1291 674 1321 me
692 1283 864 1330 locus,
883 1286 933 1321 ut
953 1292 1208 1331 quaeram,
1230 1293 1329 1321 cum
1349 1293 1364 1327 1

44 1337 223 1377 fatalis
261 1338 372 1377 dies
413 1338 599 1377 diluvii
638 1338 864 1386 venerit,
910 1338 1329 1387 quemadmodum

43 1403 220 1441 magna
253 1392 372 1442 pars
406 1397 654 1432 terrarum
690 1393 842 1432 undis
876 1393 1150 1433 obruatur:
1199 1399 1329 1432 utrum

44 1448 186 1488 oceani
209 1448 361 1487 viribus
384 1448 453 1487 fiat
475 1454 515 1488 et
537 1453 758 1488 extremum
782 1449 822 1487 in
844 1459 919 1488 nos
935 1451 1105 1498 pelagus
1124 1454 1327 1497 exsurgat,

43 1515 94 1542 an
106 1503 195 1542 sine
207 1503 502 1543 intermissione
513 1504 661 1544 imbres
672 1510 711 1543 et
721 1503 821 1543 elisa
833 1510 986 1544 aestate
1000 1505 1127 1544 hiems
1144 1505 1330 1553 pertinax

43 1559 266 1598 inmensam
283 1558 365 1598 vim
385 1570 578 1609 aquarum
596 1560 726 1609 ruptis
746 1559 920 1600 nubibus
940 1560 1075 1610 eiciat,
1096 1572 1146 1599 an
1164 1559 1330 1599 flumina

41 1614 161 1653 tellus
181 1615 329 1664 largius
349 1615 489 1654 fundat
506 1615 742 1665 aperiatque
763 1616 895 1655 fontes
915 1627 1068 1664 novos,
1094 1621 1161 1655 aut
1181 1626 1261 1655 non
1277 1615 1330 1655 sit

42 1681 124 1709 una
142 1674 251 1709 tanto
271 1671 375 1710 malo
397 1681 542 1719 causa,
563 1671 638 1710 sed
657 1671 786 1711 omnis
801 1672 902 1711 ratio
919 1673 1145 1712 consentiat
1160 1676 1198 1710 et
1213 1671 1330 1710 simul

42 1726 191 1764 imbres
220 1726 384 1775 cadant,
421 1725 587 1765 flumina
612 1727 856 1775 increscant,
895 1728 1021 1766 maria
1051 1728 1218 1766 sedibus
1242 1727 1328 1766 suis

43 1781 174 1820 excita
188 1786 424 1831 percurrant
443 1782 635 1836 ethia
651 1782 808 1832 agmine
822 1794 903 1822 uno
918 1783 971 1822 ad
987 1783 1150 1829 exitium
1165 1781 1328 1822 humani

43 1837 204 1885 generis
230 1837 473 1876 incumbant.
527 1838 587 1876 Ita
615 1843 690 1877 est.
733 1837 831 1876 nihil
858 1838 1022 1877 difficile
1054 1843 1221 1878 naturae
1254 1842 1364 1886 est,2

43 1893 179 1942 utique
209 1893 279 1931 ubi
305 1893 345 1931 in
367 1893 488 1931 finem
510 1903 628 1932 suum
646 1898 849 1943 properat.
895 1894 961 1932 Ad
982 1893 1175 1942 originem
1194 1904 1328 1932 rerum

43 1958 166 1996 parce
192 1947 314 1988 utitur
340 1948 492 1987 viribus
522 1948 814 1998 dispensatque
840 1959 888 1988 se
910 1948 1166 1988 incrementis
1188 1949 1327 1987 fallen—

42 2003 169 2042 tibus:
200 2003 331 2043 subito
359 2005 411 2043 ad
437 2004 591 2043 ruinam
618 2009 702 2044 toto
728 2004 867 2054 inpetu
893 2004 1014 2043 venit.
1061 2004 1186 2052 Quam
1204 2005 1325 2053 longo

44 2064 223 2108 tempore
250 2070 355 2109 opus
375 2065 455 2106 est,
486 2064 529 2098 ut
548 2065 768 2108 conceptus
788 2060 840 2098 ad
861 2059 1117 2108 puerperium
1137 2060 1327 2109 perduret

44 2114 203 2154 infans?
232 2115 391 2164 quantis
411 2115 616 2154 laboribus
635 2119 748 2154 tener
762 2116 981 2154 educatur?
1011 2126 1131 2164 quam
1146 2115 1324 2164 diligenti

44 2170 281 2210 nutrimento
317 2170 535 2210 obnoxium
576 2170 795 2209 novissime
829 2181 977 2219 corpus
1018 2171 1246 2210 adolescit?
1283 2176 1324 2210 at

45 2235 164 2272 quam
182 2227 290 2266 nullo
306 2226 467 2275 negotio
485 2227 680 2265 solvitur?
707 2226 837 2265 Urbes
854 2226 1057 2266 constituit
1072 2231 1181 2266 aetas
1193 2256 1202 2273 ‚
1223 2226 1323 2266 hora

46 2278 242 2322 dissolvit.
295 2281 495 2322 Momento
522 2282 566 2321 fit
594 2281 715 2330 cinis,
753 2281 823 2321 diu
850 2282 964 2320 silva.
1019 2281 1164 2331 Magna
1199 2283 1322 2322 tutela
