1592 2580
288 166 368 207 266
672 167 715 206 L.
743 165 931 207 ANNAEI
960 169 1183 209 SENECAE

286 270 435 304 notus
457 270 535 304 est:
559 264 702 303 deinde
721 271 890 311 notus,
919 266 1037 305 latine
1055 273 1238 307 auster.
1269 268 1412 310 deinde
1438 272 1536 312 leu-

288 330 378 358 con
391 324 523 367 otus,
555 320 622 367 qui
641 321 748 368 apud
768 332 843 359 nos
862 320 948 360 sine
966 322 1122 360 nomine
1141 328 1213 362 est.

250 379 269 412 1
366 374 486 412 XVII.
528 374 695 413 Placet
730 379 858 413 autem
895 376 1158 414 duodecim
1191 383 1368 417 ventos
1401 389 1539 428 esse,

286 438 366 467 non
390 428 484 476 quia
503 429 651 477 ubique
669 434 726 468 tot
745 430 840 477 sint,
869 430 1064 478 quosdam
1083 430 1186 468 enim
1204 432 1399 472 inclinatio
1419 440 1539 473 terra-

283 493 370 521 rum
391 482 583 530 excludit,
613 484 685 521 sed
706 484 937 532 quoniam
961 495 1205 533 nusquam
1225 488 1391 534 plures
1414 493 1539 527 sunt.

285 537 343 575 sic
371 547 489 576 casus
518 548 590 575 sex
618 538 806 586 dicimus,
834 549 912 577 non
934 538 1026 587 quia
1045 549 1161 577 omne
1181 551 1322 579 nomen
1343 552 1415 580 sex
1440 543 1539 581 reci-

245 597 267 631 2
284 591 356 639 pit,
393 592 465 630 sed
494 593 587 640 quia
613 593 759 630 nullum
787 594 922 641 plures
951 604 1068 641 quam
1095 604 1179 631 sex.
1230 595 1302 642 Qui
1331 597 1538 636 duodecim

282 650 423 684 ventos
452 656 544 684 esse
571 646 772 694 dixerunt,
803 647 880 686 hoc
907 648 1031 686 secuti
1051 653 1160 696 sunt,
1187 650 1394 688 totidem
1421 662 1538 689 ven-

281 704 361 739 tos
386 710 500 739 esse
530 706 651 749 quot
679 703 808 740 coeli
837 702 1144 740 discrimina.
1186 704 1337 742 coelum
1361 706 1463 743 enim
1482 707 1538 744 di-

279 755 425 793 viditur
443 756 481 792 in
503 756 671 793 circulos
693 756 886 805 quinque,
912 757 978 804 qui
996 767 1066 804 per
1079 758 1213 796 mundi
1230 759 1410 798 cardines
1426 766 1538 798 cunt:

280 813 343 848 est
361 809 709 858 septemtrionalis,
731 815 793 849 est
812 811 1131 859 aequinoctialis,
1154 817 1215 851 est
1231 813 1458 861 solstitialis,
1479 819 1541 852 est

279 863 486 910 brumalis,
517 870 578 903 est
596 866 815 904 contrarius
836 864 1157 914 septemtrionali.
1186 866 1248 906 his
1268 873 1404 907 sextus
1427 878 1539 907 acce-

278 918 354 966 dit,
386 919 452 966 qui
480 919 726 967 superiorem
751 925 902 968 partem
922 921 1055 958 mundi
1077 921 1124 958 ab
1143 920 1329 960 inferiore
1348 923 1536 961 secernit:

277 977 320 1010 ut
339 973 419 1011 scis
439 974 560 1018 enim,
589 974 749 1012 dimidia
769 985 862 1023 pars
882 975 1016 1013 mundi
1037 985 1194 1023 semper
1214 987 1354 1024 supra,
1378 976 1540 1015 dimidia

242 1030 265 1063 3
280 1026 380 1065 infra
400 1032 472 1065 est.
519 1028 630 1067 Hanc
650 1029 811 1076 lincam,
843 1040 945 1077 quae
964 1030 1063 1068 inter
1080 1035 1216 1078 aperta
1237 1036 1275 1069 et
1294 1033 1446 1069 occulta
1465 1036 1537 1078 est,

276 1081 318 1119 id
345 1087 405 1120 est
431 1082 535 1120 hunc
559 1082 745 1122 circulum
767 1083 906 1122 Graeci
931 1084 1198 1123 horizonta
1223 1091 1385 1132 vocant,
1414 1086 1538 1124 nostri

277 1135 530 1175 finitorem
565 1138 767 1183 dixerunt,
797 1139 860 1176 alii
890 1137 1163 1177 finientem.
1210 1139 1454 1178 Adiciendus
1477 1145 1537 1178 est

276 1190 405 1228 adhuc
434 1190 674 1230 meridianus
703 1193 890 1239 circulus,
920 1193 986 1240 qui
1013 1193 1218 1231 horizonta
1243 1195 1360 1232 rectis
1381 1195 1535 1242 anguiis

276 1248 396 1282 secat.
444 1245 505 1282 Ex
530 1244 592 1283 his
622 1245 780 1294 quidam
809 1246 944 1284 circuli
974 1247 1013 1284 in
1045 1251 1274 1286 transversa
1306 1253 1465 1287 currunt
1498 1252 1536 1286 et

275 1298 375 1336 alios
395 1299 615 1338 interventu
635 1311 708 1338 suo
730 1299 925 1339 scindunt.
954 1311 1121 1339 neccsse
1138 1306 1199 1340 est
1214 1305 1342 1339 autem
1358 1307 1414 1341 tot
1431 1303 1534 1340 acris

238 1350 502 1391 4discrimina
527 1363 619 1391 esse
647 1359 743 1402 quot
769 1360 915 1402 partes.
969 1355 1074 1403 Ergo
1103 1355 1265 1394 horizon
1288 1356 1372 1394 sive
1392 1356 1533 1394 finiens

274 1408 444 1445 circulus
467 1409 642 1455 quinque
662 1409 751 1447 illos
771 1409 908 1456 orbes,
934 1421 1035 1458 quos
1057 1411 1174 1448 modo
1195 1411 1276 1448 dixi
1296 1410 1400 1458 fieri,
1421 1416 1532 1449 secat

274 1468 313 1500 et
331 1461 451 1500 efficit
471 1463 608 1500 decem
629 1468 780 1511 partes,
810 1464 983 1512 quinque
1004 1464 1052 1502 ab
1077 1469 1181 1511 ortu,
1211 1465 1385 1513 quinque
1400 1466 1449 1503 ab
1466 1475 1532 1503 oc-

274 1526 383 1555 casu.
411 1516 649 1555 meridianus
679 1517 867 1565 circulus,
899 1518 1023 1566 quiin
1045 1518 1248 1557 horizonta
1266 1519 1443 1566 incurrit,
1470 1530 1532 1558 re-

273 1571 413 1618 giones
442 1571 541 1609 duas
568 1571 702 1610 adicit:
739 1571 796 1611 sic
824 1572 1034 1611 duodecim
1053 1584 1122 1611 aer
1141 1573 1368 1611 discriniina
1389 1573 1533 1621 accipit

235 1626 256 1659 5
274 1630 312 1663 et
337 1626 500 1664 totidem
529 1625 621 1663 facit
638 1632 792 1665 ventos.
840 1626 1040 1674 Quidam
1067 1632 1182 1666 sunt
1210 1639 1412 1676 quorum
1426 1629 1530 1666 dam

273 1681 498 1718 locorum
530 1681 743 1728 proprii,
773 1681 839 1729 qui
858 1692 935 1720 non
956 1683 1236 1729 transmittunt,
1257 1682 1380 1720 sedin
1399 1683 1530 1730 proxi-

272 1745 378 1772 mum
397 1735 538 1773 serunt.
567 1745 646 1772 non
666 1740 727 1773 est
745 1734 819 1773 illis
839 1746 864 1773 a
880 1737 1002 1774 latere
1017 1737 1190 1774 universi
1207 1737 1339 1774 mundi
1354 1737 1528 1784 inpetus:

271 1789 466 1827 Atabulus
496 1789 678 1836 Apuliam
710 1788 887 1836 infestat,
925 1790 1141 1828 Calabriam
1172 1791 1317 1840 Iapyx,
1351 1790 1528 1829 Athenas

273 1842 432 1890 Sciron,
460 1842 730 1892 Pamphyliam
759 1844 949 1892 Calamis,
980 1844 1151 1882 Galliam·
1169 1845 1336 1883 Circius=
1374 1845 1436 1882 cui
1463 1855 1527 1882 ae-

272 1897 405 1935 dificia
433 1897 638 1945 quassanti
664 1903 792 1936 tamen
821 1899 974 1937 incolae
999 1900 1145 1947 gratias
1168 1904 1304 1947 agunt,
1328 1903 1527 1946 tamquam

271 1950 539 1990 salubritatem
566 1952 666 1990 coeli
693 1952 753 1989 sui
781 1953 951 1991 debeant
977 1954 1024 1991 ei.
1061 1953 1176 1992 divus
1199 1959 1304 1991 certe
1321 1954 1526 2000 Augustus

269 2007 458 2053 templum
484 2006 556 2052 illi,
594 2016 683 2044 cum
710 2006 748 2043 in
777 2006 900 2044 Gallia
927 2013 1154 2055 moraretur,
1181 2013 1219 2046 et
1237 2006 1345 2046 vovit
1363 2012 1401 2045 et
1421 2007 1525 2046 fecit.

270 2060 464 2098 Infinitum
485 2065 563 2106 est,
589 2060 622 2098 si
641 2061 820 2108 singulos
836 2061 950 2099 velim
968 2063 1167 2110 persequi.
1196 2062 1299 2100 nulla
1315 2061 1418 2099 enim
1434 2073 1524 2109 pro-

270 2115 483 2162 pemodum
509 2115 618 2162 regio
642 2120 720 2162 cst,
751 2125 854 2163 quae
874 2127 952 2154 non
973 2116 1114 2155 habeat
1131 2116 1299 2164 aliquem
1319 2115 1453 2154 flatum
1473 2126 1524 2154 ex

271 2179 315 2206 se
334 2174 559 2207 nascentem
579 2174 618 2208 et
637 2170 742 2208 circa
760 2179 803 2208 se
826 2171 1042 2208 cadentem.

234 2228 252 2260 1
348 2222 485 2261 XVIII.
514 2224 648 2261 Inter
676 2229 844 2262 cetera
871 2225 1003 2273 itaque
1026 2222 1376 2273 providentiae
1403 2233 1520 2271 ope-

268 2287 321 2314 ra
350 2277 442 2316 hoc
472 2288 669 2327 quoque
698 2279 886 2328 aliquis
921 2284 972 2319 ut
999 2279 1194 2327 dignum
1231 2278 1520 2317 admiratio·
