<?xml version="1.0" encoding="UTF-8"?>
<!DOCTYPE html PUBLIC "-//W3C//DTD XHTML 1.0 Transitional//EN"
    "http://www.w3.org/TR/xhtml1/DTD/xhtml1-transitional.dtd">
<html xmlns="http://www.w3.org/1999/xhtml" xml:lang="en" lang="en">
 <head>
  <title>
</title>
<meta http-equiv="Content-Type" content="text/html;charset=utf-8" />
  <meta name='ocr-system' content='tesseract 3.04.00' />
  <meta name='ocr-capabilities' content='ocr_page ocr_carea ocr_par ocr_line ocrx_word'/>
</head>
<body>
  <div class='ocr_page' id='page_1' title='image "./operaquaesupersu01seneuoft/operaquaesupersu01seneuoft_0524.png"; bbox 0 0 1592 2580; ppageno 0'>
   <div class='ocr_carea' id='block_1_1' title="bbox 291 205 1166 249">
    <p class='ocr_par' dir='ltr' id='par_1_1' title="bbox 291 205 1166 249">
     <span class='ocr_line' id='line_1_1' title="bbox 291 205 1166 249; baseline 0.001 -2"><span class='ocrx_word' id='word_1_1' title='bbox 291 206 369 247; x_wconf 83' lang='lat'>198</span> <span class='ocrx_word' id='word_1_2' title='bbox 661 207 704 245; x_wconf 92' lang='lat' dir='ltr'>L.</span> <span class='ocrx_word' id='word_1_3' title='bbox 729 205 918 247; x_wconf 86' lang='lat' dir='ltr'>ANNAEI</span> <span class='ocrx_word' id='word_1_4' title='bbox 943 208 1166 249; x_wconf 87' lang='lat' dir='ltr'>SENECAE</span> 
     </span>
    </p>
   </div>
   <div class='ocr_carea' id='block_1_2' title="bbox 234 303 1537 2370">
    <p class='ocr_par' dir='ltr' id='par_1_2' title="bbox 288 303 1537 452">
     <span class='ocr_line' id='line_1_2' title="bbox 289 303 1536 357; baseline 0.006 -16"><span class='ocrx_word' id='word_1_5' title='bbox 289 308 378 342; x_wconf 65' lang='lat' dir='ltr'>tur?</span> <span class='ocrx_word' id='word_1_6' title='bbox 429 303 586 352; x_wconf 86' lang='lat' dir='ltr'>„Unde‚</span> <span class='ocrx_word' id='word_1_7' title='bbox 625 305 776 353; x_wconf 88' lang='lat' dir='ltr'>inquis,</span> <span class='ocrx_word' id='word_1_8' title='bbox 809 305 954 344; x_wconf 70' lang='lat' dir='ltr'>scis·3“</span> <span class='ocrx_word' id='word_1_9' title='bbox 998 307 1038 345; x_wconf 86' lang='lat' dir='ltr'>in</span> <span class='ocrx_word' id='word_1_10' title='bbox 1068 307 1272 347; x_wconf 80' lang='lat' dir='ltr'>venenatis</span> <span class='ocrx_word' id='word_1_11' title='bbox 1305 308 1536 357; x_wconf 77' lang='lat' dir='ltr'><strong>corporibus</strong></span> 
     </span>
     <span class='ocr_line' id='line_1_3' title="bbox 288 358 1537 412; baseline 0.006 -17"><span class='ocrx_word' id='word_1_12' title='bbox 288 358 433 397; x_wconf 85' lang='lat' dir='ltr'>vermis</span> <span class='ocrx_word' id='word_1_13' title='bbox 458 369 537 398; x_wconf 93' lang='lat' dir='ltr'>non</span> <span class='ocrx_word' id='word_1_14' title='bbox 556 360 747 399; x_wconf 84' lang='lat' dir='ltr'>nascitur=</span> <span class='ocrx_word' id='word_1_15' title='bbox 785 360 944 399; x_wconf 85' lang='lat' dir='ltr'><strong>fulmine</strong></span> <span class='ocrx_word' id='word_1_16' title='bbox 962 361 1039 400; x_wconf 86' lang='lat' dir='ltr'>icta</span> <span class='ocrx_word' id='word_1_17' title='bbox 1057 362 1155 401; x_wconf 87' lang='lat' dir='ltr'>inter</span> <span class='ocrx_word' id='word_1_18' title='bbox 1173 374 1326 412; x_wconf 88' lang='lat' dir='ltr'>paucos</span> <span class='ocrx_word' id='word_1_19' title='bbox 1346 364 1432 402; x_wconf 88' lang='lat' dir='ltr'>dies</span> <span class='ocrx_word' id='word_1_20' title='bbox 1450 375 1537 403; x_wconf 85' lang='lat' dir='ltr'>ver-</span> 
     </span>
     <span class='ocr_line' id='line_1_4' title="bbox 288 413 448 452; baseline 0.014 -2"><span class='ocrx_word' id='word_1_21' title='bbox 288 413 448 452; x_wconf 81' lang='lat' dir='ltr'>minant.</span> 
     </span>
    </p>

    <p class='ocr_par' dir='ltr' id='par_1_3' title="bbox 252 468 1537 682">
     <span class='ocr_line' id='line_1_5' title="bbox 252 468 1536 518; baseline 0.004 -11"><span class='ocrx_word' id='word_1_22' title='bbox 252 475 268 507; x_wconf 92' lang='grc'>1</span> <span class='ocrx_word' id='word_1_23' title='bbox 366 468 517 506; x_wconf 92' lang='lat' dir='ltr'>XXXII.</span> <span class='ocrx_word' id='word_1_24' title='bbox 552 468 673 517; x_wconf 83' lang='lat' dir='ltr'>Quid,</span> <span class='ocrx_word' id='word_1_25' title='bbox 699 469 808 517; x_wconf 89' lang='lat' dir='ltr'>quod</span> <span class='ocrx_word' id='word_1_26' title='bbox 826 470 954 508; x_wconf 82' lang='lat' dir='ltr'>sutura</span> <span class='ocrx_word' id='word_1_27' title='bbox 972 471 1211 518; x_wconf 87' lang='lat' dir='ltr'>portendunt</span> <span class='ocrx_word' id='word_1_28' title='bbox 1228 482 1301 510; x_wconf 92' lang='lat' dir='ltr'>nec</span> <span class='ocrx_word' id='word_1_29' title='bbox 1319 473 1434 512; x_wconf 89' lang='lat' dir='ltr'>unius</span> <span class='ocrx_word' id='word_1_30' title='bbox 1452 478 1536 513; x_wconf 82' lang='lat' dir='ltr'>tan—</span> 
     </span>
     <span class='ocr_line' id='line_1_6' title="bbox 288 523 1534 579; baseline 0.006 -19"><span class='ocrx_word' id='word_1_31' title='bbox 288 528 369 561; x_wconf 83' lang='lat' dir='ltr'>tum</span> <span class='ocrx_word' id='word_1_32' title='bbox 394 529 461 561; x_wconf 88' lang='lat' dir='ltr'>aut</span> <span class='ocrx_word' id='word_1_33' title='bbox 490 523 649 562; x_wconf 87' lang='lat' dir='ltr'>alterius</span> <span class='ocrx_word' id='word_1_34' title='bbox 675 524 731 562; x_wconf 91' lang='lat' dir='ltr'>rei</span> <span class='ocrx_word' id='word_1_35' title='bbox 758 525 871 572; x_wconf 86' lang='lat' dir='ltr'>signa</span> <span class='ocrx_word' id='word_1_36' title='bbox 890 525 1001 571; x_wconf 87' lang='lat' dir='ltr'>dant,</span> <span class='ocrx_word' id='word_1_37' title='bbox 1029 525 1101 563; x_wconf 91' lang='lat' dir='ltr'>sed</span> <span class='ocrx_word' id='word_1_38' title='bbox 1121 536 1243 574; x_wconf 88' lang='lat' dir='ltr'>saepe</span> <span class='ocrx_word' id='word_1_39' title='bbox 1261 528 1419 579; x_wconf 78' lang='lat' dir='ltr'>longum</span> <span class='ocrx_word' id='word_1_40' title='bbox 1438 528 1534 567; x_wconf 80' lang='lat' dir='ltr'>sato-</span> 
     </span>
     <span class='ocr_line' id='line_1_7' title="bbox 286 578 1536 629; baseline 0.006 -15"><span class='ocrx_word' id='word_1_41' title='bbox 286 587 372 615; x_wconf 86' lang='lat' dir='ltr'>rum</span> <span class='ocrx_word' id='word_1_42' title='bbox 398 579 644 626; x_wconf 89' lang='lat' dir='ltr'>sequentium</span> <span class='ocrx_word' id='word_1_43' title='bbox 671 579 847 618; x_wconf 87' lang='lat' dir='ltr'>ordinem</span> <span class='ocrx_word' id='word_1_44' title='bbox 877 578 1054 618; x_wconf 89' lang='lat' dir='ltr'>nuntiant</span> <span class='ocrx_word' id='word_1_45' title='bbox 1080 584 1119 618; x_wconf 87' lang='lat' dir='ltr'>et</span> <span class='ocrx_word' id='word_1_46' title='bbox 1146 581 1303 629; x_wconf 88' lang='lat' dir='ltr'>quidem</span> <span class='ocrx_word' id='word_1_47' title='bbox 1329 583 1431 620; x_wconf 87' lang='lat' dir='ltr'>notis</span> <span class='ocrx_word' id='word_1_48' title='bbox 1455 582 1536 621; x_wconf 89' lang='lat' dir='ltr'>evi-</span> 
     </span>
     <span class='ocr_line' id='line_1_8' title="bbox 286 631 1537 682; baseline 0.004 -13"><span class='ocrx_word' id='word_1_49' title='bbox 286 631 466 670; x_wconf 80' lang='lat' dir='ltr'>dentibus</span> <span class='ocrx_word' id='word_1_50' title='bbox 493 632 692 681; x_wconf 81' lang='lat' dir='ltr'>longeque</span> <span class='ocrx_word' id='word_1_51' title='bbox 718 633 968 681; x_wconf 86' lang='lat' dir='ltr'>clarioribus‚</span> <span class='ocrx_word' id='word_1_52' title='bbox 1005 645 1123 682; x_wconf 87' lang='lat' dir='ltr'>quam</span> <span class='ocrx_word' id='word_1_53' title='bbox 1151 635 1214 682; x_wconf 90' lang='lat' dir='ltr'>[si]</span> <span class='ocrx_word' id='word_1_54' title='bbox 1249 635 1537 676; x_wconf 72' lang='lat' dir='ltr'>scriberentur?</span> 
     </span>
    </p>

    <p class='ocr_par' dir='ltr' id='par_1_4' title="bbox 249 686 1536 1066">
     <span class='ocr_line' id='line_1_9' title="bbox 249 686 1535 740; baseline 0.004 -16"><span class='ocrx_word' id='word_1_55' title='bbox 249 691 270 724; x_wconf 86' lang='lat'><strong>2</strong></span> <span class='ocrx_word' id='word_1_56' title='bbox 285 686 368 725; x_wconf 92' lang='lat' dir='ltr'>Hoc</span> <span class='ocrx_word' id='word_1_57' title='bbox 386 687 485 725; x_wconf 88' lang='lat' dir='ltr'>inter</span> <span class='ocrx_word' id='word_1_58' title='bbox 501 698 577 727; x_wconf 86' lang='lat' dir='ltr'>nos</span> <span class='ocrx_word' id='word_1_59' title='bbox 592 691 630 725; x_wconf 91' lang='lat' dir='ltr'>et</span> <span class='ocrx_word' id='word_1_60' title='bbox 643 688 807 735; x_wconf 86' lang='lat' dir='ltr'>Tuscos,</span> <span class='ocrx_word' id='word_1_61' title='bbox 828 688 972 736; x_wconf 90' lang='lat' dir='ltr'>quibus</span> <span class='ocrx_word' id='word_1_62' title='bbox 991 699 1142 728; x_wconf 90' lang='lat' dir='ltr'>summa</span> <span class='ocrx_word' id='word_1_63' title='bbox 1159 695 1220 728; x_wconf 91' lang='lat' dir='ltr'>est</span> <span class='ocrx_word' id='word_1_64' title='bbox 1238 690 1431 738; x_wconf 81' lang='lat' dir='ltr'>fulgurum</span> <span class='ocrx_word' id='word_1_65' title='bbox 1447 701 1535 740; x_wconf 87' lang='lat' dir='ltr'>per-</span> 
     </span>
     <span class='ocr_line' id='line_1_10' title="bbox 286 742 1535 793; baseline 0.005 -15"><span class='ocrx_word' id='word_1_66' title='bbox 286 742 579 789; x_wconf 83' lang='lat' dir='ltr'>sequendorum</span> <span class='ocrx_word' id='word_1_67' title='bbox 608 742 788 790; x_wconf 85' lang='lat' dir='ltr'>scientia,</span> <span class='ocrx_word' id='word_1_68' title='bbox 818 744 998 782; x_wconf 84' lang='lat' dir='ltr'>interest:</span> <span class='ocrx_word' id='word_1_69' title='bbox 1028 754 1102 782; x_wconf 89' lang='lat' dir='ltr'>nos</span> <span class='ocrx_word' id='word_1_70' title='bbox 1123 749 1325 792; x_wconf 89' lang='lat' dir='ltr'>putamus,</span> <span class='ocrx_word' id='word_1_71' title='bbox 1353 746 1446 793; x_wconf 84' lang='lat' dir='ltr'>quia</span> <span class='ocrx_word' id='word_1_72' title='bbox 1466 757 1535 784; x_wconf 89' lang='lat' dir='ltr'>nu-</span> 
     </span>
     <span class='ocr_line' id='line_1_11' title="bbox 283 795 1535 846; baseline 0.006 -14"><span class='ocrx_word' id='word_1_73' title='bbox 283 795 355 833; x_wconf 89' lang='lat' dir='ltr'>bes</span> <span class='ocrx_word' id='word_1_74' title='bbox 384 797 558 835; x_wconf 85' lang='lat' dir='ltr'>conlisae</span> <span class='ocrx_word' id='word_1_75' title='bbox 585 802 693 843; x_wconf 84' lang='lat' dir='ltr'>sunt,</span> <span class='ocrx_word' id='word_1_76' title='bbox 723 797 884 837; x_wconf 79' lang='lat' dir='ltr'>fulmina</span> <span class='ocrx_word' id='word_1_77' title='bbox 911 798 1042 837; x_wconf 83' lang='lat' dir='ltr'>emitti.</span> <span class='ocrx_word' id='word_1_78' title='bbox 1071 798 1148 846; x_wconf 85' lang='lat' dir='ltr'>ipsi</span> <span class='ocrx_word' id='word_1_79' title='bbox 1169 798 1391 838; x_wconf 88' lang='lat' dir='ltr'>existimant</span> <span class='ocrx_word' id='word_1_80' title='bbox 1410 800 1535 840; x_wconf 88' lang='lat' dir='ltr'>nubes</span> 
     </span>
     <span class='ocr_line' id='line_1_12' title="bbox 284 851 1535 905; baseline 0.003 -17"><span class='ocrx_word' id='word_1_81' title='bbox 284 851 449 897; x_wconf 86' lang='lat' dir='ltr'>conlidi,</span> <span class='ocrx_word' id='word_1_82' title='bbox 476 856 518 890; x_wconf 88' lang='lat' dir='ltr'>ut</span> <span class='ocrx_word' id='word_1_83' title='bbox 538 852 698 890; x_wconf 82' lang='lat' dir='ltr'>fulmina</span> <span class='ocrx_word' id='word_1_84' title='bbox 716 853 947 891; x_wconf 82' lang='lat' dir='ltr'>emittantur.</span> <span class='ocrx_word' id='word_1_85' title='bbox 984 863 1073 891; x_wconf 87' lang='lat' dir='ltr'>nam</span> <span class='ocrx_word' id='word_1_86' title='bbox 1094 863 1181 905; x_wconf 85' lang='lat' dir='ltr'>cum</span> <span class='ocrx_word' id='word_1_87' title='bbox 1201 854 1331 892; x_wconf 90' lang='lat' dir='ltr'>omnia</span> <span class='ocrx_word' id='word_1_88' title='bbox 1350 854 1400 892; x_wconf 92' lang='lat' dir='ltr'>ad</span> <span class='ocrx_word' id='word_1_89' title='bbox 1420 855 1535 894; x_wconf 90' lang='lat' dir='ltr'>deum</span> 
     </span>
     <span class='ocr_line' id='line_1_13' title="bbox 282 905 1536 957; baseline 0.004 -15"><span class='ocrx_word' id='word_1_90' title='bbox 282 905 470 953; x_wconf 78' lang='lat' dir='ltr'>referant,</span> <span class='ocrx_word' id='word_1_91' title='bbox 500 905 539 944; x_wconf 91' lang='lat' dir='ltr'>in</span> <span class='ocrx_word' id='word_1_92' title='bbox 565 916 612 944; x_wconf 90' lang='lat' dir='ltr'>ea</span> <span class='ocrx_word' id='word_1_93' title='bbox 632 906 819 955; x_wconf 89' lang='lat' dir='ltr'>opinione</span> <span class='ocrx_word' id='word_1_94' title='bbox 839 913 946 954; x_wconf 89' lang='lat' dir='ltr'>sunt,</span> <span class='ocrx_word' id='word_1_95' title='bbox 975 912 1175 956; x_wconf 84' lang='lat' dir='ltr'>tamquam</span> <span class='ocrx_word' id='word_1_96' title='bbox 1194 918 1291 956; x_wconf 88' lang='lat' dir='ltr'>nou,</span> <span class='ocrx_word' id='word_1_97' title='bbox 1323 909 1536 957; x_wconf 76' lang='lat' dir='ltr'>quiafacta</span> 
     </span>
     <span class='ocr_line' id='line_1_14' title="bbox 282 961 1534 1011; baseline 0.004 -14"><span class='ocrx_word' id='word_1_98' title='bbox 282 964 393 1007; x_wconf 88' lang='lat' dir='ltr'>sunt,</span> <span class='ocrx_word' id='word_1_99' title='bbox 420 961 659 1008; x_wconf 82' lang='lat' dir='ltr'>significent,</span> <span class='ocrx_word' id='word_1_100' title='bbox 686 961 759 1000; x_wconf 91' lang='lat' dir='ltr'>sed</span> <span class='ocrx_word' id='word_1_101' title='bbox 785 962 877 1010; x_wconf 88' lang='lat' dir='ltr'>quia</span> <span class='ocrx_word' id='word_1_102' title='bbox 905 962 1171 1010; x_wconf 85' lang='lat' dir='ltr'>significatura</span> <span class='ocrx_word' id='word_1_103' title='bbox 1189 969 1298 1011; x_wconf 91' lang='lat' dir='ltr'>sunt,</span> <span class='ocrx_word' id='word_1_104' title='bbox 1317 964 1440 1002; x_wconf 71' lang='lat' dir='ltr'>fianta</span> <span class='ocrx_word' id='word_1_105' title='bbox 1469 973 1534 1002; x_wconf 91' lang='lat' dir='ltr'>ea·</span> 
     </span>
     <span class='ocr_line' id='line_1_15' title="bbox 282 1014 1535 1066; baseline 0.002 -14"><span class='ocrx_word' id='word_1_106' title='bbox 282 1014 372 1052; x_wconf 89' lang='lat' dir='ltr'>dem</span> <span class='ocrx_word' id='word_1_107' title='bbox 390 1018 519 1053; x_wconf 87' lang='lat' dir='ltr'>tamen</span> <span class='ocrx_word' id='word_1_108' title='bbox 538 1015 690 1054; x_wconf 87' lang='lat' dir='ltr'>ratione</span> <span class='ocrx_word' id='word_1_109' title='bbox 707 1016 822 1064; x_wconf 87' lang='lat' dir='ltr'>fiunt,</span> <span class='ocrx_word' id='word_1_110' title='bbox 851 1017 935 1055; x_wconf 87' lang='lat' dir='ltr'>sive</span> <span class='ocrx_word' id='word_1_111' title='bbox 954 1017 1030 1055; x_wconf 88' lang='lat' dir='ltr'>illis</span> <span class='ocrx_word' id='word_1_112' title='bbox 1049 1017 1272 1065; x_wconf 83' lang='lat' dir='ltr'>significare</span> <span class='ocrx_word' id='word_1_113' title='bbox 1289 1019 1535 1066; x_wconf 88' lang='lat' dir='ltr'>propositum</span> 
     </span>
    </p>

    <p class='ocr_par' dir='ltr' id='par_1_5' title="bbox 245 1069 1535 1336">
     <span class='ocr_line' id='line_1_16' title="bbox 245 1069 1535 1120; baseline 0.003 -14"><span class='ocrx_word' id='word_1_114' title='bbox 245 1072 342 1107; x_wconf 83' lang='lat' dir='ltr'>3est</span> <span class='ocrx_word' id='word_1_115' title='bbox 366 1069 454 1107; x_wconf 86' lang='lat' dir='ltr'>sive</span> <span class='ocrx_word' id='word_1_116' title='bbox 481 1080 747 1119; x_wconf 88' lang='lat' dir='ltr'>consequens.</span> <span class='ocrx_word' id='word_1_117' title='bbox 802 1071 1033 1119; x_wconf 84' lang='lat' dir='ltr'>„Quomodo</span> <span class='ocrx_word' id='word_1_118' title='bbox 1064 1082 1159 1120; x_wconf 75' lang='lat' dir='ltr'>ergo</span> <span class='ocrx_word' id='word_1_119' title='bbox 1190 1073 1429 1120; x_wconf 65' lang='lat' dir='ltr'>significant3</span> <span class='ocrx_word' id='word_1_120' title='bbox 1458 1072 1535 1111; x_wconf 80' lang='lat' dir='ltr'>nisi</span> 
     </span>
     <span class='ocr_line' id='line_1_17' title="bbox 281 1123 1535 1174; baseline 0.004 -13"><span class='ocrx_word' id='word_1_121' title='bbox 281 1123 371 1162; x_wconf 89' lang='lat' dir='ltr'>ideo</span> <span class='ocrx_word' id='word_1_122' title='bbox 397 1124 656 1163; x_wconf 69' lang='lat' dir='ltr'>mittuntur?“</span> <span class='ocrx_word' id='word_1_123' title='bbox 690 1127 890 1174; x_wconf 88' lang='lat' dir='ltr'>quomodo</span> <span class='ocrx_word' id='word_1_124' title='bbox 916 1136 1012 1165; x_wconf 88' lang='lat' dir='ltr'>aves</span> <span class='ocrx_word' id='word_1_125' title='bbox 1039 1137 1118 1165; x_wconf 91' lang='lat' dir='ltr'>non</span> <span class='ocrx_word' id='word_1_126' title='bbox 1144 1127 1183 1165; x_wconf 91' lang='lat' dir='ltr'>in</span> <span class='ocrx_word' id='word_1_127' title='bbox 1213 1127 1290 1166; x_wconf 92' lang='lat' dir='ltr'>hoc</span> <span class='ocrx_word' id='word_1_128' title='bbox 1316 1132 1465 1174; x_wconf 84' lang='lat' dir='ltr'>motae,</span> <span class='ocrx_word' id='word_1_129' title='bbox 1492 1131 1535 1165; x_wconf 90' lang='lat' dir='ltr'>ut</span> 
     </span>
     <span class='ocr_line' id='line_1_18' title="bbox 279 1178 1533 1230; baseline 0.002 -15"><span class='ocrx_word' id='word_1_130' title='bbox 279 1178 395 1216; x_wconf 91' lang='lat' dir='ltr'>nobis</span> <span class='ocrx_word' id='word_1_131' title='bbox 423 1183 691 1225; x_wconf 84' lang='lat' dir='ltr'>occurrerent,</span> <span class='ocrx_word' id='word_1_132' title='bbox 721 1181 900 1218; x_wconf 87' lang='lat' dir='ltr'>dextrum</span> <span class='ocrx_word' id='word_1_133' title='bbox 928 1181 1147 1229; x_wconf 82' lang='lat' dir='ltr'>auspicium</span> <span class='ocrx_word' id='word_1_134' title='bbox 1176 1182 1456 1230; x_wconf 89' lang='lat' dir='ltr'>sinistrumque</span> <span class='ocrx_word' id='word_1_135' title='bbox 1479 1182 1533 1219; x_wconf 82' lang='lat' dir='ltr'>fe-</span> 
     </span>
     <span class='ocr_line' id='line_1_19' title="bbox 280 1233 1533 1285; baseline 0.004 -16"><span class='ocrx_word' id='word_1_136' title='bbox 280 1237 428 1272; x_wconf 90' lang='lat' dir='ltr'>cerunt.</span> <span class='ocrx_word' id='word_1_137' title='bbox 474 1233 547 1280; x_wconf 89' lang='lat' dir='ltr'>„Et</span> <span class='ocrx_word' id='word_1_138' title='bbox 566 1233 670 1281; x_wconf 89' lang='lat' dir='ltr'>illas,</span> <span class='ocrx_word' id='word_1_139' title='bbox 690 1234 833 1282; x_wconf 87' lang='lat' dir='ltr'>inquit,</span> <span class='ocrx_word' id='word_1_140' title='bbox 854 1235 954 1273; x_wconf 90' lang='lat' dir='ltr'>deus</span> <span class='ocrx_word' id='word_1_141' title='bbox 971 1235 1132 1274; x_wconf 87' lang='lat' dir='ltr'>movit.“</span> <span class='ocrx_word' id='word_1_142' title='bbox 1177 1236 1298 1275; x_wconf 90' lang='lat' dir='ltr'>Nimis</span> <span class='ocrx_word' id='word_1_143' title='bbox 1313 1237 1419 1285; x_wconf 86' lang='lat' dir='ltr'>illum</span> <span class='ocrx_word' id='word_1_144' title='bbox 1432 1235 1533 1274; x_wconf 88' lang='lat' dir='ltr'>otio-</span> 
     </span>
     <span class='ocr_line' id='line_1_20' title="bbox 280 1287 1533 1336; baseline 0.002 -12"><span class='ocrx_word' id='word_1_145' title='bbox 280 1297 384 1334; x_wconf 88' lang='lat' dir='ltr'>sum,</span> <span class='ocrx_word' id='word_1_146' title='bbox 411 1291 452 1326; x_wconf 85' lang='lat' dir='ltr'>et</span> <span class='ocrx_word' id='word_1_147' title='bbox 468 1287 635 1335; x_wconf 86' lang='lat' dir='ltr'>pusillae</span> <span class='ocrx_word' id='word_1_148' title='bbox 653 1289 710 1326; x_wconf 91' lang='lat' dir='ltr'>rei</span> <span class='ocrx_word' id='word_1_149' title='bbox 729 1288 1078 1335; x_wconf 85' lang='lat' dir='ltr'>ministrum-facis,</span> <span class='ocrx_word' id='word_1_150' title='bbox 1101 1290 1134 1327; x_wconf 89' lang='lat' dir='ltr'>si</span> <span class='ocrx_word' id='word_1_151' title='bbox 1149 1291 1235 1329; x_wconf 88' lang='lat' dir='ltr'>aliis</span> <span class='ocrx_word' id='word_1_152' title='bbox 1252 1291 1424 1336; x_wconf 85' lang='lat' dir='ltr'>somnia,</span> <span class='ocrx_word' id='word_1_153' title='bbox 1446 1290 1533 1327; x_wconf 86' lang='lat' dir='ltr'>aliis</span> 
     </span>
    </p>

    <p class='ocr_par' dir='ltr' id='par_1_6' title="bbox 242 1341 1534 1720">
     <span class='ocr_line' id='line_1_21' title="bbox 242 1341 1533 1392; baseline 0.002 -14"><span class='ocrx_word' id='word_1_154' title='bbox 242 1344 264 1378; x_wconf 86' lang='lat'>4</span> <span class='ocrx_word' id='word_1_155' title='bbox 279 1346 369 1379; x_wconf 87' lang='lat' dir='ltr'>exta</span> <span class='ocrx_word' id='word_1_156' title='bbox 387 1341 573 1389; x_wconf 88' lang='lat' dir='ltr'>disponit.</span> <span class='ocrx_word' id='word_1_157' title='bbox 619 1343 699 1381; x_wconf 85' lang='lat' dir='ltr'>Ista</span> <span class='ocrx_word' id='word_1_158' title='bbox 715 1343 966 1382; x_wconf 86' lang='lat' dir='ltr'>nihi-lominus</span> <span class='ocrx_word' id='word_1_159' title='bbox 986 1344 1118 1383; x_wconf 86' lang='lat' dir='ltr'>divina</span> <span class='ocrx_word' id='word_1_160' title='bbox 1139 1353 1216 1392; x_wconf 87' lang='lat' dir='ltr'>ope</span> <span class='ocrx_word' id='word_1_161' title='bbox 1235 1350 1431 1392; x_wconf 88' lang='lat' dir='ltr'>geruntur,</span> <span class='ocrx_word' id='word_1_162' title='bbox 1459 1344 1533 1382; x_wconf 87' lang='lat' dir='ltr'>sed</span> 
     </span>
     <span class='ocr_line' id='line_1_22' title="bbox 279 1397 1534 1447; baseline 0.002 -14"><span class='ocrx_word' id='word_1_163' title='bbox 279 1406 357 1434; x_wconf 89' lang='lat' dir='ltr'>non</span> <span class='ocrx_word' id='word_1_164' title='bbox 385 1406 408 1434; x_wconf 91' lang='lat' dir='ltr'>a</span> <span class='ocrx_word' id='word_1_165' title='bbox 434 1397 510 1435; x_wconf 91' lang='lat' dir='ltr'>deo</span> <span class='ocrx_word' id='word_1_166' title='bbox 536 1407 691 1444; x_wconf 85' lang='lat' dir='ltr'>pennae</span> <span class='ocrx_word' id='word_1_167' title='bbox 714 1397 844 1436; x_wconf 90' lang='lat' dir='ltr'>avium</span> <span class='ocrx_word' id='word_1_168' title='bbox 862 1403 1052 1446; x_wconf 83' lang='lat' dir='ltr'>reguntur</span> <span class='ocrx_word' id='word_1_169' title='bbox 1069 1409 1143 1437; x_wconf 88' lang='lat' dir='ltr'>nec</span> <span class='ocrx_word' id='word_1_170' title='bbox 1164 1400 1357 1447; x_wconf 87' lang='lat' dir='ltr'>pecudum</span> <span class='ocrx_word' id='word_1_171' title='bbox 1378 1399 1534 1437; x_wconf 78' lang='lat' dir='ltr'>viscera</span> 
     </span>
     <span class='ocr_line' id='line_1_23' title="bbox 279 1450 1532 1498; baseline 0.002 -10"><span class='ocrx_word' id='word_1_172' title='bbox 279 1450 353 1488; x_wconf 87' lang='lat' dir='ltr'>sub</span> <span class='ocrx_word' id='word_1_173' title='bbox 371 1450 460 1498; x_wconf 86' lang='lat' dir='ltr'>ipsa</span> <span class='ocrx_word' id='word_1_174' title='bbox 475 1452 604 1490; x_wconf 89' lang='lat' dir='ltr'>securi</span> <span class='ocrx_word' id='word_1_175' title='bbox 624 1452 856 1491; x_wconf 81' lang='lat' dir='ltr'>formantur:</span> <span class='ocrx_word' id='word_1_176' title='bbox 884 1452 960 1491; x_wconf 91' lang='lat' dir='ltr'>alia</span> <span class='ocrx_word' id='word_1_177' title='bbox 973 1454 1124 1492; x_wconf 89' lang='lat' dir='ltr'>ratione</span> <span class='ocrx_word' id='word_1_178' title='bbox 1141 1454 1306 1493; x_wconf 87' lang='lat' dir='ltr'>fatorum</span> <span class='ocrx_word' id='word_1_179' title='bbox 1323 1454 1446 1491; x_wconf 85' lang='lat' dir='ltr'>series</span> <span class='ocrx_word' id='word_1_180' title='bbox 1464 1459 1532 1491; x_wconf 87' lang='lat' dir='ltr'>ex-</span> 
     </span>
     <span class='ocr_line' id='line_1_24' title="bbox 278 1505 1530 1556; baseline 0.002 -14"><span class='ocrx_word' id='word_1_181' title='bbox 278 1505 444 1552; x_wconf 80' lang='lat' dir='ltr'>plicatur</span> <span class='ocrx_word' id='word_1_182' title='bbox 474 1506 618 1544; x_wconf 82' lang='lat' dir='ltr'>indicia</span> <span class='ocrx_word' id='word_1_183' title='bbox 651 1507 767 1545; x_wconf 83' lang='lat' dir='ltr'>futuri</span> <span class='ocrx_word' id='word_1_184' title='bbox 799 1507 946 1556; x_wconf 90' lang='lat' dir='ltr'>ubique</span> <span class='ocrx_word' id='word_1_185' title='bbox 985 1509 1261 1556; x_wconf 83' lang='lat' dir='ltr'>praemittens,</span> <span class='ocrx_word' id='word_1_186' title='bbox 1304 1514 1355 1546; x_wconf 80' lang='lat' dir='ltr'>ex</span> <span class='ocrx_word' id='word_1_187' title='bbox 1387 1508 1530 1556; x_wconf 89' lang='lat' dir='ltr'>quibus</span> 
     </span>
     <span class='ocr_line' id='line_1_25' title="bbox 278 1560 1531 1610; baseline 0.002 -13"><span class='ocrx_word' id='word_1_188' title='bbox 278 1560 474 1607; x_wconf 82' lang='lat' dir='ltr'>quaedam</span> <span class='ocrx_word' id='word_1_189' title='bbox 500 1560 615 1598; x_wconf 82' lang='lat' dir='ltr'>nobiS</span> <span class='ocrx_word' id='word_1_190' title='bbox 646 1561 867 1609; x_wconf 83' lang='lat' dir='ltr'>familiaria,</span> <span class='ocrx_word' id='word_1_191' title='bbox 900 1563 1094 1610; x_wconf 86' lang='lat' dir='ltr'>quaedam</span> <span class='ocrx_word' id='word_1_192' title='bbox 1115 1563 1249 1610; x_wconf 82' lang='lat' dir='ltr'>ignota</span> <span class='ocrx_word' id='word_1_193' title='bbox 1270 1567 1371 1601; x_wconf 85' lang='lat' dir='ltr'>sunt.</span> <span class='ocrx_word' id='word_1_194' title='bbox 1409 1562 1531 1610; x_wconf 86' lang='lat' dir='ltr'>&#39;Quie-</span> 
     </span>
     <span class='ocr_line' id='line_1_26' title="bbox 278 1614 1532 1665; baseline 0.002 -13"><span class='ocrx_word' id='word_1_195' title='bbox 278 1615 374 1662; x_wconf 91' lang='lat' dir='ltr'>quid</span> <span class='ocrx_word' id='word_1_196' title='bbox 398 1614 550 1653; x_wconf 84' lang='lat' dir='ltr'>ratione</span> <span class='ocrx_word' id='word_1_197' title='bbox 568 1615 628 1663; x_wconf 87' lang='lat' dir='ltr'>fit,</span> <span class='ocrx_word' id='word_1_198' title='bbox 656 1617 821 1654; x_wconf 87' lang='lat' dir='ltr'>alicuius</span> <span class='ocrx_word' id='word_1_199' title='bbox 840 1617 897 1654; x_wconf 84' lang='lat' dir='ltr'>rei</span> <span class='ocrx_word' id='word_1_200' title='bbox 919 1617 1070 1655; x_wconf 83' lang='lat' dir='ltr'>futurae</span> <span class='ocrx_word' id='word_1_201' title='bbox 1089 1618 1243 1665; x_wconf 80' lang='lat' dir='ltr'>signum</span> <span class='ocrx_word' id='word_1_202' title='bbox 1263 1621 1340 1656; x_wconf 85' lang='lat' dir='ltr'>est:</span> <span class='ocrx_word' id='word_1_203' title='bbox 1374 1617 1532 1655; x_wconf 83' lang='lat' dir='ltr'>fortuita</span> 
     </span>
     <span class='ocr_line' id='line_1_27' title="bbox 276 1669 1529 1720; baseline 0.002 -14"><span class='ocrx_word' id='word_1_204' title='bbox 276 1674 315 1707; x_wconf 91' lang='lat' dir='ltr'>et</span> <span class='ocrx_word' id='word_1_205' title='bbox 341 1669 427 1707; x_wconf 91' lang='lat' dir='ltr'>sine</span> <span class='ocrx_word' id='word_1_206' title='bbox 452 1670 604 1707; x_wconf 80' lang='lat' dir='ltr'>ratione</span> <span class='ocrx_word' id='word_1_207' title='bbox 630 1681 734 1718; x_wconf 83' lang='lat' dir='ltr'>vaga</span> <span class='ocrx_word' id='word_1_208' title='bbox 760 1671 1038 1710; x_wconf 84' lang='lat' dir='ltr'>divinationem</span> <span class='ocrx_word' id='word_1_209' title='bbox 1065 1682 1143 1709; x_wconf 91' lang='lat' dir='ltr'>non</span> <span class='ocrx_word' id='word_1_210' title='bbox 1162 1672 1368 1720; x_wconf 85' lang='lat' dir='ltr'>recipiunt.</span> <span class='ocrx_word' id='word_1_211' title='bbox 1411 1671 1529 1710; x_wconf 87' lang='lat' dir='ltr'>Cuius</span> 
     </span>
    </p>

    <p class='ocr_par' dir='ltr' id='par_1_7' title="bbox 239 1723 1530 2101">
     <span class='ocr_line' id='line_1_28' title="bbox 239 1723 1530 1774; baseline 0.002 -14"><span class='ocrx_word' id='word_1_212' title='bbox 239 1735 260 1768; x_wconf 88' lang='lat'>5</span> <span class='ocrx_word' id='word_1_213' title='bbox 276 1723 332 1760; x_wconf 83' lang='lat' dir='ltr'>rei</span> <span class='ocrx_word' id='word_1_214' title='bbox 353 1724 450 1762; x_wconf 84' lang='lat' dir='ltr'>ordo</span> <span class='ocrx_word' id='word_1_215' title='bbox 470 1728 548 1770; x_wconf 84' lang='lat' dir='ltr'>est,</span> <span class='ocrx_word' id='word_1_216' title='bbox 569 1724 683 1762; x_wconf 85' lang='lat' dir='ltr'>etiam</span> <span class='ocrx_word' id='word_1_217' title='bbox 705 1725 919 1772; x_wconf 84' lang='lat' dir='ltr'>praedictio</span> <span class='ocrx_word' id='word_1_218' title='bbox 939 1730 1011 1764; x_wconf 89' lang='lat' dir='ltr'>est.</span> <span class='ocrx_word' id='word_1_219' title='bbox 1057 1726 1159 1773; x_wconf 83' lang='lat' dir='ltr'>„Cur</span> <span class='ocrx_word' id='word_1_220' title='bbox 1179 1733 1272 1774; x_wconf 84' lang='lat' dir='ltr'>ergo</span> <span class='ocrx_word' id='word_1_221' title='bbox 1293 1725 1447 1774; x_wconf 84' lang='lat' dir='ltr'>aquilae</span> <span class='ocrx_word' id='word_1_222' title='bbox 1467 1725 1530 1763; x_wconf 87' lang='lat' dir='ltr'>hic</span> 
     </span>
     <span class='ocr_line' id='line_1_29' title="bbox 276 1777 1528 1828; baseline 0.002 -14"><span class='ocrx_word' id='word_1_223' title='bbox 276 1777 403 1816; x_wconf 88' lang='lat' dir='ltr'>honor</span> <span class='ocrx_word' id='word_1_224' title='bbox 429 1778 543 1816; x_wconf 88' lang='lat' dir='ltr'>datus</span> <span class='ocrx_word' id='word_1_225' title='bbox 572 1784 649 1825; x_wconf 87' lang='lat' dir='ltr'>est,</span> <span class='ocrx_word' id='word_1_226' title='bbox 683 1784 726 1817; x_wconf 88' lang='lat' dir='ltr'>ut</span> <span class='ocrx_word' id='word_1_227' title='bbox 749 1789 979 1827; x_wconf 85' lang='lat' dir='ltr'>magnarum</span> <span class='ocrx_word' id='word_1_228' title='bbox 1006 1790 1135 1819; x_wconf 88' lang='lat' dir='ltr'>rerum</span> <span class='ocrx_word' id='word_1_229' title='bbox 1162 1782 1309 1819; x_wconf 82' lang='lat' dir='ltr'>faceret</span> <span class='ocrx_word' id='word_1_230' title='bbox 1340 1780 1528 1828; x_wconf 78' lang='lat' dir='ltr'>auspicia,</span> 
     </span>
     <span class='ocr_line' id='line_1_30' title="bbox 275 1833 1528 1882; baseline 0.002 -13"><span class='ocrx_word' id='word_1_231' title='bbox 275 1836 342 1870; x_wconf 87' lang='lat' dir='ltr'>aut</span> <span class='ocrx_word' id='word_1_232' title='bbox 368 1840 496 1871; x_wconf 82' lang='lat' dir='ltr'>corvo·</span> <span class='ocrx_word' id='word_1_233' title='bbox 517 1837 555 1870; x_wconf 91' lang='lat' dir='ltr'>et</span> <span class='ocrx_word' id='word_1_234' title='bbox 579 1833 828 1880; x_wconf 84' lang='lat' dir='ltr'>paucissimis</span> <span class='ocrx_word' id='word_1_235' title='bbox 856 1835 1016 1881; x_wconf 85' lang='lat' dir='ltr'>avibus,</span> <span class='ocrx_word' id='word_1_236' title='bbox 1053 1840 1270 1874; x_wconf 85' lang='lat' dir='ltr'>ceterarum</span> <span class='ocrx_word' id='word_1_237' title='bbox 1299 1835 1383 1874; x_wconf 89' lang='lat' dir='ltr'>sine</span> <span class='ocrx_word' id='word_1_238' title='bbox 1416 1843 1528 1882; x_wconf 87' lang='lat' dir='ltr'>prae-</span> 
     </span>
     <span class='ocr_line' id='line_1_31' title="bbox 276 1887 1529 1936; baseline 0 -12"><span class='ocrx_word' id='word_1_239' title='bbox 276 1887 388 1934; x_wconf 82' lang='lat' dir='ltr'>sagio</span> <span class='ocrx_word' id='word_1_240' title='bbox 407 1897 485 1932; x_wconf 87' lang='lat' dir='ltr'>vox</span> <span class='ocrx_word' id='word_1_241' title='bbox 506 1891 631 1925; x_wconf 71' lang='lat' dir='ltr'>cst?“</span> <span class='ocrx_word' id='word_1_242' title='bbox 664 1888 755 1936; x_wconf 87' lang='lat' dir='ltr'>quia</span> <span class='ocrx_word' id='word_1_243' title='bbox 775 1890 969 1936; x_wconf 86' lang='lat' dir='ltr'>quaedam</span> <span class='ocrx_word' id='word_1_244' title='bbox 987 1890 1160 1928; x_wconf 90' lang='lat' dir='ltr'>nondum</span> <span class='ocrx_word' id='word_1_245' title='bbox 1180 1890 1354 1928; x_wconf 39' lang='lat' dir='ltr'>infartem</span> <span class='ocrx_word' id='word_1_246' title='bbox 1369 1889 1529 1926; x_wconf 87' lang='lat' dir='ltr'>redacta</span> 
     </span>
     <span class='ocr_line' id='line_1_32' title="bbox 276 1941 1528 1992; baseline 0.001 -14"><span class='ocrx_word' id='word_1_247' title='bbox 276 1945 384 1988; x_wconf 82' lang='lat' dir='ltr'>sunt,</span> <span class='ocrx_word' id='word_1_248' title='bbox 406 1942 600 1990; x_wconf 84' lang='lat' dir='ltr'>quaedam</span> <span class='ocrx_word' id='word_1_249' title='bbox 621 1951 716 1980; x_wconf 86' lang='lat' dir='ltr'>vero</span> <span class='ocrx_word' id='word_1_250' title='bbox 736 1953 785 1980; x_wconf 87' lang='lat' dir='ltr'>ne</span> <span class='ocrx_word' id='word_1_251' title='bbox 803 1943 929 1990; x_wconf 85' lang='lat' dir='ltr'>redigi</span> <span class='ocrx_word' id='word_1_252' title='bbox 946 1944 1103 1992; x_wconf 89' lang='lat' dir='ltr'>quidem</span> <span class='ocrx_word' id='word_1_253' title='bbox 1119 1949 1287 1992; x_wconf 87' lang='lat' dir='ltr'>possunt</span> <span class='ocrx_word' id='word_1_254' title='bbox 1302 1945 1352 1983; x_wconf 85' lang='lat' dir='ltr'>ob</span> <span class='ocrx_word' id='word_1_255' title='bbox 1369 1941 1528 1981; x_wconf 88' lang='lat' dir='ltr'>nimium</span> 
     </span>
     <span class='ocr_line' id='line_1_33' title="bbox 273 1996 1527 2044; baseline 0.001 -11"><span class='ocrx_word' id='word_1_256' title='bbox 273 2000 464 2034; x_wconf 85' lang='lat' dir='ltr'>remotam</span> <span class='ocrx_word' id='word_1_257' title='bbox 497 1996 853 2036; x_wconf 86' lang='lat' dir='ltr'>conversationem:</span> <span class='ocrx_word' id='word_1_258' title='bbox 897 2003 1067 2036; x_wconf 84' lang='lat' dir='ltr'>ceterum</span> <span class='ocrx_word' id='word_1_259' title='bbox 1102 2001 1249 2038; x_wconf 86' lang='lat' dir='ltr'>nullum</span> <span class='ocrx_word' id='word_1_260' title='bbox 1281 1998 1422 2036; x_wconf 89' lang='lat' dir='ltr'>animal</span> <span class='ocrx_word' id='word_1_261' title='bbox 1455 2001 1527 2044; x_wconf 89' lang='lat' dir='ltr'>est,</span> 
     </span>
     <span class='ocr_line' id='line_1_34' title="bbox 276 2051 1526 2101; baseline 0 -13"><span class='ocrx_word' id='word_1_262' title='bbox 276 2051 383 2097; x_wconf 89' lang='lat' dir='ltr'>quod</span> <span class='ocrx_word' id='word_1_263' title='bbox 409 2061 488 2089; x_wconf 90' lang='lat' dir='ltr'>non</span> <span class='ocrx_word' id='word_1_264' title='bbox 516 2056 623 2090; x_wconf 88' lang='lat' dir='ltr'>motu</span> <span class='ocrx_word' id='word_1_265' title='bbox 649 2056 688 2090; x_wconf 87' lang='lat' dir='ltr'>et</span> <span class='ocrx_word' id='word_1_266' title='bbox 713 2061 882 2090; x_wconf 88' lang='lat' dir='ltr'>occursu</span> <span class='ocrx_word' id='word_1_267' title='bbox 912 2063 985 2090; x_wconf 92' lang='lat' dir='ltr'>suo</span> <span class='ocrx_word' id='word_1_268' title='bbox 1015 2053 1216 2101; x_wconf 79' lang='lat' dir='ltr'>praedic-at</span> <span class='ocrx_word' id='word_1_269' title='bbox 1242 2053 1401 2099; x_wconf 88' lang='lat' dir='ltr'>aliquid.</span> <span class='ocrx_word' id='word_1_270' title='bbox 1447 2061 1526 2090; x_wconf 90' lang='lat' dir='ltr'>uon</span> 
     </span>
    </p>

    <p class='ocr_par' dir='ltr' id='par_1_8' title="bbox 237 2104 1527 2316">
     <span class='ocr_line' id='line_1_35' title="bbox 237 2104 1525 2154; baseline 0 -12"><span class='ocrx_word' id='word_1_271' title='bbox 237 2108 259 2142; x_wconf 89' lang='grc'><strong>6</strong></span> <span class='ocrx_word' id='word_1_272' title='bbox 275 2105 404 2143; x_wconf 88' lang='lat' dir='ltr'>omnia</span> <span class='ocrx_word' id='word_1_273' title='bbox 419 2104 587 2152; x_wconf 83' lang='lat' dir='ltr'>scilicet,</span> <span class='ocrx_word' id='word_1_274' title='bbox 609 2106 682 2144; x_wconf 89' lang='lat' dir='ltr'>sed</span> <span class='ocrx_word' id='word_1_275' title='bbox 698 2106 891 2154; x_wconf 87' lang='lat' dir='ltr'>quaedam</span> <span class='ocrx_word' id='word_1_276' title='bbox 907 2111 1109 2146; x_wconf 86' lang='lat' dir='ltr'>notantur.·</span> <span class='ocrx_word' id='word_1_277' title='bbox 1144 2108 1374 2154; x_wconf 85' lang='lat' dir='ltr'>Auspicium</span> <span class='ocrx_word' id='word_1_278' title='bbox 1391 2106 1525 2144; x_wconf 87' lang='lat' dir='ltr'>obser-</span> 
     </span>
     <span class='ocr_line' id='line_1_36' title="bbox 273 2160 1527 2210; baseline 0.001 -14"><span class='ocrx_word' id='word_1_279' title='bbox 273 2160 400 2197; x_wconf 82' lang='lat' dir='ltr'>vantis</span> <span class='ocrx_word' id='word_1_280' title='bbox 431 2164 502 2198; x_wconf 90' lang='lat' dir='ltr'>est.</span> <span class='ocrx_word' id='word_1_281' title='bbox 543 2161 594 2198; x_wconf 89' lang='lat' dir='ltr'>ad</span> <span class='ocrx_word' id='word_1_282' title='bbox 620 2170 708 2198; x_wconf 91' lang='lat' dir='ltr'>eum</span> <span class='ocrx_word' id='word_1_283' title='bbox 734 2161 866 2208; x_wconf 84' lang='lat' dir='ltr'>itaque</span> <span class='ocrx_word' id='word_1_284' title='bbox 894 2163 1077 2208; x_wconf 81' lang='lat' dir='ltr'>pertinet,</span> <span class='ocrx_word' id='word_1_285' title='bbox 1108 2162 1174 2210; x_wconf 88' lang='lat' dir='ltr'>qui</span> <span class='ocrx_word' id='word_1_286' title='bbox 1199 2161 1237 2199; x_wconf 92' lang='lat' dir='ltr'>in</span> <span class='ocrx_word' id='word_1_287' title='bbox 1267 2172 1314 2199; x_wconf 88' lang='lat' dir='ltr'>ea</span> <span class='ocrx_word' id='word_1_288' title='bbox 1342 2160 1527 2200; x_wconf 81' lang='lat' dir='ltr'>direxerit</span> 
     </span>
     <span class='ocr_line' id='line_1_37' title="bbox 273 2214 1526 2264; baseline 0.002 -15"><span class='ocrx_word' id='word_1_289' title='bbox 273 2214 454 2252; x_wconf 89' lang='lat' dir='ltr'>animum.</span> <span class='ocrx_word' id='word_1_290' title='bbox 498 2218 668 2254; x_wconf 87' lang='lat' dir='ltr'>ceterum</span> <span class='ocrx_word' id='word_1_291' title='bbox 695 2220 732 2254; x_wconf 88' lang='lat' dir='ltr'>et</span> <span class='ocrx_word' id='word_1_292' title='bbox 758 2215 822 2253; x_wconf 87' lang='lat' dir='ltr'>illa</span> <span class='ocrx_word' id='word_1_293' title='bbox 848 2216 962 2261; x_wconf 87' lang='lat' dir='ltr'>fiunt,</span> <span class='ocrx_word' id='word_1_294' title='bbox 994 2226 1096 2264; x_wconf 90' lang='lat' dir='ltr'>quae</span> <span class='ocrx_word' id='word_1_295' title='bbox 1123 2221 1299 2263; x_wconf 87' lang='lat' dir='ltr'>pereunt.</span> <span class='ocrx_word' id='word_1_296' title='bbox 1346 2216 1526 2263; x_wconf 80' lang='lat' dir='ltr'>Quinque</span> 
     </span>
     <span class='ocr_line' id='line_1_38' title="bbox 274 2268 1522 2316; baseline 0.002 -12"><span class='ocrx_word' id='word_1_297' title='bbox 274 2268 473 2306; x_wconf 81' lang='lat' dir='ltr'>stellarum</span> <span class='ocrx_word' id='word_1_298' title='bbox 515 2275 730 2316; x_wconf 89' lang='lat' dir='ltr'>potestates</span> <span class='ocrx_word' id='word_1_299' title='bbox 769 2269 1051 2308; x_wconf 85' lang='lat' dir='ltr'>Chaldaeorum</span> <span class='ocrx_word' id='word_1_300' title='bbox 1091 2270 1314 2309; x_wconf 86' lang='lat' dir='ltr'>observatio</span> <span class='ocrx_word' id='word_1_301' title='bbox 1353 2268 1522 2316; x_wconf 88' lang='lat' dir='ltr'>excepit.</span> 
     </span>
    </p>

    <p class='ocr_par' dir='ltr' id='par_1_9' title="bbox 234 2321 1524 2370">
     <span class='ocr_line' id='line_1_39' title="bbox 234 2321 1524 2370; baseline 0.002 -12"><span class='ocrx_word' id='word_1_302' title='bbox 234 2325 258 2362; x_wconf 85' lang='grc'>,7</span> <span class='ocrx_word' id='word_1_303' title='bbox 276 2321 388 2370; x_wconf 82' lang='lat' dir='ltr'>quid,</span> <span class='ocrx_word' id='word_1_304' title='bbox 410 2326 452 2361; x_wconf 81' lang='lat' dir='ltr'>tu</span> <span class='ocrx_word' id='word_1_305' title='bbox 471 2327 527 2362; x_wconf 84' lang='lat' dir='ltr'>tot</span> <span class='ocrx_word' id='word_1_306' title='bbox 545 2323 731 2362; x_wconf 84' lang='lat' dir='ltr'>illamilia</span> <span class='ocrx_word' id='word_1_307' title='bbox 747 2324 916 2363; x_wconf 88' lang='lat' dir='ltr'>siderum</span> <span class='ocrx_word' id='word_1_308' title='bbox 932 2325 1081 2364; x_wconf 87' lang='lat' dir='ltr'>iudicas</span> <span class='ocrx_word' id='word_1_309' title='bbox 1098 2325 1224 2364; x_wconf 88' lang='lat' dir='ltr'>otiosa</span> <span class='ocrx_word' id='word_1_310' title='bbox 1239 2326 1396 2363; x_wconf 69' lang='lat' dir='ltr'>lucere?</span> <span class='ocrx_word' id='word_1_311' title='bbox 1425 2322 1524 2370; x_wconf 90' lang='lat' dir='ltr'>Quid</span> 
     </span>
    </p>
   </div>
  </div>
 </body>
</html>
