1592 2580
349 164 722 204 DE-213ENEFICHS
755 163 849 203 LIB.
867 165 954 203 VII.
986 169 1028 205 19
1043 187 1088 192 —
1101 169 1158 204 23.
1307 162 1388 204 149

108 269 246 308 redeat
265 267 317 306 ad
336 265 558 312 dominum,
584 265 716 306 bonus
738 266 856 305 sitan
881 266 1022 304 malus.
1062 265 1188 314 quid?
1219 263 1385 314 diligen-

109 330 169 363 ter
194 322 301 363 istud
327 327 577 370 excuterem,
607 323 642 361 si
663 332 743 361 non
761 321 992 368 redderem,
1022 321 1096 360 sed
1117 320 1266 359 darem.
1310 321 1385 359 Hic

109 381 222 419 locus
242 378 414 417 fabulam
437 377 580 427 poscit.

189 434 290 472 XXI.
324 433 616 484 Pythagoricus
647 433 807 483 quidam
836 437 985 471 emerat
1011 441 1035 470 a
1054 437 1192 471 sutore
1210 431 1383 480 phaeca·
1404 440 1421 472 1

107 491 188 538 sia,
208 499 292 528 rem
306 499 489 537 magnam
504 500 586 528 non
601 488 881 538 praesentibus
893 487 1078 527 nummis.
1125 486 1222 527 Post
1235 487 1387 536 aliquot

107 546 195 585 dies
218 545 328 584 venit
356 544 409 583 ad
434 545 640 583 tabernam
666 544 897 584 redditurus
923 548 983 591 et,
1011 552 1101 581 cum
1119 544 1298 582 clausam
1318 543 1387 582 diu

107 602 302 650 pulsaret,
341 600 413 639 fuit
439 601 508 649 qui
536 600 706 640 diceret:
745 599 873 649 „quid
892 599 1028 648 perdis
1050 602 1243 648 operam?
1273 603 1386 638 sutor

106 658 171 696 ille
195 666 314 705 quem
335 656 495 704 quaeris
515 656 663 703 elatus,
694 655 916 695 conbustus
933 659 1007 694 est.
1038 655 1150 704 quod
1167 653 1285 694 nobis
1305 654 1384 694 for-

105 717 216 750 tasse
237 712 447 750 molestum
473 717 554 760 est,
585 712 652 760 qui
679 712 718 750 in
747 717 951 750 aeternum
973 716 1136 750 nostros
1156 710 1383 758 amittimus,

107 767 175 805 tibi
195 767 373 814 minime,
400 766 470 816 qui
497 767 578 807 scis
599 768 773 806 futurum
793 771 836 806 ut
854 769 1139 814 renascatur,“
1168 766 1324 806 iocatus
1343 767 1384 805 in

105 822 425 873 Pythagoricum.
472 824 526 867 At
551 822 820 872 philosophus
843 826 982 861 noster
1006 827 1089 862 tres
1117 826 1185 860 aut
1214 826 1420 871 quatuor2

105 877 294 918 denarios
322 888 402 917 non
426 878 548 917 invita
568 889 689 918 manu
709 879 870 919 domum
889 877 1021 917 retulit
1041 877 1212 917 subinde
1233 887 1381 917 concu-

104 933 222 972 tien‘is.
263 933 408 972 deinde
436 943 527 972 cum
553 934 882 983 reprehendisset
905 933 1010 972 hanc
1037 943 1152 978 suam
1179 943 1260 972 non
1289 934 1381 972 red-

104 988 226 1027 dendi
251 989 407 1028 tacitam
434 989 698 1039 voluptatem,
724 990 960 1038 intellegens
981 988 1168 1028 arrisisse
1187 987 1264 1027 sibi
1283 989 1382 1028 illud

104 1044 309 1092 lucellum,
334 1044 438 1084 redit
457 1045 508 1084 ad
529 1045 711 1084 eamdem
730 1045 936 1085 tabernam
956 1049 996 1083 et
1013 1045 1086 1084 ait:
1125 1044 1217 1093 „ille
1235 1044 1305 1083 tibi
1324 1045 1381 1083 vi-

105 1100 171 1138 vit.
207 1099 333 1139 redde
360 1100 469 1148 quod
496 1100 661 1140 debes.“
713 1100 867 1140 Deinde
901 1110 975 1149 per
1007 1100 1198 1139 clostrum
1228 1110 1309 1149 qua
1335 1110 1381 1139 se

104 1154 366 1194 commissura
384 1156 608 1205 laxaverat,
638 1161 809 1206 quatuor
828 1155 1015 1194 denarios
1037 1156 1077 1194 in
1096 1155 1301 1195 tabernam
1322 1155 1380 1194 in-

101 1210 226 1250 seruit
246 1214 310 1258 [ac
327 1210 446 1261 misit]
467 1221 622 1260 poenas
642 1222 666 1250 a
685 1222 731 1251 se
746 1211 913 1261 exigens
927 1210 1122 1260 inprobae
1137 1210 1378 1261 cupiditatis,

101 1275 152 1304 ne
171 1266 301 1304 alieno
323 1265 593 1306 adsuesceret.

181 1321 300 1360 XXII.
338 1321 452 1369 Quod
480 1322 625 1372 debes,
666 1333 815 1372 quaere
849 1323 914 1362 cui
945 1323 1094 1362 reddas
1129 1328 1168 1362 et
1201 1322 1235 1362 si
1263 1334 1379 1362 nemo
1403 1329 1419 1361 1

101 1382 260 1425 poscet,
291 1376 380 1425 ipse
398 1383 438 1416 te
456 1377 628 1426 adpella.
665 1380 792 1417 malus
813 1389 863 1417 an
883 1379 1014 1418 bonus
1037 1377 1140 1430 [sit]‚
1170 1378 1222 1417 ad
1240 1383 1279 1417 te
1297 1389 1380 1418 non

102 1431 283 1480 pertinet.
317 1432 443 1471 redde
461 1437 501 1472 et
522 1439 560 1472 te
580 1444 740 1473 accusa.
779 1434 925 1473 oblitus
946 1444 1011 1481 es,
1043 1434 1380 1483 quemadmodum

99 1487 201 1526 inter
217 1497 293 1525 vos
314 1487 447 1526 officia
467 1487 597 1527 divisa
617 1489 713 1528 sint:
744 1489 798 1527 illi
819 1489 967 1528 oblivio
988 1489 1182 1538 imperata
1200 1493 1281 1537 est,
1307 1489 1380 1528 tibi

99 1542 330 1580 meminisse
349 1542 639 1583 mandavimus.
684 1545 801 1584 Errat
818 1549 972 1591 tamen,
1003 1546 1038 1584 si
1058 1545 1149 1593 quis
1165 1544 1376 1592 existimat,

99 1607 189 1636 cum
216 1597 384 1636 dicimus
412 1609 501 1636 eum
531 1599 599 1648 qui
626 1599 865 1639 beneficium
891 1600 1021 1649 dedit,
1052 1600 1236 1640 oblivisci
1256 1611 1376 1649 opor-

98 1658 199 1700 tere,
227 1658 415 1692 excutere
434 1664 509 1692 nos
528 1654 581 1693 illi
600 1656 828 1694 memoriam
849 1655 907 1694 rei
928 1655 1162 1704 praesertim
1175 1655 1375 1696 honestis-

98 1708 242 1746 simae:
274 1708 471 1757 quaedam
489 1711 758 1760 praecipimus
777 1711 882 1750 ultra
900 1711 1084 1759 modum,
1103 1717 1148 1751 ut
1166 1711 1219 1750 ad
1237 1722 1375 1751 verum

96 1768 136 1802 et
162 1774 278 1803 suum
304 1763 482 1804 redeant.
536 1765 631 1804 Cum
659 1766 847 1805 dicimus:
877 1765 1107 1806 meminisse
1134 1777 1215 1823 non
1243 1767 1374 1814 debet,
1394 1768 1415 1802 2

95 1818 174 1858 hoc
199 1820 386 1859 volumus
415 1820 609 1869 intellegi:
642 1821 875 1870 praedicare
893 1833 974 1861 non
996 1823 1115 1862 debet
1132 1832 1208 1861 nec
1226 1823 1374 1862 iactare

96 1884 170 1913 nec
197 1875 332 1923 gravis
360 1885 466 1914 esse.
514 1876 680 1924 Quidam
702 1877 806 1916 enim
831 1877 1092 1926 beneficium,
1120 1878 1232 1927 quod
1252 1878 1373 1917 dede—

93 1935 203 1977 runt,
225 1930 408 1970 omnibus
429 1932 588 1970 circulis
609 1938 781 1972 narrant.
810 1932 887 1972 hoc
908 1933 1031 1972 sobrii
1052 1933 1277 1983 loquuntur,
1294 1933 1373 1973 hoc

95 1984 194 2038 ebrii
229 1996 309 2024 non
345 1987 566 2035 continent,
603 1987 682 2026 hoc
715 1989 860 2037 ignotis
886 1989 1092 2038 ingerunt,
1120 1988 1205 2028 rhoc
1233 1989 1372 2028 amicis

96 2039 359 2080 committunt:
389 2047 432 2081 ut
450 2042 550 2081 haec
570 2043 690 2081 nimia
710 2049 749 2082 et
767 2043 1049 2092 exprobratrix
1067 2045 1258 2084 memoria
1277 2045 1371 2084 sub-

96 2094 265 2144 sideret,
294 2097 477 2137 oblivisci
505 2107 616 2147 eum,
646 2098 714 2148 qui
735 2099 861 2146 dedit,
893 2099 1103 2147 iussimus,
1131 2105 1170 2140 et
1189 2101 1280 2149 plus
1299 2101 1370 2139 im-

95 2151 274 2197 perando
296 2163 416 2202 quam
437 2153 630 2202 praestari
649 2159 824 2203 poterat,
855 2154 1055 2194 silentium
1075 2156 1290 2195 suasimus.

174 2204 309 2245 XXIII.
339 2208 529 2256 Quotiens
550 2220 690 2258 parum
710 2209 881 2248 fiduciae
902 2214 963 2249 est
981 2210 1021 2249 in
1040 2210 1114 2258 his,
1137 2211 1281 2260 quibus
1296 2210 1366 2250 im-
1388 2217 1408 2250 1

95 2269 231 2309 peres,
260 2265 430 2312 amplius
452 2269 513 2303 est
532 2265 773 2313 exigendum
794 2275 912 2314 quam
931 2270 993 2304 sat
1011 2270 1092 2313 est,
1123 2272 1166 2306 ut
1190 2273 1366 2316 praeste-

93 2321 158 2354 tur
174 2322 363 2364 quantum
384 2325 445 2359 sat
464 2324 537 2358 est.
579 2320 621 2358 In
642 2320 719 2358 hoc
740 2320 867 2359 omnis
887 2320 1111 2371 hyperbole
1129 2322 1364 2371 extenditur,

92 2375 136 2409 ut
154 2370 206 2409 ad
225 2381 363 2412 verum
382 2375 592 2414 mendacio
612 2376 756 2414 veniat.
786 2375 920 2424 itaque
940 2376 1025 2426 ille,
1052 2387 1140 2417 cum
1159 2377 1257 2417 dixit
