1624 2626
315 182 398 224 '240
548 183 591 221 L.
619 161 808 222 ANNAE'I
836 182 1060 223 εΕΝΕοΑΕ
1093 183 1222 224 mAL.
1250 186 1331 226 ΧΠ.

277 282 300 316 3
321 285 449 324 solent
475 283 630 322 faceret*
659 283 744 335 Non
770 288 850 329 est,
884 283 991 330 quod
1019 284 1069 322 de
1095 293 1157 322 me
1177 285 1262 323 aliis
1283 284 1444 323 credas:
1480 285 1566 333 ipse

318 339 406 386 tibi,
440 348 490 376 ne
519 338 615 386 quid
645 338 803 375 incertis
832 338 1084 385 opinionibus
1103 339 1363 387 perturberis,
1397 339 1566 378 indico

318 403 389 431 me
409 402 502 431 non
521 401 638 430 esse
658 392 904 442 miserum.
939 391 1170 440 adiciam,
1191 403 1278 441 ⁴quo
1297 393 1472 432 securior
1491 394 1566 441 sis,

319 458 376 486 ne
397 446 516 485 fieri
536 445 735 494 quidem
755 455 827 483 me
846 455 1001 493 posse
1020 445 1263 498 miserum.

283 500 301 532 1
397 501 448 539 V.
475 501 588 539 Bona
607 500 838 538 condicione
857 499 977 547 geniti
995 499 1144 547 sumus,
1165 501 1198 539 si
1214 511 1298 538 eam
1313 510 1391 539 non
1407 501 1567 539 deseru-

319 557 477 594 erImus.
519 555 564 592 Id
592 554 671 602 egit
687 564 817 592 rerum
837 559 993 599 natura,
1014 558 1057 592 ut
1076 554 1126 592 ad
1146 555 1246 593 bene
1263 555 1472 593 vivendum
1489 566 1568 594 non

319 620 461 657 magno
485 610 674 657 adparatu
695 619 796 656 opus
816 613 942 647 esset:
960 609 1310 656 unusquisque
1328 608 1497 647 faeere
1517 619 1569 647 se

319 665 517 702 beatum
538 667 717 711 potest.
755 664 868 701 leve
887 663 1244 702 momentumin
1265 663 1567 702 adventiciis

318 718 470 756 rebus
492 722 570 756 est
589 722 627 755 et
646 717 752 765 quod
771 716 809 754 in
830 722 1007 769 neutram
1027 717 1176 764 partem
1196 728 1358 769 magnas
1376 717 1481 755 vires
1500 717 1569 754 lia-

319 773 428 810 beat:
448 782 521 810 nec
541 772 717 810 secunda
737 771 954 819 sapientem
973 771 1143 810 evehunt
1158 781 1231 809 neo
1246 772 1416 809 adversa
1433 772 1567 809 demit-

318 831 414 864 tunt.
455 826 647 864 laboravit
667 825 768 863 enim
788 836 963 873 semper,
983 830 1025 864 ut
1043 825 1080 863 in
1102 837 1146 864 se
1166 825 1370 873 plurimum
1390 830 1566 873 poneret,

284 881 419 918 2intra
448 889 493 918 se
520 890 635 919 omne
662 880 845 928 gaudium
876 885 1036 928 peteret.
1078 880 1176 927 Quid
1197 884 1319 927 ergo?
1350 880 1567 927 sapientem

320 945 412 973 esse
439 945 501 972 me
526 935 643 973 dico?
675 934 843 972 minime.
888 945 976 972 nam
996 934 1034 972 id
1055 935 1212 983 quidem
1232 935 1265 972 si
1283 933 1456 983 profiteri
1476 945 1568 982 pos-

320 999 416 1036 sem,
436 999 514 1027 non
533 993 680 1027 tantum
696 999 884 1035 negarem
906 989 1090 1026 miserum
1110 999 1201 1027 esse
1216 999 1290 1036 me,
1308 989 1380 1027 sed
1397 988 1568 1027 omnium

320 1043 666 1081 fortunaussimum
696 1047 733 1079 et
758 1044 796 1079 in
826 1042 994 1094 vicinum
1020 1043 1095 1081 deo
1117 1043 1346 1091 perduc-tum
1367 1043 1569 1090 praedica-

319 1107 421 1134 rem=
453 1107 576 1144 nunc,
606 1096 713 1143 quod
741 1096 836 1134 satis
857 1102 918 1135 est
938 1096 988 1134 ad
1009 1098 1133 1135 omnis
1154 1097 1332 1135 miserias
1353 1097 1568 1143 leniendas,

319 1150 565 1199 sapientibus
592 1161 654 1188 me
675 1149 767 1188 viris
788 1150 879 1188 dedi
899 1155 936 1188 et
954 1151 1125 1188 nondum
1146 1152 1183 1188 in
1205 1151 1389 1189 auxilium
1409 1151 1483 1189 mei
1502 1161 1568 1188 va—

320 1201 424 1243 lidus
451 1205 489 1243 in
518 1204 644 1242 aliena
664 1208 793 1242 castra
813 1204 988 1251 confugi,
1007 1215 1150 1243 -eorum
1172 1204 1339 1252 scilicet,
1369 1205 1437 1253 qui
1456 1205 1568 1242 facile

283 1259 304 1293 3
323 1270 367 1298 se
393 1269 439 1297 ac
468 1269 563 1297 suos
591 1262 758 1296 tuentur.
801 1259 856 1296 Ilii
884 1269 946 1296 me
973 1258 1172 1297 iusserunt
1192 1263 1296 1297 stare
1316 1259 1483 1297 adsidue
1503 1269 1567 1296 ve-

320 1315 376 1352 lut
419 1314 458 1351 in
503 1312 702 1361 praesidio
741 1313 909 1360 positum
949 1317 987 1351 et
1024 1313 1149 1351 omnis
1187 1318 1350 1351 conatus
1392 1314 1570 1352 fortunae

321 1373 359 1406 et
399 1368 524 1406 omnis
562 1368 718 1415 inpetus
753 1367 983 1415 prospicere
1014 1369 1133 1406 multo
1166 1373 1254 1406 ante
1288 1378 1406 1416 quam
1440 1368 1567 1405 incur—

319 1426 420 1459 rant.
461 1421 536 1460 iliis
567 1421 699 1469 gravis
728 1426 807 1467 est,
843 1421 984 1469 quibus
1011 1422 1215 1469 repentina
1240 1426 1318 1460 est:
1339 1421 1453 1460 facile
1484 1431 1569 1459 earn

322 1477 506 1522 sustinet,
553 1475 637 1524 qui·
661 1485 819 1523 semper
852 1480 1068 1523 exspectat.
1110 1486 1197 1513 nam
1229 1481 1267 1514 et
1297 1476 1467 1515 hostium
1501 1477 1568 1514 ad-

320 1535 462 1569 ventus
502 1539 572 1568 eos
606 1530 835 1577 prosternit,
869 1541 969 1578 quos
1000 1530 1238 1578 inopinantis
1270 1531 1495 1579 occupavit:
1533 1535 1570 1568 at

323 1584 391 1633 qui
425 1585 554 1623 futuro
596 1594 640 1622 se
675 1584 778 1622 bello
812 1588 900 1622 ante
931 1585 1073 1622 bellum
1119 1591 1377 1636 paraverunt,
1422 1595 1569 1634 conpo-

322 1639 384 1677 siti
417 1643 455 1677 et
489 1638 608 1687 aptati
627 1639 790 1686 primum
803 1668 812 1685 ,
846 1639 912 1687 qui
945 1639 1319 1678 tumultuosissimus
1339 1643 1419 1686 est,
1454 1640 1569 1677 ictum

285 1695 307 1730 4
323 1694 434 1731 facile
460 1693 668 1742 excipiunt.
710 1693 930 1741 Numquam
957 1703 1031 1741 ego
1052 1695 1230 1732 fortunae
1257 1694 1422 1740 credidi,
1456 1694 1569 1731 etiam

323 1758 409 1787 cum
435 1747 632 1785 videretur
651 1756 789 1795 pacem
811 1757 938 1795 agere.
981 1749 1111 1786 omnia
1137 1748 1227 1796 iila,
1254 1758 1354 1796 quae
1374 1748 1412 1785 in
1432 1757 1494 1785 me
1512 1748 1569 1785 in—

323 1801 620 1850 dulgentissime
640 1801 884 1849 conferebat,
916 1804 1141 1851 pecuniam,
1171 1803 1361 1849 honores,
1395 1802 1568 1851 gratiam,

323 1868 370 1896 eo
390 1859 477 1895 loco
498 1856 636 1905 posui,
665 1857 771 1895 unde
789 1861 928 1904 posset
946 1858 1031 1895 sine
1049 1863 1155 1896 motu
1174 1866 1261 1895 meo
1282 1861 1472 1904 repetere.
1512 1857 1568 1894 in—

321 1912 524 1949 tervallum
553 1910 653 1949 inter
671 1911 736 1948 illa
755 1916 793 1949 et
810 1921 872 1948 me
892 1921 1072 1959 magnum
1091 1911 1221 1950 habui.⁴
1261 1909 1393 1959 itaque
1413 1911 1571 1963 abstulit

323 1966 408 2012 iila,
442 1972 520 2005 non
547 1965 702 2004 avulsit.
743 1966 941 2004 Neminem
970 1967 1137 2004 adversa
1166 1966 1321 2003 fortuna
1347 1965 1570 2012 conminuit,

286 2025 306 2057 5
323 2020 396 2057 nisi
417 2031 533 2068 quem
553 2020 729 2059 secunda
747 2020 914 2068 decepit.
940 2020 998 2058 1111
1018 2021 1084 2069 qui
1098 2029 1259 2058 munera
1273 2019 1358 2057 eius
1373 2020 1480 2057 velut
1497 2029 1569 2057 sua

325 2078 362 2112 et
383 2079 572 2122 perpetua
591 2079 829 2120 amaverunt,
850 2076 916 2122 qui
940 2085 983 2112 se
1003 2074 1151 2125 suspici
1171 2078 1332 2121 propter
1350 2073 1416 2111 illa
1434 2073 1567 2111 volue-

323 2133 439 2173 runt,
463 2129 591 2167 iacent
617 2133 655 2167 et
681 2134 872 2176 moerent,
908 2139 995 2167 cum
1015 2137 1137 2167 vanos
1155 2132 1194 2178 et
1213 2128 1384 2175 pueriles
1404 2127 1567 2173 animOS‚

326 2182 452 2220 omnis
481 2179 635 2221 solidae
658 2179 871 2232 voluptatis
900 2184 1092 2231 ignaros,
1111 2182 1210 2220 falsa
1229 2185 1267 2219 et
1285 2181 1441 2220 mobilia
1461 2182 1570 2220 obie-⁴

326 2240 517 2274 ctamenta
536 2237 768 2276 destituuntt
791 2243 828 2276 at
846 2238 920 2286 ille,
942 2237 1007 2285 qui
1027 2237 1199 2274 seiaetis
1218 2236 1338 2274 rebus
1357 2246 1435 2274 non
1456 2234 1567 2273 infla-

327 2290 399 2338 vit,
420 2299 493 2328 nec
510 2293 665 2331 mutatis
686 2291 898 2331 contrahit·
919 2292 1108 2330 adversus
1131 2295 1334 2339 utrumque
1355 2294 1495 2329 statum
1511 2290 1567 2328 in-
