1592 2580
387 181 453 221 DE
480 179 759 220 BENEFICIIS
786 181 880 221 LIB.
895 182 947 220 V.
977 187 1083 223 14—
1094 188 1148 224 16.
1351 182 1406 223 99

120 283 198 324 nisi
217 282 396 332 verterit,
425 280 502 322 nisi
519 282 784 331 Allobrogum
812 281 850 321 in
871 283 978 322 illam
998 283 1188 323 cohortes
1211 284 1407 324 inmiserit

120 346 159 380 et
179 347 287 380 trans
305 340 433 388 Alpes
453 338 604 377 accitus
626 339 755 377 hostis
775 343 913 377 vetera
931 343 972 378 et
987 339 1164 387 ingenita
1179 340 1273 379 odia
1286 341 1404 380 satia-

118 396 218 435 verit
236 405 284 434 ac
305 395 375 433 diu
394 393 551 433 debitas
572 394 737 433 inferias
757 394 919 433 Gallicis
937 394 1068 434 bustis
1089 395 1216 435 duces
1235 396 1406 435 Romani

116 451 396 501 persolverint.
443 450 625 498 Ingratus
654 449 695 488 C.
710 449 862 489 Marius
885 449 939 489 ad
958 451 1214 490 consulatum
1231 461 1259 490 a
1272 451 1404 502 caliga
1421 465 1444 499 2

115 507 357 556 perductus,
396 505 465 555 qui
491 505 568 544 nisi
596 504 802 544 Cimbricis
830 505 1024 546 caedibus
1055 506 1238 545 Romana
1263 507 1407 546 funera

115 561 367 610 aequaverit,
397 560 475 599 nisi
501 560 630 599 civilis
659 561 768 599 exitii
788 565 828 599 et
854 562 1128 602 trucidationis
1150 573 1231 601 non
1250 566 1404 602 tantum

115 618 271 656 dederit
290 616 470 665 signum,
500 617 575 655 sed
594 617 684 665 ipse
707 617 864 664 signum
882 617 1017 665 tuerit,
1044 628 1186 667 parum
1202 619 1404 657 multatam

115 683 164 712 ac
189 672 408 721 repositam
434 673 475 711 in
507 671 683 721 priorem
714 673 847 711 locum
874 672 1076 713 fortunam
1101 684 1215 713 suam
1243 674 1401 713 sentiet.

114 729 298 776 Ingratus
324 727 369 766 L.
385 727 515 776 Sulla,
543 728 611 777 qui
639 728 805 776 patriam
827 728 1057 768 durioribus
1075 729 1264 769 remediis
1285 740 1402 778 qnam
1419 739 1439 773 3

116 784 295 833 pericula
313 788 426 823 erant
444 785 620 830 sanavit,
650 784 719 832 qui
738 794 830 822 cum
849 794 874 822 a
890 783 1149 824 Praenestina
1163 795 1258 823 arce
1272 796 1404 833 usque

117 840 168 878 ad
190 839 380 878 Collinam
400 844 553 888 portam
574 849 647 887 per
661 839 1134 888 sanguinem-humanum
1153 840 1403 888 incessisset,

117 895 195 932 alia
223 895 348 934 edidit
373 895 412 933 in
442 894 540 934 urbe
561 894 734 943 proelia,
764 895 865 933 anas
887 896 1047 934 caedes.
1085 896 1267 945 legiones
1287 897 1402 942 duas,

118 950 228 998 quod
249 950 411 989 crudele
431 955 511 996 est,
534 955 630 999 post
644 950 870 998 victoriam,
892 951 1002 1000 quod
1016 952 1151 998 nefas,
1174 956 1268 1000 post
1282 952 1402 990 fidem

115 1006 155 1044 in
176 1007 323 1054 angulo
345 1011 559 1054 congestas
580 1005 872 1045 contrucidavit
889 1012 929 1046 et
950 1006 1287 1056 proscriptionem
1307 1018 1402 1047 con-

117 1067 274 1100 mentus
295 1065 375 1110 est,
406 1061 446 1099 di
467 1061 616 1109 magni,
646 1060 773 1109 utqui
788 1061 916 1100 civem
931 1062 1155 1102 Romanum
1172 1063 1403 1109 occidisset,

114 1117 395 1166 inpunitatem,
430 1117 660 1165 pecuniam,
698 1121 850 1155 tantum
877 1128 957 1156 non
991 1118 1159 1156 civicam
1179 1117 1401 1167 acciperet!

114 1173 298 1221 Ingratus
318 1172 385 1210 Cn.
401 1171 638 1220 Pompeius,
669 1171 738 1221 qui
758 1182 832 1220 pro
854 1173 981 1211 tribus
1002 1173 1299 1221 consulatibus,
1327 1184 1401 1222 pro
1416 1189 1438 1221 4

113 1227 324 1276 triumphis
339 1227 478 1273 tribus,
500 1237 572 1276 pro
588 1231 647 1266 tot
662 1226 898 1275 honoribus,
915 1239 1020 1276 quos
1036 1238 1087 1267 ex
1105 1229 1279 1268 maxima
1289 1234 1402 1278 parte

113 1284 334 1322 inmaturus
365 1282 586 1330 invaserat,
625 1282 728 1332 hanc
757 1283 924 1331 gratiam
950 1284 1196 1332 reipublicae
1214 1285 1401 1332 reddidit,

112 1345 157 1378 ut
175 1339 214 1377 in
235 1337 540 1387 possessionem
559 1338 647 1377 eius
668 1338 770 1377 alios
789 1349 953 1389 quoque
968 1339 1178 1379 induceret
1193 1340 1311 1388 quasi
1329 1351 1414 1389 poav

113 1395 260 1433 tentiae
288 1404 388 1433 suae
415 1394 667 1432 detracturus
695 1393 904 1443 invidiam,
941 1394 978 1433 si
1013 1395 1124 1444 quod
1150 1396 1247 1433 nulli
1280 1395 1401 1434 licere

115 1450 304 1497 debebat,
342 1449 522 1497 pluribus
553 1449 744 1490 licuisset.
788 1450 885 1488 dum
911 1450 1230 1489 extraordInaria
1252 1461 1400 1490 concu-

117 1505 234 1553 piscit
253 1503 438 1552 imperia,
467 1505 562 1543 dum
580 1505 829 1553 provincias,
847 1510 892 1544 ut
906 1506 1046 1554 eligat,
1066 1505 1283 1554 distribuit,
1304 1506 1401 1544 dum

114 1560 170 1599 ita
195 1564 301 1607 [cum
319 1559 449 1606 tertio]
470 1560 757 1608 rempublicam
776 1560 934 1607 dividit,
962 1566 1004 1600 ut
1022 1565 1154 1600 tamen
1173 1562 1212 1600 in
1234 1572 1310 1600 sua
1328 1562 1399 1601 do-

116 1626 182 1654 mo
210 1615 314 1654 duae
343 1619 476 1663 partes
504 1622 660 1662 essent,
689 1625 738 1654 eo
765 1616 921 1664 redegit
948 1617 1142 1665 populum
1163 1617 1399 1665 Romanum,

115 1677 159 1710 ut
185 1671 323 1709 salvus
352 1679 445 1722 ess-e
472 1680 553 1709 non
581 1676 722 1719 posset
747 1671 824 1710 nisi
853 1671 1051 1710 beneficio
1075 1673 1291 1712 servitutis.
1339 1673 1399 1711 ln·
1416 1687 1436 1719 5

115 1731 254 1775 gratus
275 1725 363 1774 ipse
382 1725 561 1774 Pompeii
583 1725 710 1765 hostis
730 1736 778 1764 ac
798 1727 945 1765 victor:
974 1737 1000 1766 a
1022 1728 1148 1766 Gallia
1170 1729 1399 1767 Germania-

118 1792 196 1831 que
217 1781 363 1820 bellum
383 1781 422 1818 in
443 1781 578 1819 urbem
601 1780 832 1830 circumegit
850 1787 890 1821 et
907 1783 973 1821 ille
994 1783 1213 1832 plebicola,
1241 1784 1307 1822 ille
1327 1795 1399 1832 po-

117 1837 268 1886 pularis
288 1841 420 1875 castra
439 1836 478 1875 in
497 1835 605 1875 circo
624 1836 816 1875 Flaminio
833 1838 968 1885 posuit
984 1839 1151 1887 propius
1169 1850 1287 1887 quam
1303 1839 1398 1878 Por-

88 1926 91 1927 ,
118 1903 241 1932 senae
268 1892 436 1931 fuerant.
481 1892 734 1941 Temperavit
760 1892 922 1941 quidem
949 1894 1012 1932 ius
1042 1893 1399 1943 crudelitatemque

115 1947 320 1988 victoriae.
351 1947 461 1996 quod
481 1946 615 1986 dicere
637 1947 811 1994 solebat,
832 1949 1046 1997 praestitit:
1074 1949 1273 1988 neminem
1293 1951 1399 1989 occi-

117 2004 174 2043 dit
199 2002 276 2042 nisi
302 2009 508 2042 armatum.
552 2003 649 2051 quid
675 2013 773 2051 ergo
799 2007 889 2042 est?
921 2005 1042 2043 ceteri
1064 2015 1174 2042 arma
1194 2007 1397 2044 cruentius

117 2064 402 2105 exercuerunt,
432 2059 561 2098 satiati
581 2063 712 2097 tamen
729 2059 944 2108 aliquando
959 2059 1208 2108 abiecerunt,
1233 2060 1300 2100 hic
1314 2061 1401 2110 gia:

118 2114 223 2154 dium
246 2114 325 2153 cito
341 2114 538 2161 condidit,
567 2124 784 2162 numquam
805 2115 952 2162 posuit.
997 2115 1182 2164 Ingratus
1197 2117 1395 2156 Antonius
1411 2126 1433 2161 6

117 2170 156 2208 in
177 2170 410 2210 dictatorem
430 2181 566 2217 suum,
596 2179 715 2217 quem
734 2170 820 2208 iure
838 2180 1010 2217 caesum,
1022 2170 1304 2219 pronuntiavit.
1334 2171 1393 2211 in-

118 2226 350 2264 terfectores
370 2225 458 2264 eius
479 2228 517 2263 in
542 2224 768 2274 provincias
789 2230 828 2273 et
846 2224 1199 2278 imperia-dimisit,
1228 2227 1394 2276 patriam

117 2289 216 2318 vero
248 2281 634 2329 proscriptionibus,
676 2278 1148 2337 incurgiouibus,».beuis
1180 2283 1393 2322 laceratam

119 2340 213 2383 post
239 2340 295 2375 tot
322 2337 425 2374 mala
444 2335 658 2376 destinavit
676 2345 727 2374 ne
747 2335 941 2377 Romanis
958 2336 1119 2386 quidem
1137 2337 1319 2386 regibus:
1351 2344 1394 2377 ut

1125 2398 1144 2434 7
1157 2393 1175 2415 ²0¹
