1598 2606
238 179 291 220 30
610 180 652 219 L.
678 179 865 220 ANNAEI
893 179 1115 220 SENECAE

318 280 454 320 XXVI.
492 279 772 319 Videndum
812 283 890 318 est
927 289 1073 327 nunc,
1114 280 1234 328 quid
1275 280 1481 319 maxime

239 336 396 374 faciat
427 335 672 383 ingratos=
709 334 832 372 facit
867 339 948 373 aut
981 333 1159 373 nimius
1196 333 1273 372 sui
1303 345 1481 383 suspe-

240 395 349 429 ctus
386 395 425 428 et
457 390 614 428 insitum
646 388 867 427 mortalitati
894 387 1029 428 vitium
1054 399 1098 427 se
1124 398 1275 437 suaque
1301 388 1480 436 mirandi,

239 449 320 483 aut
349 442 591 490 aviditas,
619 448 702 482 aut
726 443 928 481 invidia.

317 498 622 546 Incipiamus
656 508 680 536 a
716 498 886 546 primo.
939 498 1061 536 Nemo
1090 507 1170 536 non
1196 497 1389 545 benignus
1421 503 1482 536 est

238 552 298 591 sui
325 552 456 591 iudex.
502 552 594 590 inde
620 556 698 599 est,
728 556 771 591 ut
795 552 926 590 omnia
951 553 1140 591 meruisse
1168 561 1212 591 se
1233 552 1428 591 existimet
1444 558 1483 590 et

235 607 276 645 in
305 607 475 646 solutum
504 607 672 654 accipiat
697 616 771 645 nec
800 606 896 645 satis
923 617 995 645 suo
1023 606 1148 655 pretio
1176 616 1220 644 se
1238 607 1482 645 aestimatum

234 665 358 709 putet.
405 661 517 708 „Hoc
542 660 636 699 mihi
658 660 784 709 dedit,
814 661 887 699 sed
906 671 1022 709 quam
1047 671 1155 707 sero,
1185 661 1257 699 sed
1276 664 1367 709 post
1387 666 1483 708 quot

234 716 421 754 labores?
457 719 604 764 quanto
626 715 818 764 consequi
840 716 952 764 plura
971 715 1205 763 potuissem,
1234 715 1267 753 si
1286 714 1391 752 illum
1417 721 1483 753 aut

234 769 342 808 illum
362 773 429 808 aut
448 781 510 808 me
530 770 662 808 colere
680 770 933 809 maluissem?
958 780 1038 808 non
1055 769 1132 807 hoc
1152 779 1415 817 speraveram.
1442 769 1482 806 in

234 824 387 862 turbam
408 824 610 863 coniectus
631 834 730 864 sum.
757 828 835 863 tam
854 824 997 873 exiguo
1017 824 1178 872 dignum
1191 833 1254 861 me
1268 822 1483 862 iudicavit?

234 878 439 918 honestius
460 879 662 927 praeteriri
682 878 791 917 suit.“

199 939 217 970 1
312 933 469 971 XXVII.
517 933 584 971 Cn.
612 933 798 972 Lentulus
830 942 955 980 augur
969 962 979 978 ,
1017 931 1235 971 divitiarum
1271 931 1481 970 maximum

234 988 474 1035 exemplum,
503 991 714 1035 antequam
738 987 843 1026 illum
871 986 1039 1025 libertini
1066 997 1278 1035 pauperem
1298 987 1480 1033 facerent,

233 1042 297 1079 hic
318 1042 383 1089 qui
399 1046 536 1089 quater
550 1042 675 1079 milies
690 1041 912 1081 sestertium
926 1051 1042 1079 suum
1057 1042 1152 1080 vidit
1177 1041 1354 1089 (proprie
1381 1041 1480 1079 dixi:

233 1095 328 1133 nihil
355 1096 457 1133 enim
477 1095 643 1143 amplius
665 1107 781 1144 quam
804 1096 934 1143 vidit),
962 1096 1106 1143 ingenii
1124 1095 1195 1134 suit
1213 1096 1374 1141 sterilis,
1404 1100 1482 1133 tam

234 1150 366 1198 pusilli
382 1160 499 1197 quam
514 1150 642 1187 animi.
671 1161 758 1188 cum
775 1155 882 1188 esset
897 1150 1161 1196 avarissimus,
1177 1160 1356 1188 nummos
1369 1149 1481 1188 citius

235 1203 432 1243 emittebat
459 1214 576 1252 quam
604 1204 752 1242 verba:
787 1209 894 1242 tanta
925 1204 979 1242 illi
1006 1204 1139 1252 inopia
1166 1209 1251 1242 erat
1275 1206 1480 1242 sermonis.

197 1265 219 1298 2
232 1258 304 1296 Hic
324 1268 411 1296 cum
435 1258 565 1296 omnia
583 1258 820 1297 incrementa
842 1269 914 1296 sua
933 1258 1024 1297 divo
1042 1260 1222 1306 Augusto
1239 1258 1410 1303 deberet,
1431 1259 1483 1296 ad

235 1323 351 1361 quem
380 1312 572 1350 adtulerat
599 1318 868 1361 paupertatem
896 1312 970 1351 s'ub
997 1322 1117 1350 onere
1143 1312 1354 1351 nobilitatis
1373 1312 1477 1350 labo-

232 1371 401 1414 rantem,
421 1367 605 1415 prInceps
622 1367 699 1405 iam
716 1367 880 1406 civitatis
897 1372 936 1405 et
950 1367 1116 1415 pecunia
1126 1372 1163 1405 et
1177 1367 1300 1414 gratia
1315 1367 1482 1404 subinde

234 1421 284 1459 de
309 1422 491 1468 Augusto
523 1421 675 1459 solebat
701 1422 812 1469 queri
839 1422 975 1459 dicens
995 1431 1017 1458 a
1035 1420 1175 1459 studiis
1196 1431 1240 1459 se
1259 1420 1481 1459 abductum.

233 1475 326 1513 nihil
356 1480 502 1514 tantum
524 1475 562 1512 in
582 1485 628 1514 se
647 1481 877 1523 congestum
896 1485 1007 1522 esse,
1037 1479 1224 1523 quantum
1243 1475 1482 1523 perdidisset

232 1529 368 1568 relicta
394 1529 632 1578 eloquentia.
686 1531 738 1569 At
763 1530 816 1568 illi
843 1530 943 1568 inter
970 1529 1046 1567 alia
1071 1529 1148 1568 hoc
1177 1539 1338 1578 quoque
1365 1529 1481 1568 divus

234 1586 435 1632 Augustus
463 1584 728 1632 praestiterat,
759 1584 867 1632 quod
886 1584 991 1621 illum
1010 1584 1144 1622 derisu
1161 1589 1200 1622 et
1215 1584 1349 1622 labore
1369 1584 1480 1622 inrito

196 1643 218 1675 3
234 1639 476 1677 liberaverat.
536 1639 638 1677 Non
688 1639 876 1687 patitur
926 1638 1144 1677 aviditas
1192 1648 1481 1686 quemquam

234 1703 346 1731 esse
375 1697 577 1740 gratum.
615 1704 829 1742 numquam
849 1692 951 1731 enim
970 1693 1160 1741 inprobae
1179 1692 1266 1741 spei
1286 1693 1392 1741 quod
1413 1692 1480 1730 da-

232 1752 313 1793 tur,
348 1747 445 1785 satis
465 1752 544 1795 est,
573 1751 612 1785 et
629 1747 778 1787 maiora
797 1748 995 1796 cupimus,
1025 1758 1104 1795 quo
1124 1747 1273 1785 maiora
1291 1752 1481 1784 venerunt

232 1802 434 1850 multoque
455 1802 683 1840 concitatior
701 1806 762 1840 est
780 1802 940 1840 avaritia
957 1801 996 1839 in
1011 1812 1239 1850 magnarum
1255 1811 1372 1849 opum
1388 1811 1478 1839 con-

234 1861 348 1903 gestu
375 1857 600 1904 conlocata,
629 1861 673 1895 ut
696 1856 878 1895 flammae
897 1856 1046 1894 infinito
1067 1856 1194 1894 acrior
1211 1855 1271 1894 vis
1291 1860 1369 1902 est,
1399 1867 1476 1903 quo

197 1914 219 1947 4
234 1919 284 1947 ex
304 1911 452 1949 maiore
471 1910 653 1950 incendio
668 1911 837 1950 emicuit.
882 1911 1053 1958 Aeque
1082 1910 1281 1949 ambitio
1300 1919 1390 1963 *non
1409 1920 1477 1956 pa-

233 1965 322 2002 titur
351 1965 588 2013 'quemquam
614 1966 654 2003 in
686 1976 734 2005 ea
758 1975 942 2004 mensura
967 1965 1160 2003 honorum
1183 1964 1474 2012 conquiescere,

235 2029 336 2066 quae
365 2020 563 2067 quondam
593 2020 678 2059 eius
704 2020 775 2059 fuit
801 2020 996 2068 inpudens
1014 2024 1167 2058 votum:
1196 2029 1309 2056 nemo
1330 2018 1408 2064 agit
1426 2017 1476 2054 de

233 2072 430 2112 tribunatu
455 2073 623 2122 gratias,
660 2074 733 2113 sed
760 2075 953 2123 queritur,
981 2073 1087 2122 quod
1113 2082 1191 2111 non
1211 2071 1342 2110 estad
1362 2082 1474 2119 prae-

233 2131 359 2167 turam
377 2139 505 2177 usque
524 2129 751 2177 perductus.
779 2139 854 2167 nec
871 2128 970 2167 haec
986 2131 1096 2175 grata
1110 2131 1188 2174 est,
1208 2126 1241 2164 si
1258 2126 1370 2163 deest
1383 2135 1473 2164 con-

235 2182 399 2219 sulatus.
440 2193 490 2221 ne
508 2183 573 2221 hic
593 2183 750 2231 quidem
770 2183 903 2230 satiat,
934 2182 967 2221 si
985 2191 1086 2220 unus
1105 2185 1175 2218 est.
1220 2180 1329 2219 Ultra
1345 2190 1390 2219 se
1409 2190 1474 2218 cu—

234 2234 378 2282 piditas
407 2236 569 2285 porrigit
594 2242 633 2276 et
660 2237 880 2277 felicitatem
908 2246 1019 2275 suam
1045 2245 1124 2274 non
1150 2234 1351 2284 intellegit,
1383 2235 1476 2283 quia

235 2299 315 2327 non
333 2290 437 2328 unde
456 2291 606 2331 venerit
624 2292 802 2341 respicit,
832 2291 904 2331 sed
923 2300 1001 2340 quo
1021 2289 1165 2329 tendat.
