1624 2626
109 170 475 213 CONTUMELIAM
491 170 742 211 ACClPERE
763 170 1062 210 SAPIENTEM.
1084 172 1263 211 Ill—V.
1318 171 1372 214 21

79 275 242 316 auribus
270 279 310 313 et
337 274 549 322 digitorum
579 278 710 313 motus
739 279 779 313 et
803 274 881 312 alia
905 284 1009 323 quae
1037 273 1176 323 inpetu
1196 275 1372 323 quodam

77 330 226 371 error1s
244 330 446 379 inprovidi
465 330 679 378 refugiunt.
709 329 856 369 Iniuria
872 330 1125 379 propositum
1145 330 1223 370 hoc
1239 331 1370 378 habet,
1387 332 1411 367 3

78 387 251 436 aliquem
269 386 381 426 malo
405 385 593 424 adficere.
633 387 737 425 malo
765 390 897 426 autem
925 387 1124 435 sapientia
1152 397 1232 425 non
1253 387 1371 426 relin-

79 443 165 492 quit
191 443 338 481 locum.
381 453 506 480 unum
534 442 639 480 enim
667 442 721 480 illi
749 442 895 481 malum
924 447 987 481 est
1011 443 1239 492 turpitudo,
1267 454 1373 492 quae

75 499 222 538 intrare
248 509 298 538 eo
327 497 395 536 ubi
424 498 503 536 iam
530 498 658 537 virtus
687 497 983 547 honestumque
1014 503 1094 546 est,
1122 509 1203 537 non
1227 504 1372 548 potest.

75 564 172 603 ergo
193 553 230 594 si
249 554 394 593 iniuria
414 554 502 592 sine
522 555 628 593 malo
650 554 760 592 nulla
779 550 860 603 est,
881 555 1028 592 malum
1051 555 1126 594 nisi
1147 561 1264 604 turpe
1285 555 1373 594 nul-

74 611 156 649 lum
184 615 265 657 est,
295 616 413 658 turpe
441 614 571 648 autem
602 610 652 648 ad
681 609 862 649 honestis
890 616 1132 659 occupatum
1159 611 1372 660 pervenire

76 677 156 706 non
186 671 337 716 potesta
365 665 510 704 iniuria
533 665 586 704 ad
613 666 838 715 sapientem
865 677 947 705 non
978 667 1171 715 pervenit.
1214 678 1306 705 nam
1336 666 1371 705 si

75 721 218 761 iniuria
243 722 412 761 alicuius
441 721 533 760 mali
561 722 754 770 patientia
771 725 852 769 est,
882 722 1047 770 sapiens
1068 731 1202 762 autem
1222 723 1370 762 nullius

73 778 166 817 mati
181 783 244 818 est
258 778 428 827 patiens,
445 777 552 816 nulla
566 778 617 816 ad
634 778 856 827 sapientem
872 777 1015 816 iniuria
1031 779 1213 828 pertinet.
1234 778 1372 818 Omnis
1387 783 1412 817 4

74 833 220 873 iniuria
246 834 453 872 diminutio
483 833 570 871 eius
599 835 662 873 est
696 834 736 872 in
767 844 885 883 quem
915 834 1100 882 incurrit,
1135 845 1211 873 nec
1239 838 1374 883 potest

77 889 295 938 quisquam
328 889 512 928 iniuriam
549 889 735 938 accipere
762 890 850 928 sine
878 890 1013 939 aliquo
1044 890 1279 929 detrimento
1309 891 1373 929 vel

75 945 278 994 dignitatis
294 946 359 984 vel
379 944 563 994 corporis
581 947 644 983 vel
662 956 794 984 rerum
816 950 929 984 extra
949 957 1024 985 nos
1045 947 1280 994 positarum.
1308 957 1374 985 sa*

77 1001 193 1051 piens
214 1005 345 1040 autem
373 1001 468 1039 nihil
498 1001 670 1050 perdere
694 1005 840 1050 potest.
880 1003 1016 1040 omnia
1043 1002 1082 1040 in
1109 1012 1155 1041 se
1174 1002 1371 1050 reposuit,

0 1091 3 1106 ἱ
74 1056 172 1097 nibil
190 1058 376 1096 fortunae
393 1057 539 1104 credit,
559 1056 668 1096 bona
688 1067 763 1095 sua
783 1056 823 1094 in
844 1056 975 1096 solido
996 1057 1137 1106 habet,
1160 1062 1372 1096 contentus

0 1107 4 1172 ἰ
75 1113 239 1161 virtute,
262 1122 367 1161 quae
388 1113 559 1152 fortuitis
575 1123 656 1152 non
677 1113 829 1161 indiget
846 1112 1023 1162 ideoque
1045 1124 1120 1152 nec
1139 1113 1278 1162 augeri
1299 1123 1373 1152 nec

0 1173 3 1216 Ι
72 1168 195 1208 minui
214 1174 361 1218 potest.
390 1180 482 1208 nam
502 1168 598 1208 etin
620 1179 818 1208 summum
836 1170 1028 1217 perducta
1044 1170 1276 1208 incrementi
1293 1180 1374 1208 non

73 1223 196 1263 habet
222 1225 356 1263 locum
378 1230 418 1264 et
437 1224 532 1263 nihil
553 1224 671 1273 eripit
690 1226 871 1272 fortuna,
899 1226 974 1264 nisi
1003 1226 1113 1274 quod
1134 1225 1257 1265 dedit.
1294 1225 1373 1263 vir-

74 1285 197 1320 tutem
216 1285 349 1319 autem
368 1292 448 1320 non
470 1281 556 1328 dat,
578 1280 669 1319 ideo
687 1291 762 1319 nec
783 1281 965 1320 detrahit.
996 1282 1122 1321 libera
1141 1286 1223 1329 est,
1243 1280 1371 1320 invio-

71 1336 224 1382 labilis,
245 1337 414 1382 inmota,
436 1337 694 1375 inconcussa.
733 1337 791 1375 sic
821 1343 960 1376 contra
981 1348 1100 1376 casus
1122 1337 1302 1383 indurat,
1329 1342 1373 1376 ut

74 1402 125 1431 ne
143 1391 325 1431 inclinari
345 1392 526 1442 quidem,
549 1393 698 1431 nedum
717 1392 822 1431 vinci
843 1393 987 1442 possit.
1018 1394 1231 1432 Adversus
1251 1394 1374 1442 adpa-
1390 1401 1412 1434 ὁ

74 1453 187 1487 ratus
207 1448 438 1487 terribilium
457 1453 591 1487 rectos
613 1450 754 1487 oculos
775 1453 900 1497 tenet,
923 1449 1018 1487 nihil
1039 1459 1091 1487 ex
1111 1450 1219 1488 voltu
1235 1454 1371 1496 mutat,

77 1501 165 1542 sive
192 1503 248 1542 illi
268 1504 370 1542 dura
389 1505 475 1543 sive
496 1505 678 1543 secunda
706 1510 968 1544 ostentantur.
1005 1506 1142 1554 itaque
1163 1505 1260 1543 nihil
1281 1515 1371 1554 per·

76 1558 144 1598 det
173 1559 283 1607 quod
302 1561 433 1608 perire
453 1571 649 1600 sensurus
667 1561 729 1600 sit.
767 1562 886 1600 unius
909 1561 1014 1600 enim
1042 1561 1082 1599 in
1104 1562 1373 1610 possessione

78 1614 233 1653 virtutis
255 1620 334 1662 est,
356 1626 407 1653 ex
427 1627 508 1664 qua
526 1617 674 1665 depelli
694 1628 912 1666 numquam
935 1623 1078 1667 potest.
1114 1617 1257 1656 ceteris
1280 1627 1372 1666 pre-

77 1670 185 1708 cario
213 1671 353 1709 utitur:
382 1670 473 1719 quis
502 1677 631 1711 autem
661 1673 813 1712 iactura
839 1679 1022 1713 movetur
1041 1674 1187 1712 alieni?
1221 1673 1372 1722 quodsi

77 1724 220 1764 iniuria
246 1726 343 1765 nihil
371 1726 532 1766 laedere
561 1734 694 1776 potest
713 1739 764 1767 ex
784 1729 847 1767 his
869 1740 972 1778 quae
992 1730 1156 1778 propria
1176 1728 1371 1778 sapientis

77 1786 190 1829 sunt,
227 1783 323 1831 quia
352 1783 494 1821 virtute
520 1794 595 1822 sua
622 1784 735 1823 salva
761 1791 874 1832 sunt,
910 1785 1052 1824 iniuria
1083 1786 1255 1835 sapienti
1290 1795 1371 1823 non

23 1837 32 1842 '
78 1843 211 1887 potest
229 1838 328 1878 fieri.
364 1838 570 1886 Megaram
588 1839 812 1879 Demetrius
842 1847 1025 1890 ceperat,
1055 1841 1118 1880 cui
1147 1840 1410 1890 cognomenti

27 1932 34 1941 ,
74 1893 319 1933 Poliorcetes
340 1895 423 1934 fuit.
454 1894 505 1932 ab
526 1894 604 1933 hoc
624 1894 779 1934 Stilbon
799 1897 1068 1947 philosophus
1089 1898 1370 1946 interrogatus,

76 1960 171 1988 num
189 1950 341 2000 aliquid
361 1950 626 1999 perdidisset:
654 1952 774 1999 nihil,
794 1953 934 2001 inquit.
970 1956 1099 1992 omm'a
1120 1964 1206 1991 mea
1224 1963 1372 1992 mecum

74 2010 175 2045 sunt.
215 2006 324 2055 atqui
352 2010 391 2045 et
421 2007 702 2055 patrimonium
729 2008 816 2046 eius
845 2009 884 2048 in
915 2010 1106 2057 praedam
1136 2012 1315 2047 cesserat
1333 2014 1373 2048 et

75 2061 180 2100 filias
198 2068 388 2111 rapuerat
405 2062 534 2102 hostis
557 2068 596 2101 et
615 2061 745 2111 patria
763 2063 803 2101 in
823 2064 994 2103 alienam
1018 2064 1206 2103 ditionem
1226 2074 1370 2113 perve-

75 2123 189 2157 nerat
208 2123 248 2157 et
276 2119 411 2167 ipsum
438 2129 511 2157 rex
539 2119 806 2158 circumfusus
827 2120 991 2159 victoris
1020 2120 1220 2159 exercitus
1250 2121 1370 2159 armis

30 2219 33 2221 ,
76 2184 128 2212 ex
148 2175 360 2222 superiore
379 2175 470 2214 loco
491 2175 702 2223 rogitabat.
731 2176 785 2214 At
803 2175 869 2213 ille
890 2176 1095 2214 victoriam
1115 2176 1169 2214 illi
1191 2176 1371 2215 excussit
1386 2182 1406 2218 7

75 2233 115 2268 et
133 2239 180 2268 se
198 2229 299 2268 urbe
318 2235 436 2279 capta
450 2241 531 2269 non
550 2231 739 2270 invictum
759 2235 921 2278 tantum,
942 2231 1017 2273 sed
1032 2232 1260 2271 indemnem
1276 2243 1371 2272 esse

28 2313 31 2339 3
75 2289 245 2324 testatus
269 2290 342 2325 est.
373 2285 672 2326 habebatenim
690 2297 786 2325 vera
806 2297 944 2326 secum
964 2287 1082 2336 bona,
1103 2289 1143 2327 in
1166 2299 1270 2338 quae
1289 2299 1370 2327 non

77 2346 140 2381 est
158 2351 300 2381 manus
328 2341 502 2382 iniect10.
540 2347 581 2382 at
608 2353 712 2393 quae
734 2342 931 2392 dissipata
951 2347 992 2383 et
1010 2344 1167 2394 direpta
1187 2344 1368 2384 fereban-
