<?xml version="1.0" encoding="UTF-8"?>
<!DOCTYPE html PUBLIC "-//W3C//DTD XHTML 1.0 Transitional//EN"
    "http://www.w3.org/TR/xhtml1/DTD/xhtml1-transitional.dtd">
<html xmlns="http://www.w3.org/1999/xhtml" xml:lang="en" lang="en">
 <head>
  <title>
</title>
<meta http-equiv="Content-Type" content="text/html;charset=utf-8" />
  <meta name='ocr-system' content='tesseract 3.04.00' />
  <meta name='ocr-capabilities' content='ocr_page ocr_carea ocr_par ocr_line ocrx_word'/>
</head>
<body>
  <div class='ocr_page' id='page_1' title='image "./operaquaesupersu01seneuoft/operaquaesupersu01seneuoft_0270.png"; bbox 0 0 1624 2626; ppageno 0'>
   <div class='ocr_carea' id='block_1_1' title="bbox 337 161 1346 203">
    <p class='ocr_par' dir='ltr' id='par_1_1' title="bbox 337 161 1346 203">
     <span class='ocr_line' id='line_1_1' title="bbox 337 161 1346 203; baseline -0.003 0"><span class='ocrx_word' id='word_1_1' title='bbox 337 162 416 203; x_wconf 81' lang='lat'><strong>256</strong></span> <span class='ocrx_word' id='word_1_2' title='bbox 577 163 619 200; x_wconf 91' lang='lat' dir='ltr'><strong>L.</strong></span> <span class='ocrx_word' id='word_1_3' title='bbox 645 161 832 201; x_wconf 78' lang='lat' dir='ltr'>ANNAEI</span> <span class='ocrx_word' id='word_1_4' title='bbox 862 161 1086 201; x_wconf 85' lang='lat' dir='ltr'><strong>SENECAE</strong></span> <span class='ocrx_word' id='word_1_5' title='bbox 1119 162 1249 201; x_wconf 82' lang='lat' dir='ltr'>DIAL.</span> <span class='ocrx_word' id='word_1_6' title='bbox 1266 162 1346 201; x_wconf 84' lang='lat' dir='ltr'><strong>XII.</strong></span> 
     </span>
    </p>
   </div>
   <div class='ocr_carea' id='block_1_2' title="bbox 295 258 1624 2330">
    <p class='ocr_par' dir='ltr' id='par_1_2' title="bbox 295 258 1624 2330">
     <span class='ocr_line' id='line_1_2' title="bbox 335 258 1586 309; baseline 0.001 -10"><span class='ocrx_word' id='word_1_7' title='bbox 335 259 412 299; x_wconf 91' lang='lat' dir='ltr'><strong>ruit</strong></span> <span class='ocrx_word' id='word_1_8' title='bbox 431 264 470 299; x_wconf 89' lang='lat' dir='ltr'><strong>et</strong></span> <span class='ocrx_word' id='word_1_9' title='bbox 486 259 580 298; x_wconf 83' lang='lat' dir='ltr'>nihil</span> <span class='ocrx_word' id='word_1_10' title='bbox 595 258 634 298; x_wconf 90' lang='lat' dir='ltr'><strong>in</strong></span> <span class='ocrx_word' id='word_1_11' title='bbox 649 259 802 299; x_wconf 78' lang='lat' dir='ltr'><strong>tristitia</strong></span> <span class='ocrx_word' id='word_1_12' title='bbox 817 269 1064 308; x_wconf 87' lang='lat' dir='ltr'><strong>supervacua</strong></span> <span class='ocrx_word' id='word_1_13' title='bbox 1079 261 1275 309; x_wconf 84' lang='lat' dir='ltr'><strong>stultaque</strong></span> <span class='ocrx_word' id='word_1_14' title='bbox 1291 261 1462 299; x_wconf 81' lang='lat' dir='ltr'><strong>detinuit.</strong></span> <span class='ocrx_word' id='word_1_15' title='bbox 1493 261 1586 300; x_wconf 87' lang='lat' dir='ltr'><strong>Cum</strong></span> 
     </span>
     <span class='ocr_line' id='line_1_3' title="bbox 336 315 1586 364; baseline 0.001 -11"><span class='ocrx_word' id='word_1_16' title='bbox 336 315 398 353; x_wconf 89' lang='lat' dir='ltr'><strong>his</strong></span> <span class='ocrx_word' id='word_1_17' title='bbox 418 320 455 354; x_wconf 90' lang='lat' dir='ltr'><strong>te</strong></span> <span class='ocrx_word' id='word_1_18' title='bbox 475 315 668 353; x_wconf 83' lang='lat' dir='ltr'><strong>numerari</strong></span> <span class='ocrx_word' id='word_1_19' title='bbox 695 315 846 353; x_wconf 82' lang='lat' dir='ltr'><strong>seminis</strong></span> <span class='ocrx_word' id='word_1_20' title='bbox 868 316 980 353; x_wconf 89' lang='lat' dir='ltr'><strong>volo:</strong></span> <span class='ocrx_word' id='word_1_21' title='bbox 1011 326 1172 364; x_wconf 87' lang='lat' dir='ltr'><strong>quarum</strong></span> <span class='ocrx_word' id='word_1_22' title='bbox 1190 315 1310 354; x_wconf 88' lang='lat' dir='ltr'><strong>vitam</strong></span> <span class='ocrx_word' id='word_1_23' title='bbox 1330 326 1486 364; x_wconf 85' lang='lat' dir='ltr'>semper</span> <span class='ocrx_word' id='word_1_24' title='bbox 1505 316 1586 354; x_wconf 89' lang='lat' dir='ltr'><strong>imi-</strong></span> 
     </span>
     <span class='ocr_line' id='line_1_4' title="bbox 337 369 1588 418; baseline 0.001 -11"><span class='ocrx_word' id='word_1_25' title='bbox 337 375 417 408; x_wconf 84' lang='lat' dir='ltr'><strong>tata</strong></span> <span class='ocrx_word' id='word_1_26' title='bbox 436 379 498 416; x_wconf 88' lang='lat' dir='ltr'><strong>es,</strong></span> <span class='ocrx_word' id='word_1_27' title='bbox 518 378 655 408; x_wconf 85' lang='lat' dir='ltr'><strong>earum</strong></span> <span class='ocrx_word' id='word_1_28' title='bbox 672 369 711 407; x_wconf 92' lang='lat' dir='ltr'><strong>in</strong></span> <span class='ocrx_word' id='word_1_29' title='bbox 731 369 952 407; x_wconf 83' lang='lat' dir='ltr'><strong>coercenda</strong></span> <span class='ocrx_word' id='word_1_30' title='bbox 971 369 1330 418; x_wconf 86' lang='lat' dir='ltr'><strong>conprimendaque</strong></span> <span class='ocrx_word' id='word_1_31' title='bbox 1344 371 1588 418; x_wconf 82' lang='lat' dir='ltr'><strong>aegritudine</strong></span> 
     </span>
     <span class='ocr_line' id='line_1_5' title="bbox 337 422 1096 472; baseline -0.003 -10"><span class='ocrx_word' id='word_1_32' title='bbox 337 424 482 472; x_wconf 89' lang='lat' dir='ltr'><strong>optime</strong></span> <span class='ocrx_word' id='word_1_33' title='bbox 501 422 683 472; x_wconf 89' lang='lat' dir='ltr'><strong>sequeris</strong></span> <span class='ocrx_word' id='word_1_34' title='bbox 703 424 938 471; x_wconf 85' lang='lat' dir='ltr'><strong>exemplum.</strong></span> <span class='ocrx_word' id='word_1_35' title='bbox 1094 449 1096 452; x_wconf 49' lang='lat'>&lt;</span> 
     </span>
     <span class='ocr_line' id='line_1_6' title="bbox 301 477 1587 527; baseline -0.001 -9"><span class='ocrx_word' id='word_1_36' title='bbox 301 486 319 518; x_wconf 96' lang='lat'>1</span> <span class='ocrx_word' id='word_1_37' title='bbox 414 478 535 517; x_wconf 87' lang='lat' dir='ltr'>XVII.</span> <span class='ocrx_word' id='word_1_38' title='bbox 565 477 656 517; x_wconf 89' lang='lat' dir='ltr'><strong>Scio</strong></span> <span class='ocrx_word' id='word_1_39' title='bbox 683 488 766 516; x_wconf 91' lang='lat' dir='ltr'><strong>rem</strong></span> <span class='ocrx_word' id='word_1_40' title='bbox 792 489 871 517; x_wconf 89' lang='lat' dir='ltr'><strong>non</strong></span> <span class='ocrx_word' id='word_1_41' title='bbox 899 487 991 516; x_wconf 90' lang='lat' dir='ltr'><strong>esse</strong></span> <span class='ocrx_word' id='word_1_42' title='bbox 1013 478 1052 516; x_wconf 92' lang='lat' dir='ltr'><strong>in</strong></span> <span class='ocrx_word' id='word_1_43' title='bbox 1071 483 1207 518; x_wconf 84' lang='lat' dir='ltr'><strong>nostra</strong></span> <span class='ocrx_word' id='word_1_44' title='bbox 1225 482 1418 527; x_wconf 85' lang='lat' dir='ltr'><strong>potestate</strong></span> <span class='ocrx_word' id='word_1_45' title='bbox 1437 488 1510 517; x_wconf 90' lang='lat' dir='ltr'><strong>nec</strong></span> <span class='ocrx_word' id='word_1_46' title='bbox 1530 480 1587 517; x_wconf 91' lang='lat' dir='ltr'><strong>ul-</strong></span> 
     </span>
     <span class='ocr_line' id='line_1_7' title="bbox 336 532 1588 582; baseline 0.001 -12"><span class='ocrx_word' id='word_1_47' title='bbox 336 534 417 571; x_wconf 89' lang='lat' dir='ltr'><strong>lum</strong></span> <span class='ocrx_word' id='word_1_48' title='bbox 443 533 639 571; x_wconf 79' lang='lat' dir='ltr'><strong>adfectum</strong></span> <span class='ocrx_word' id='word_1_49' title='bbox 665 533 833 579; x_wconf 87' lang='lat' dir='ltr'><strong>servire,</strong></span> <span class='ocrx_word' id='word_1_50' title='bbox 861 532 1019 570; x_wconf 89' lang='lat' dir='ltr'><strong>minime</strong></span> <span class='ocrx_word' id='word_1_51' title='bbox 1038 543 1132 572; x_wconf 91' lang='lat' dir='ltr'><strong>vero</strong></span> <span class='ocrx_word' id='word_1_52' title='bbox 1154 543 1261 580; x_wconf 90' lang='lat' dir='ltr'><strong>eum,</strong></span> <span class='ocrx_word' id='word_1_53' title='bbox 1294 533 1360 582; x_wconf 91' lang='lat' dir='ltr'><strong>qui</strong></span> <span class='ocrx_word' id='word_1_54' title='bbox 1380 543 1430 570; x_wconf 89' lang='lat' dir='ltr'><strong>ex</strong></span> <span class='ocrx_word' id='word_1_55' title='bbox 1450 533 1588 571; x_wconf 88' lang='lat' dir='ltr'><strong>dolore</strong></span> 
     </span>
     <span class='ocr_line' id='line_1_8' title="bbox 337 586 1588 626; baseline 0 -1"><span class='ocrx_word' id='word_1_56' title='bbox 337 586 522 625; x_wconf 87' lang='lat' dir='ltr'><strong>nascitur.</strong></span> <span class='ocrx_word' id='word_1_57' title='bbox 566 588 679 625; x_wconf 82' lang='lat' dir='ltr'><strong>ferox</strong></span> <span class='ocrx_word' id='word_1_58' title='bbox 701 586 805 624; x_wconf 85' lang='lat' dir='ltr'><strong>enim</strong></span> <span class='ocrx_word' id='word_1_59' title='bbox 826 591 864 625; x_wconf 87' lang='lat' dir='ltr'><strong>et</strong></span> <span class='ocrx_word' id='word_1_60' title='bbox 887 587 1082 626; x_wconf 83' lang='lat' dir='ltr'><strong>adversus</strong></span> <span class='ocrx_word' id='word_1_61' title='bbox 1111 597 1227 626; x_wconf 88' lang='lat' dir='ltr'><strong>omne</strong></span> <span class='ocrx_word' id='word_1_62' title='bbox 1252 588 1468 626; x_wconf 90' lang='lat' dir='ltr'><strong>remedium</strong></span> <span class='ocrx_word' id='word_1_63' title='bbox 1495 598 1588 626; x_wconf 90' lang='lat' dir='ltr'><strong>con-</strong></span> 
     </span>
     <span class='ocr_line' id='line_1_9' title="bbox 335 641 1590 682; baseline -0.002 -1"><span class='ocrx_word' id='word_1_64' title='bbox 335 648 471 681; x_wconf 81' lang='lat' dir='ltr'><strong>tumax</strong></span> <span class='ocrx_word' id='word_1_65' title='bbox 497 647 570 681; x_wconf 85' lang='lat' dir='ltr'><strong>est.</strong></span> <span class='ocrx_word' id='word_1_66' title='bbox 616 642 811 680; x_wconf 89' lang='lat' dir='ltr'><strong>Volumus</strong></span> <span class='ocrx_word' id='word_1_67' title='bbox 839 641 990 681; x_wconf 83' lang='lat' dir='ltr'><strong>interim</strong></span> <span class='ocrx_word' id='word_1_68' title='bbox 1018 642 1123 682; x_wconf 89' lang='lat' dir='ltr'><strong>illum</strong></span> <span class='ocrx_word' id='word_1_69' title='bbox 1151 642 1318 681; x_wconf 87' lang='lat' dir='ltr'><strong>obruere</strong></span> <span class='ocrx_word' id='word_1_70' title='bbox 1338 646 1377 680; x_wconf 90' lang='lat' dir='ltr'><strong>et</strong></span> <span class='ocrx_word' id='word_1_71' title='bbox 1396 643 1590 680; x_wconf 85' lang='lat' dir='ltr'><strong>devorare</strong></span> 
     </span>
     <span class='ocr_line' id='line_1_10' title="bbox 336 694 1588 745; baseline 0 -11"><span class='ocrx_word' id='word_1_72' title='bbox 336 694 522 744; x_wconf 81' lang='lat' dir='ltr'><strong>gemitus:</strong></span> <span class='ocrx_word' id='word_1_73' title='bbox 551 707 625 745; x_wconf 87' lang='lat' dir='ltr'><strong>per</strong></span> <span class='ocrx_word' id='word_1_74' title='bbox 643 696 771 744; x_wconf 87' lang='lat' dir='ltr'><strong>ipsum</strong></span> <span class='ocrx_word' id='word_1_75' title='bbox 792 701 921 734; x_wconf 83' lang='lat' dir='ltr'><strong>tamen</strong></span> <span class='ocrx_word' id='word_1_76' title='bbox 941 696 1190 745; x_wconf 87' lang='lat' dir='ltr'><strong>conpositum</strong></span> <span class='ocrx_word' id='word_1_77' title='bbox 1210 697 1423 744; x_wconf 84' lang='lat' dir='ltr'><strong>fictumque</strong></span> <span class='ocrx_word' id='word_1_78' title='bbox 1442 698 1588 735; x_wconf 89' lang='lat' dir='ltr'><strong>voltum</strong></span> 
     </span>
     <span class='ocr_line' id='line_1_11' title="bbox 335 748 1588 799; baseline 0.001 -11"><span class='ocrx_word' id='word_1_79' title='bbox 335 751 519 790; x_wconf 81' lang='lat' dir='ltr'><strong>lacrimae</strong></span> <span class='ocrx_word' id='word_1_80' title='bbox 547 751 849 799; x_wconf 84' lang='lat' dir='ltr'><strong>profunduntur.</strong></span> <span class='ocrx_word' id='word_1_81' title='bbox 893 750 1013 789; x_wconf 87' lang='lat' dir='ltr'><strong>Ludis</strong></span> <span class='ocrx_word' id='word_1_82' title='bbox 1040 748 1193 790; x_wconf 84' lang='lat' dir='ltr'><strong>interim</strong></span> <span class='ocrx_word' id='word_1_83' title='bbox 1219 756 1285 789; x_wconf 91' lang='lat' dir='ltr'><strong>aut</strong></span> <span class='ocrx_word' id='word_1_84' title='bbox 1306 751 1588 798; x_wconf 79' lang='lat' dir='ltr'><strong>gladiatoribus</strong></span> 
     </span>
     <span class='ocr_line' id='line_1_12' title="bbox 335 805 1589 854; baseline 0.001 -12"><span class='ocrx_word' id='word_1_85' title='bbox 335 806 506 844; x_wconf 90' lang='lat' dir='ltr'><strong>animum</strong></span> <span class='ocrx_word' id='word_1_86' title='bbox 526 814 788 854; x_wconf 84' lang='lat' dir='ltr'><strong>occupamus:</strong></span> <span class='ocrx_word' id='word_1_87' title='bbox 817 810 855 844; x_wconf 86' lang='lat' dir='ltr'><strong>at</strong></span> <span class='ocrx_word' id='word_1_88' title='bbox 869 806 976 844; x_wconf 78' lang='lat' dir='ltr'><strong>illum</strong></span> <span class='ocrx_word' id='word_1_89' title='bbox 991 805 1089 844; x_wconf 86' lang='lat' dir='ltr'><strong>inter</strong></span> <span class='ocrx_word' id='word_1_90' title='bbox 1102 806 1208 854; x_wconf 87' lang='lat' dir='ltr'><strong>ipsa,</strong></span> <span class='ocrx_word' id='word_1_91' title='bbox 1231 805 1373 853; x_wconf 89' lang='lat' dir='ltr'><strong>quibus</strong></span> <span class='ocrx_word' id='word_1_92' title='bbox 1390 810 1589 853; x_wconf 86' lang='lat' dir='ltr'><strong>avocatur,</strong></span> 
     </span>
     <span class='ocr_line' id='line_1_13' title="bbox 297 860 1589 908; baseline 0 -10"><span class='ocrx_word' id='word_1_93' title='bbox 297 864 320 898; x_wconf 80' lang='lat'><strong>2</strong></span> <span class='ocrx_word' id='word_1_94' title='bbox 337 861 565 908; x_wconf 83' lang='lat' dir='ltr'><strong>spectacula</strong></span> <span class='ocrx_word' id='word_1_95' title='bbox 580 861 677 898; x_wconf 88' lang='lat' dir='ltr'><strong>levis</strong></span> <span class='ocrx_word' id='word_1_96' title='bbox 693 861 826 908; x_wconf 86' lang='lat' dir='ltr'><strong>aliqua</strong></span> <span class='ocrx_word' id='word_1_97' title='bbox 840 860 1026 899; x_wconf 87' lang='lat' dir='ltr'><strong>desiderii</strong></span> <span class='ocrx_word' id='word_1_98' title='bbox 1041 866 1134 900; x_wconf 86' lang='lat' dir='ltr'><strong>nota</strong></span> <span class='ocrx_word' id='word_1_99' title='bbox 1149 860 1313 899; x_wconf 86' lang='lat' dir='ltr'><strong>subruit.</strong></span> <span class='ocrx_word' id='word_1_100' title='bbox 1341 860 1433 898; x_wconf 90' lang='lat' dir='ltr'><strong>Ideo</strong></span> <span class='ocrx_word' id='word_1_101' title='bbox 1450 860 1589 899; x_wconf 88' lang='lat' dir='ltr'><strong>melius</strong></span> 
     </span>
     <span class='ocr_line' id='line_1_14' title="bbox 335 914 1589 964; baseline 0.001 -11"><span class='ocrx_word' id='word_1_102' title='bbox 335 920 397 953; x_wconf 85' lang='lat' dir='ltr'><strong>cst</strong></span> <span class='ocrx_word' id='word_1_103' title='bbox 418 914 576 953; x_wconf 89' lang='lat' dir='ltr'><strong>vincere</strong></span> <span class='ocrx_word' id='word_1_104' title='bbox 603 914 710 952; x_wconf 91' lang='lat' dir='ltr'><strong>illum</strong></span> <span class='ocrx_word' id='word_1_105' title='bbox 737 926 854 964; x_wconf 86' lang='lat' dir='ltr'><strong>quam</strong></span> <span class='ocrx_word' id='word_1_106' title='bbox 881 916 1030 953; x_wconf 84' lang='lat' dir='ltr'><strong>fallere.</strong></span> <span class='ocrx_word' id='word_1_107' title='bbox 1068 926 1158 953; x_wconf 87' lang='lat' dir='ltr'><strong>nam</strong></span> <span class='ocrx_word' id='word_1_108' title='bbox 1186 915 1251 963; x_wconf 86' lang='lat' dir='ltr'><strong>qui</strong></span> <span class='ocrx_word' id='word_1_109' title='bbox 1278 915 1442 962; x_wconf 73' lang='lat' dir='ltr'><strong>delusus</strong></span> <span class='ocrx_word' id='word_1_110' title='bbox 1462 920 1501 954; x_wconf 85' lang='lat' dir='ltr'><strong>et</strong></span> <span class='ocrx_word' id='word_1_111' title='bbox 1520 926 1589 954; x_wconf 87' lang='lat' dir='ltr'><strong>vo-</strong></span> 
     </span>
     <span class='ocr_line' id='line_1_15' title="bbox 334 969 1592 1018; baseline 0.001 -11"><span class='ocrx_word' id='word_1_112' title='bbox 334 969 548 1018; x_wconf 87' lang='lat' dir='ltr'><strong>luptatibus</strong></span> <span class='ocrx_word' id='word_1_113' title='bbox 579 974 646 1007; x_wconf 89' lang='lat' dir='ltr'><strong>aut</strong></span> <span class='ocrx_word' id='word_1_114' title='bbox 675 970 1001 1018; x_wconf 87' lang='lat' dir='ltr'><strong>occupationibus</strong></span> <span class='ocrx_word' id='word_1_115' title='bbox 1029 969 1221 1008; x_wconf 88' lang='lat' dir='ltr'><strong>abductus</strong></span> <span class='ocrx_word' id='word_1_116' title='bbox 1249 974 1328 1017; x_wconf 91' lang='lat' dir='ltr'><strong>est,</strong></span> <span class='ocrx_word' id='word_1_117' title='bbox 1357 970 1528 1017; x_wconf 80' lang='lat' dir='ltr'><strong>resurgit</strong></span> <span class='ocrx_word' id='word_1_118' title='bbox 1553 974 1592 1008; x_wconf 86' lang='lat' dir='ltr'><strong>et</strong></span> 
     </span>
     <span class='ocr_line' id='line_1_16' title="bbox 334 1023 1590 1073; baseline 0.001 -12"><span class='ocrx_word' id='word_1_119' title='bbox 334 1024 424 1071; x_wconf 86' lang='lat' dir='ltr'><strong>ipsa</strong></span> <span class='ocrx_word' id='word_1_120' title='bbox 452 1023 584 1071; x_wconf 87' lang='lat' dir='ltr'><strong>quiete</strong></span> <span class='ocrx_word' id='word_1_121' title='bbox 612 1024 786 1071; x_wconf 89' lang='lat' dir='ltr'><strong>inpetum</strong></span> <span class='ocrx_word' id='word_1_122' title='bbox 811 1024 862 1062; x_wconf 86' lang='lat' dir='ltr'><strong>ad</strong></span> <span class='ocrx_word' id='word_1_123' title='bbox 881 1024 1135 1063; x_wconf 83' lang='lat' dir='ltr'><strong>saeviendum</strong></span> <span class='ocrx_word' id='word_1_124' title='bbox 1157 1024 1322 1072; x_wconf 83' lang='lat' dir='ltr'><strong>colligit:</strong></span> <span class='ocrx_word' id='word_1_125' title='bbox 1351 1028 1390 1062; x_wconf 83' lang='lat' dir='ltr'><strong>at</strong></span> <span class='ocrx_word' id='word_1_126' title='bbox 1409 1025 1590 1073; x_wconf 87' lang='lat' dir='ltr'><strong>quisquis</strong></span> 
     </span>
     <span class='ocr_line' id='line_1_17' title="bbox 333 1077 1591 1127; baseline 0.002 -12"><span class='ocrx_word' id='word_1_127' title='bbox 333 1077 476 1117; x_wconf 85' lang='lat' dir='ltr'><strong>rationi</strong></span> <span class='ocrx_word' id='word_1_128' title='bbox 497 1077 635 1124; x_wconf 90' lang='lat' dir='ltr'><strong>cessit,</strong></span> <span class='ocrx_word' id='word_1_129' title='bbox 661 1079 698 1115; x_wconf 90' lang='lat' dir='ltr'><strong>in</strong></span> <span class='ocrx_word' id='word_1_130' title='bbox 717 1083 950 1126; x_wconf 90' lang='lat' dir='ltr'><strong>perpetuum</strong></span> <span class='ocrx_word' id='word_1_131' title='bbox 965 1079 1210 1127; x_wconf 86' lang='lat' dir='ltr'><strong>conponitur.</strong></span> <span class='ocrx_word' id='word_1_132' title='bbox 1251 1080 1337 1118; x_wconf 92' lang='lat' dir='ltr'><strong>Non</strong></span> <span class='ocrx_word' id='word_1_133' title='bbox 1355 1089 1442 1117; x_wconf 89' lang='lat' dir='ltr'><strong>sum</strong></span> <span class='ocrx_word' id='word_1_134' title='bbox 1459 1079 1591 1127; x_wconf 86' lang='lat' dir='ltr'><strong>itaque</strong></span> 
     </span>
     <span class='ocr_line' id='line_1_18' title="bbox 333 1132 1592 1180; baseline 0.001 -9"><span class='ocrx_word' id='word_1_135' title='bbox 333 1133 403 1171; x_wconf 83' lang='lat' dir='ltr'><strong>tibi</strong></span> <span class='ocrx_word' id='word_1_136' title='bbox 430 1133 494 1170; x_wconf 87' lang='lat' dir='ltr'><strong>illa</strong></span> <span class='ocrx_word' id='word_1_137' title='bbox 520 1137 828 1178; x_wconf 81' lang='lat' dir='ltr'><strong>monstraturus,</strong></span> <span class='ocrx_word' id='word_1_138' title='bbox 860 1132 1003 1180; x_wconf 86' lang='lat' dir='ltr'><strong>quibus</strong></span> <span class='ocrx_word' id='word_1_139' title='bbox 1023 1144 1120 1171; x_wconf 89' lang='lat' dir='ltr'><strong>usos</strong></span> <span class='ocrx_word' id='word_1_140' title='bbox 1141 1144 1231 1171; x_wconf 87' lang='lat' dir='ltr'><strong>esse</strong></span> <span class='ocrx_word' id='word_1_141' title='bbox 1251 1134 1394 1172; x_wconf 90' lang='lat' dir='ltr'><strong>multos</strong></span> <span class='ocrx_word' id='word_1_142' title='bbox 1415 1134 1517 1180; x_wconf 90' lang='lat' dir='ltr'><strong>scio,</strong></span> <span class='ocrx_word' id='word_1_143' title='bbox 1549 1138 1592 1172; x_wconf 86' lang='lat' dir='ltr'><strong>ut</strong></span> 
     </span>
     <span class='ocr_line' id='line_1_19' title="bbox 334 1187 1588 1235; baseline 0.002 -11"><span class='ocrx_word' id='word_1_144' title='bbox 334 1187 650 1235; x_wconf 88' lang='lat' dir='ltr'><strong>peregrinatione</strong></span> <span class='ocrx_word' id='word_1_145' title='bbox 667 1191 706 1225; x_wconf 87' lang='lat' dir='ltr'><strong>te</strong></span> <span class='ocrx_word' id='word_1_146' title='bbox 724 1188 788 1224; x_wconf 88' lang='lat' dir='ltr'><strong>vel</strong></span> <span class='ocrx_word' id='word_1_147' title='bbox 809 1188 927 1234; x_wconf 86' lang='lat' dir='ltr'><strong>longa</strong></span> <span class='ocrx_word' id='word_1_148' title='bbox 946 1187 1122 1226; x_wconf 90' lang='lat' dir='ltr'><strong>detineas</strong></span> <span class='ocrx_word' id='word_1_149' title='bbox 1142 1188 1205 1226; x_wconf 91' lang='lat' dir='ltr'><strong>vel</strong></span> <span class='ocrx_word' id='word_1_150' title='bbox 1221 1198 1389 1226; x_wconf 87' lang='lat' dir='ltr'><strong>amoena</strong></span> <span class='ocrx_word' id='word_1_151' title='bbox 1404 1188 1588 1233; x_wconf 87' lang='lat' dir='ltr'><strong>delectcs‚</strong></span> 
     </span>
     <span class='ocr_line' id='line_1_20' title="bbox 332 1241 1589 1290; baseline -0.001 -10"><span class='ocrx_word' id='word_1_152' title='bbox 332 1246 376 1280; x_wconf 84' lang='lat' dir='ltr'><strong>ut</strong></span> <span class='ocrx_word' id='word_1_153' title='bbox 403 1242 599 1280; x_wconf 89' lang='lat' dir='ltr'><strong>rationum</strong></span> <span class='ocrx_word' id='word_1_154' title='bbox 627 1241 944 1290; x_wconf 86' lang='lat' dir='ltr'><strong>accipiendarum</strong></span> <span class='ocrx_word' id='word_1_155' title='bbox 971 1241 1189 1290; x_wconf 83' lang='lat' dir='ltr'><strong>diligentia,</strong></span> <span class='ocrx_word' id='word_1_156' title='bbox 1219 1241 1440 1290; x_wconf 83' lang='lat' dir='ltr'><strong>patrimonii</strong></span> <span class='ocrx_word' id='word_1_157' title='bbox 1467 1241 1589 1280; x_wconf 85' lang='lat' dir='ltr'><strong>admi·</strong></span> 
     </span>
     <span class='ocr_line' id='line_1_21' title="bbox 334 1295 1590 1345; baseline 0.001 -12"><span class='ocrx_word' id='word_1_158' title='bbox 334 1295 568 1334; x_wconf 84' lang='lat' dir='ltr'><strong>nistratione</strong></span> <span class='ocrx_word' id='word_1_159' title='bbox 587 1297 747 1334; x_wconf 89' lang='lat' dir='ltr'><strong>multum</strong></span> <span class='ocrx_word' id='word_1_160' title='bbox 770 1305 941 1344; x_wconf 86' lang='lat' dir='ltr'><strong>occupes</strong></span> <span class='ocrx_word' id='word_1_161' title='bbox 961 1297 1169 1344; x_wconf 87' lang='lat' dir='ltr'><strong>temporis,</strong></span> <span class='ocrx_word' id='word_1_162' title='bbox 1199 1301 1242 1335; x_wconf 89' lang='lat' dir='ltr'><strong>ut</strong></span> <span class='ocrx_word' id='word_1_163' title='bbox 1261 1307 1418 1345; x_wconf 87' lang='lat' dir='ltr'><strong>semper</strong></span> <span class='ocrx_word' id='word_1_164' title='bbox 1432 1307 1536 1335; x_wconf 92' lang='lat' dir='ltr'><strong>novo</strong></span> <span class='ocrx_word' id='word_1_165' title='bbox 1552 1301 1590 1334; x_wconf 92' lang='lat' dir='ltr'><strong>te</strong></span> 
     </span>
     <span class='ocr_line' id='line_1_22' title="bbox 335 1350 1589 1399; baseline 0 -11"><span class='ocrx_word' id='word_1_166' title='bbox 335 1351 467 1399; x_wconf 88' lang='lat' dir='ltr'><strong>aliquo</strong></span> <span class='ocrx_word' id='word_1_167' title='bbox 495 1350 652 1398; x_wconf 86' lang='lat' dir='ltr'><strong>negotio</strong></span> <span class='ocrx_word' id='word_1_168' title='bbox 675 1350 858 1398; x_wconf 87' lang='lat' dir='ltr'><strong>inplices:</strong></span> <span class='ocrx_word' id='word_1_169' title='bbox 897 1350 1028 1389; x_wconf 87' lang='lat' dir='ltr'><strong>onmia</strong></span> <span class='ocrx_word' id='word_1_170' title='bbox 1045 1351 1121 1390; x_wconf 82' lang='lat' dir='ltr'><strong>ista</strong></span> <span class='ocrx_word' id='word_1_171' title='bbox 1143 1351 1192 1389; x_wconf 91' lang='lat' dir='ltr'><strong>ad</strong></span> <span class='ocrx_word' id='word_1_172' title='bbox 1214 1351 1395 1399; x_wconf 86' lang='lat' dir='ltr'><strong>exiguum</strong></span> <span class='ocrx_word' id='word_1_173' title='bbox 1416 1362 1589 1389; x_wconf 88' lang='lat' dir='ltr'><strong>momen-</strong></span> 
     </span>
     <span class='ocr_line' id='line_1_23' title="bbox 333 1405 1588 1455; baseline 0 -12"><span class='ocrx_word' id='word_1_174' title='bbox 333 1410 603 1455; x_wconf 30' lang='lat' dir='ltr'><strong>tum-prosunt</strong></span> <span class='ocrx_word' id='word_1_175' title='bbox 620 1415 694 1444; x_wconf 90' lang='lat' dir='ltr'><strong>nec</strong></span> <span class='ocrx_word' id='word_1_176' title='bbox 711 1405 886 1444; x_wconf 88' lang='lat' dir='ltr'><strong>remedia</strong></span> <span class='ocrx_word' id='word_1_177' title='bbox 906 1405 1075 1452; x_wconf 85' lang='lat' dir='ltr'><strong>doloris,</strong></span> <span class='ocrx_word' id='word_1_178' title='bbox 1105 1406 1177 1444; x_wconf 81' lang='lat' dir='ltr'><strong>sed</strong></span> <span class='ocrx_word' id='word_1_179' title='bbox 1196 1406 1463 1454; x_wconf 83' lang='lat' dir='ltr'><strong>inpedimenta</strong></span> <span class='ocrx_word' id='word_1_180' title='bbox 1485 1412 1588 1444; x_wconf 87' lang='lat' dir='ltr'><strong>sunt.</strong></span> 
     </span>
     <span class='ocr_line' id='line_1_24' title="bbox 296 1457 1589 1509; baseline 0.002 -12"><span class='ocrx_word' id='word_1_181' title='bbox 296 1462 319 1497; x_wconf 84' lang='lat'><strong>3</strong></span> <span class='ocrx_word' id='word_1_182' title='bbox 335 1470 408 1508; x_wconf 85' lang='lat' dir='ltr'><strong>ego</strong></span> <span class='ocrx_word' id='word_1_183' title='bbox 430 1465 561 1499; x_wconf 88' lang='lat' dir='ltr'><strong>autem</strong></span> <span class='ocrx_word' id='word_1_184' title='bbox 580 1461 682 1498; x_wconf 88' lang='lat' dir='ltr'><strong>malo</strong></span> <span class='ocrx_word' id='word_1_185' title='bbox 703 1460 808 1498; x_wconf 88' lang='lat' dir='ltr'><strong>illum</strong></span> <span class='ocrx_word' id='word_1_186' title='bbox 826 1460 1007 1498; x_wconf 89' lang='lat' dir='ltr'><strong>desinere</strong></span> <span class='ocrx_word' id='word_1_187' title='bbox 1024 1470 1139 1509; x_wconf 84' lang='lat' dir='ltr'><strong>quam</strong></span> <span class='ocrx_word' id='word_1_188' title='bbox 1155 1457 1297 1508; x_wconf 84' lang='lat' dir='ltr'><strong>decipi.</strong></span> <span class='ocrx_word' id='word_1_189' title='bbox 1342 1461 1478 1509; x_wconf 83' lang='lat' dir='ltr'><strong>Itaque</strong></span> <span class='ocrx_word' id='word_1_190' title='bbox 1499 1460 1589 1499; x_wconf 86' lang='lat' dir='ltr'><strong>illo</strong></span> 
     </span>
     <span class='ocr_line' id='line_1_25' title="bbox 333 1515 1588 1563; baseline 0 -10"><span class='ocrx_word' id='word_1_191' title='bbox 333 1520 379 1553; x_wconf 86' lang='lat' dir='ltr'><strong>te</strong></span> <span class='ocrx_word' id='word_1_192' title='bbox 408 1515 554 1561; x_wconf 86' lang='lat' dir='ltr'><strong>duco,</strong></span> <span class='ocrx_word' id='word_1_193' title='bbox 587 1525 683 1563; x_wconf 92' lang='lat' dir='ltr'><strong>quo</strong></span> <span class='ocrx_word' id='word_1_194' title='bbox 712 1515 959 1560; x_wconf 89' lang='lat' dir='ltr'><strong>omnibus,</strong></span> <span class='ocrx_word' id='word_1_195' title='bbox 992 1516 1073 1562; x_wconf 86' lang='lat' dir='ltr'><strong>qui</strong></span> <span class='ocrx_word' id='word_1_196' title='bbox 1094 1516 1341 1553; x_wconf 85' lang='lat' dir='ltr'><strong>fortunam</strong></span> <span class='ocrx_word' id='word_1_197' title='bbox 1371 1515 1588 1563; x_wconf 84' lang='lat' dir='ltr'><strong>fugiunt,</strong></span> 
     </span>
     <span class='ocr_line' id='line_1_26' title="bbox 335 1569 1589 1618; baseline 0 -11"><span class='ocrx_word' id='word_1_198' title='bbox 335 1570 727 1618; x_wconf 82' lang='lat' dir='ltr'><strong>confugiendum</strong></span> <span class='ocrx_word' id='word_1_199' title='bbox 754 1574 847 1616; x_wconf 88' lang='lat' dir='ltr'><strong>est,</strong></span> <span class='ocrx_word' id='word_1_200' title='bbox 876 1569 935 1607; x_wconf 91' lang='lat' dir='ltr'><strong>ad</strong></span> <span class='ocrx_word' id='word_1_201' title='bbox 962 1569 1200 1607; x_wconf 88' lang='lat' dir='ltr'><strong>liberalia</strong></span> <span class='ocrx_word' id='word_1_202' title='bbox 1227 1570 1413 1608; x_wconf 83' lang='lat' dir='ltr'><strong>studia:</strong></span> <span class='ocrx_word' id='word_1_203' title='bbox 1443 1570 1509 1607; x_wconf 84' lang='lat' dir='ltr'><strong>illa</strong></span> <span class='ocrx_word' id='word_1_204' title='bbox 1527 1580 1589 1607; x_wconf 82' lang='lat' dir='ltr'><strong>sa-</strong></span> 
     </span>
     <span class='ocr_line' id='line_1_27' title="bbox 334 1623 1624 1677; baseline -0.001 -15"><span class='ocrx_word' id='word_1_205' title='bbox 334 1625 484 1663; x_wconf 89' lang='lat' dir='ltr'><strong>nabunt</strong></span> <span class='ocrx_word' id='word_1_206' title='bbox 508 1625 652 1663; x_wconf 90' lang='lat' dir='ltr'><strong>volnus</strong></span> <span class='ocrx_word' id='word_1_207' title='bbox 680 1629 808 1671; x_wconf 90' lang='lat' dir='ltr'><strong>tuum,</strong></span> <span class='ocrx_word' id='word_1_208' title='bbox 837 1623 902 1662; x_wconf 87' lang='lat' dir='ltr'><strong>illa</strong></span> <span class='ocrx_word' id='word_1_209' title='bbox 929 1634 1083 1662; x_wconf 88' lang='lat' dir='ltr'><strong>omnem</strong></span> <span class='ocrx_word' id='word_1_210' title='bbox 1110 1624 1302 1662; x_wconf 89' lang='lat' dir='ltr'><strong>tristitiam</strong></span> <span class='ocrx_word' id='word_1_211' title='bbox 1322 1624 1390 1662; x_wconf 88' lang='lat' dir='ltr'><strong>tibi</strong></span> <span class='ocrx_word' id='word_1_212' title='bbox 1410 1624 1589 1662; x_wconf 86' lang='lat' dir='ltr'><strong>evellent.</strong></span> <span class='ocrx_word' id='word_1_213' title='bbox 1622 1653 1624 1677; x_wconf 66' lang='lat'><strong>,</strong></span> 
     </span>
     <span class='ocr_line' id='line_1_28' title="bbox 332 1678 1624 1727; baseline -0.001 -11"><span class='ocrx_word' id='word_1_214' title='bbox 332 1678 395 1717; x_wconf 90' lang='lat' dir='ltr'><strong>his</strong></span> <span class='ocrx_word' id='word_1_215' title='bbox 415 1679 567 1718; x_wconf 87' lang='lat' dir='ltr'><strong>etiamsi</strong></span> <span class='ocrx_word' id='word_1_216' title='bbox 583 1689 796 1727; x_wconf 85' lang='lat' dir='ltr'><strong>numquam</strong></span> <span class='ocrx_word' id='word_1_217' title='bbox 814 1679 1048 1727; x_wconf 86' lang='lat' dir='ltr'><strong>adsuesses‚</strong></span> <span class='ocrx_word' id='word_1_218' title='bbox 1069 1689 1173 1717; x_wconf 89' lang='lat' dir='ltr'><strong>nunc</strong></span> <span class='ocrx_word' id='word_1_219' title='bbox 1187 1679 1375 1723; x_wconf 86' lang='lat' dir='ltr'><strong>utendum</strong></span> <span class='ocrx_word' id='word_1_220' title='bbox 1393 1683 1487 1716; x_wconf 84' lang='lat' dir='ltr'><strong>erat.</strong></span> <span class='ocrx_word' id='word_1_221' title='bbox 1517 1679 1590 1716; x_wconf 87' lang='lat' dir='ltr'><strong>sed</strong></span> <span class='ocrx_word' id='word_1_222' title='bbox 1621 1712 1624 1723; x_wconf 82' lang='lat'><strong><em>‚</em></strong></span> 
     </span>
     <span class='ocr_line' id='line_1_29' title="bbox 335 1732 1587 1782; baseline 0.001 -10"><span class='ocrx_word' id='word_1_223' title='bbox 335 1738 522 1781; x_wconf 84' lang='lat' dir='ltr'><strong>quantum</strong></span> <span class='ocrx_word' id='word_1_224' title='bbox 548 1733 617 1772; x_wconf 86' lang='lat' dir='ltr'><strong>tibi</strong></span> <span class='ocrx_word' id='word_1_225' title='bbox 644 1733 766 1782; x_wconf 89' lang='lat' dir='ltr'><strong>patris</strong></span> <span class='ocrx_word' id='word_1_226' title='bbox 796 1734 871 1771; x_wconf 89' lang='lat' dir='ltr'><strong>mei</strong></span> <span class='ocrx_word' id='word_1_227' title='bbox 893 1734 1078 1782; x_wconf 89' lang='lat' dir='ltr'><strong>antiquus</strong></span> <span class='ocrx_word' id='word_1_228' title='bbox 1099 1733 1206 1781; x_wconf 85' lang='lat' dir='ltr'><strong>rigor</strong></span> <span class='ocrx_word' id='word_1_229' title='bbox 1228 1732 1421 1782; x_wconf 86' lang='lat' dir='ltr'><strong>permisit,</strong></span> <span class='ocrx_word' id='word_1_230' title='bbox 1449 1742 1587 1771; x_wconf 87' lang='lat' dir='ltr'><strong>omnes</strong></span> 
     </span>
     <span class='ocr_line' id='line_1_30' title="bbox 333 1788 1589 1836; baseline -0.001 -10"><span class='ocrx_word' id='word_1_231' title='bbox 333 1789 461 1827; x_wconf 86' lang='lat' dir='ltr'><strong>bonas</strong></span> <span class='ocrx_word' id='word_1_232' title='bbox 482 1793 586 1827; x_wconf 87' lang='lat' dir='ltr'><strong>artes</strong></span> <span class='ocrx_word' id='word_1_233' title='bbox 607 1799 685 1826; x_wconf 91' lang='lat' dir='ltr'><strong>non</strong></span> <span class='ocrx_word' id='word_1_234' title='bbox 709 1789 866 1836; x_wconf 87' lang='lat' dir='ltr'><strong>quidem</strong></span> <span class='ocrx_word' id='word_1_235' title='bbox 889 1788 1228 1836; x_wconf 78' lang='lat' dir='ltr'><strong>conprehendisti,</strong></span> <span class='ocrx_word' id='word_1_236' title='bbox 1257 1788 1427 1836; x_wconf 84' lang='lat' dir='ltr'><strong>adtigisti</strong></span> <span class='ocrx_word' id='word_1_237' title='bbox 1446 1793 1589 1827; x_wconf 88' lang='lat' dir='ltr'><strong>tamen.</strong></span> 
     </span>
     <span class='ocr_line' id='line_1_31' title="bbox 295 1843 1588 1892; baseline -0.001 -11"><span class='ocrx_word' id='word_1_238' title='bbox 295 1847 319 1881; x_wconf 89' lang='lat'>4</span> <span class='ocrx_word' id='word_1_239' title='bbox 332 1843 488 1882; x_wconf 88' lang='lat' dir='ltr'><strong>Utinam</strong></span> <span class='ocrx_word' id='word_1_240' title='bbox 509 1843 669 1892; x_wconf 89' lang='lat' dir='ltr'><strong>quidem</strong></span> <span class='ocrx_word' id='word_1_241' title='bbox 687 1844 860 1884; x_wconf 86' lang='lat' dir='ltr'><strong>virorum</strong></span> <span class='ocrx_word' id='word_1_242' title='bbox 877 1844 1067 1892; x_wconf 87' lang='lat' dir='ltr'><strong>optimus,</strong></span> <span class='ocrx_word' id='word_1_243' title='bbox 1089 1847 1200 1892; x_wconf 88' lang='lat' dir='ltr'><strong>pater</strong></span> <span class='ocrx_word' id='word_1_244' title='bbox 1213 1853 1342 1889; x_wconf 89' lang='lat' dir='ltr'><strong>meus,</strong></span> <span class='ocrx_word' id='word_1_245' title='bbox 1365 1843 1492 1881; x_wconf 88' lang='lat' dir='ltr'><strong>minus</strong></span> <span class='ocrx_word' id='word_1_246' title='bbox 1508 1853 1588 1881; x_wconf 87' lang='lat' dir='ltr'><strong>ma-</strong></span> 
     </span>
     <span class='ocr_line' id='line_1_32' title="bbox 333 1897 1586 1946; baseline -0.002 -10"><span class='ocrx_word' id='word_1_247' title='bbox 333 1899 458 1937; x_wconf 90' lang='lat' dir='ltr'><strong>iorum</strong></span> <span class='ocrx_word' id='word_1_248' title='bbox 476 1897 752 1937; x_wconf 88' lang='lat' dir='ltr'><strong>consuetudini</strong></span> <span class='ocrx_word' id='word_1_249' title='bbox 767 1897 922 1936; x_wconf 90' lang='lat' dir='ltr'><strong>deditus</strong></span> <span class='ocrx_word' id='word_1_250' title='bbox 935 1898 1126 1936; x_wconf 86' lang='lat' dir='ltr'><strong>voluisset</strong></span> <span class='ocrx_word' id='word_1_251' title='bbox 1140 1903 1178 1937; x_wconf 89' lang='lat' dir='ltr'><strong>te</strong></span> <span class='ocrx_word' id='word_1_252' title='bbox 1194 1897 1414 1946; x_wconf 83' lang='lat' dir='ltr'><strong>praeceptis</strong></span> <span class='ocrx_word' id='word_1_253' title='bbox 1432 1897 1586 1945; x_wconf 87' lang='lat' dir='ltr'><strong>sapien-</strong></span> 
     </span>
     <span class='ocr_line' id='line_1_33' title="bbox 334 1952 1587 2001; baseline -0.001 -11"><span class='ocrx_word' id='word_1_254' title='bbox 334 1953 410 1991; x_wconf 88' lang='lat' dir='ltr'><strong>tiae</strong></span> <span class='ocrx_word' id='word_1_255' title='bbox 430 1953 577 1992; x_wconf 87' lang='lat' dir='ltr'><strong>erudiri</strong></span> <span class='ocrx_word' id='word_1_256' title='bbox 603 1952 734 2001; x_wconf 90' lang='lat' dir='ltr'><strong>potius</strong></span> <span class='ocrx_word' id='word_1_257' title='bbox 755 1963 871 2000; x_wconf 88' lang='lat' dir='ltr'><strong>quam</strong></span> <span class='ocrx_word' id='word_1_258' title='bbox 899 1952 1025 1991; x_wconf 81' lang='lat' dir='ltr'><strong>inbui!</strong></span> <span class='ocrx_word' id='word_1_259' title='bbox 1063 1963 1141 1991; x_wconf 92' lang='lat' dir='ltr'><strong>non</strong></span> <span class='ocrx_word' id='word_1_260' title='bbox 1162 1953 1378 2000; x_wconf 82' lang='lat' dir='ltr'><strong>parandum</strong></span> <span class='ocrx_word' id='word_1_261' title='bbox 1396 1953 1464 1990; x_wconf 85' lang='lat' dir='ltr'><strong>tibi</strong></span> <span class='ocrx_word' id='word_1_262' title='bbox 1485 1962 1587 1989; x_wconf 90' lang='lat' dir='ltr'><strong>nunc</strong></span> 
     </span>
     <span class='ocr_line' id='line_1_34' title="bbox 333 2007 1585 2056; baseline 0 -12"><span class='ocrx_word' id='word_1_263' title='bbox 333 2013 470 2046; x_wconf 88' lang='lat' dir='ltr'><strong>contra</strong></span> <span class='ocrx_word' id='word_1_264' title='bbox 498 2009 693 2047; x_wconf 85' lang='lat' dir='ltr'><strong>fortunam</strong></span> <span class='ocrx_word' id='word_1_265' title='bbox 712 2012 820 2045; x_wconf 89' lang='lat' dir='ltr'><strong>esset</strong></span> <span class='ocrx_word' id='word_1_266' title='bbox 842 2008 1046 2053; x_wconf 85' lang='lat' dir='ltr'><strong>auxilium,</strong></span> <span class='ocrx_word' id='word_1_267' title='bbox 1077 2007 1154 2056; x_wconf 21' lang='lat' dir='ltr'><strong>sed,</strong></span> <span class='ocrx_word' id='word_1_268' title='bbox 1168 2007 1464 2055; x_wconf 87' lang='lat' dir='ltr'><strong>proferendum:</strong></span> <span class='ocrx_word' id='word_1_269' title='bbox 1493 2016 1585 2054; x_wconf 90' lang='lat' dir='ltr'><strong>pro-</strong></span> 
     </span>
     <span class='ocr_line' id='line_1_35' title="bbox 334 2061 1586 2111; baseline 0 -13"><span class='ocrx_word' id='word_1_270' title='bbox 334 2066 420 2109; x_wconf 89' lang='lat' dir='ltr'><strong>pter</strong></span> <span class='ocrx_word' id='word_1_271' title='bbox 448 2063 567 2111; x_wconf 87' lang='lat' dir='ltr'><strong>istas,</strong></span> <span class='ocrx_word' id='word_1_272' title='bbox 598 2071 700 2111; x_wconf 90' lang='lat' dir='ltr'><strong>quae</strong></span> <span class='ocrx_word' id='word_1_273' title='bbox 725 2062 846 2101; x_wconf 78' lang='lat' dir='ltr'><strong>liter1s</strong></span> <span class='ocrx_word' id='word_1_274' title='bbox 874 2073 951 2101; x_wconf 90' lang='lat' dir='ltr'><strong>non</strong></span> <span class='ocrx_word' id='word_1_275' title='bbox 981 2063 1032 2100; x_wconf 86' lang='lat' dir='ltr'><strong>ad</strong></span> <span class='ocrx_word' id='word_1_276' title='bbox 1060 2061 1289 2109; x_wconf 86' lang='lat' dir='ltr'><strong>sapientiam</strong></span> <span class='ocrx_word' id='word_1_277' title='bbox 1307 2066 1482 2107; x_wconf 88' lang='lat' dir='ltr'><strong>utuntur,</strong></span> <span class='ocrx_word' id='word_1_278' title='bbox 1513 2061 1586 2098; x_wconf 89' lang='lat' dir='ltr'><strong>sed</strong></span> 
     </span>
     <span class='ocr_line' id='line_1_36' title="bbox 334 2114 1584 2164; baseline -0.001 -11"><span class='ocrx_word' id='word_1_279' title='bbox 334 2116 384 2153; x_wconf 86' lang='lat' dir='ltr'><strong>ad</strong></span> <span class='ocrx_word' id='word_1_280' title='bbox 405 2117 596 2156; x_wconf 87' lang='lat' dir='ltr'><strong>luxuriam</strong></span> <span class='ocrx_word' id='word_1_281' title='bbox 619 2117 880 2164; x_wconf 86' lang='lat' dir='ltr'><strong>instruuntur,</strong></span> <span class='ocrx_word' id='word_1_282' title='bbox 910 2117 1038 2155; x_wconf 88' lang='lat' dir='ltr'><strong>minus</strong></span> <span class='ocrx_word' id='word_1_283' title='bbox 1057 2121 1095 2155; x_wconf 86' lang='lat' dir='ltr'><strong>te</strong></span> <span class='ocrx_word' id='word_1_284' title='bbox 1114 2116 1314 2163; x_wconf 84' lang='lat' dir='ltr'><strong>indulgere</strong></span> <span class='ocrx_word' id='word_1_285' title='bbox 1333 2114 1473 2154; x_wconf 81' lang='lat' dir='ltr'><strong>studiis</strong></span> <span class='ocrx_word' id='word_1_286' title='bbox 1494 2125 1584 2164; x_wconf 84' lang='lat' dir='ltr'><strong>pas-</strong></span> 
     </span>
     <span class='ocr_line' id='line_1_37' title="bbox 333 2168 1585 2219; baseline -0.001 -11"><span class='ocrx_word' id='word_1_287' title='bbox 333 2180 403 2209; x_wconf 89' lang='lat' dir='ltr'><strong>sus</strong></span> <span class='ocrx_word' id='word_1_288' title='bbox 431 2176 503 2209; x_wconf 88' lang='lat' dir='ltr'><strong>est.</strong></span> <span class='ocrx_word' id='word_1_289' title='bbox 540 2171 734 2211; x_wconf 88' lang='lat' dir='ltr'><strong>beneficio</strong></span> <span class='ocrx_word' id='word_1_290' title='bbox 761 2168 890 2210; x_wconf 81' lang='lat' dir='ltr'><strong>tamen</strong></span> <span class='ocrx_word' id='word_1_291' title='bbox 917 2172 1072 2219; x_wconf 85' lang='lat' dir='ltr'><strong>rapacis</strong></span> <span class='ocrx_word' id='word_1_292' title='bbox 1097 2170 1241 2217; x_wconf 87' lang='lat' dir='ltr'><strong>ingenii</strong></span> <span class='ocrx_word' id='word_1_293' title='bbox 1264 2171 1352 2218; x_wconf 90' lang='lat' dir='ltr'><strong>plus</strong></span> <span class='ocrx_word' id='word_1_294' title='bbox 1374 2180 1489 2218; x_wconf 82' lang='lat' dir='ltr'><strong>quam</strong></span> <span class='ocrx_word' id='word_1_295' title='bbox 1512 2180 1585 2218; x_wconf 89' lang='lat' dir='ltr'><strong>pro</strong></span> 
     </span>
     <span class='ocr_line' id='line_1_38' title="bbox 332 2223 1606 2277; baseline 0 -15"><span class='ocrx_word' id='word_1_296' title='bbox 332 2230 511 2273; x_wconf 88' lang='lat' dir='ltr'><strong>tempore</strong></span> <span class='ocrx_word' id='word_1_297' title='bbox 537 2226 715 2265; x_wconf 87' lang='lat' dir='ltr'><strong>hausisti.</strong></span> <span class='ocrx_word' id='word_1_298' title='bbox 755 2226 857 2265; x_wconf 87' lang='lat' dir='ltr'><strong>iacta</strong></span> <span class='ocrx_word' id='word_1_299' title='bbox 884 2232 975 2265; x_wconf 91' lang='lat' dir='ltr'><strong>sunt</strong></span> <span class='ocrx_word' id='word_1_300' title='bbox 994 2223 1286 2272; x_wconf 81' lang='lat' dir='ltr'><strong>disciplinarum</strong></span> <span class='ocrx_word' id='word_1_301' title='bbox 1307 2225 1476 2263; x_wconf 87' lang='lat' dir='ltr'><strong>omnium</strong></span> <span class='ocrx_word' id='word_1_302' title='bbox 1498 2225 1582 2262; x_wconf 82' lang='lat' dir='ltr'><strong>fun·</strong></span> <span class='ocrx_word' id='word_1_303' title='bbox 1605 2272 1606 2277; x_wconf 15' lang='lat'>¹</span> 
     </span>
     <span class='ocr_line' id='line_1_39' title="bbox 334 2280 1580 2330; baseline -0.002 -12"><span class='ocrx_word' id='word_1_304' title='bbox 334 2280 536 2319; x_wconf 84' lang='lat' dir='ltr'><strong>damenta:</strong></span> <span class='ocrx_word' id='word_1_305' title='bbox 567 2292 670 2324; x_wconf 90' lang='lat' dir='ltr'><strong>nunc</strong></span> <span class='ocrx_word' id='word_1_306' title='bbox 690 2282 739 2320; x_wconf 84' lang='lat' dir='ltr'><strong>ad</strong></span> <span class='ocrx_word' id='word_1_307' title='bbox 762 2282 852 2320; x_wconf 64' lang='lat' dir='ltr'><strong>&gt;illas</strong></span> <span class='ocrx_word' id='word_1_308' title='bbox 871 2285 1086 2330; x_wconf 81' lang='lat' dir='ltr'><strong>revertere:</strong></span> <span class='ocrx_word' id='word_1_309' title='bbox 1117 2284 1237 2318; x_wconf 83' lang='lat' dir='ltr'><strong>tutam</strong></span> <span class='ocrx_word' id='word_1_310' title='bbox 1257 2284 1294 2318; x_wconf 86' lang='lat' dir='ltr'><strong>te</strong></span> <span class='ocrx_word' id='word_1_311' title='bbox 1314 2280 1580 2328; x_wconf 84' lang='lat' dir='ltr'><strong>praestabunt.</strong></span> 
     </span>
    </p>
   </div>
   <div class='ocr_carea' id='block_1_3' title="bbox 1590 1771 1624 2626">
    <p class='ocr_par' dir='ltr' id='par_1_3' title="bbox 1590 1771 1624 2626">
     <span class='ocr_line' id='line_1_40' title="bbox 1590 1771 1624 2626; baseline 0 0"><span class='ocrx_word' id='word_1_312' title='bbox 1590 1771 1624 2626; x_wconf 95' lang='lat' dir='ltr'><strong> </strong></span> 
     </span>
    </p>
   </div>
  </div>
 </body>
</html>
