<?xml version="1.0" encoding="UTF-8"?>
<!DOCTYPE html PUBLIC "-//W3C//DTD XHTML 1.0 Transitional//EN"
    "http://www.w3.org/TR/xhtml1/DTD/xhtml1-transitional.dtd">
<html xmlns="http://www.w3.org/1999/xhtml" xml:lang="en" lang="en">
 <head>
  <title>
</title>
<meta http-equiv="Content-Type" content="text/html;charset=utf-8" />
  <meta name='ocr-system' content='tesseract 3.04.00' />
  <meta name='ocr-capabilities' content='ocr_page ocr_carea ocr_par ocr_line ocrx_word'/>
</head>
<body>
  <div class='ocr_page' id='page_1' title='image "./operaquaesupersu01seneuoft_0250.png"; bbox 0 0 1624 2626; ppageno 0'>
   <div class='ocr_carea' id='block_1_1' title="bbox 282 147 1284 189">
    <p class='ocr_par' dir='ltr' id='par_1_1' title="bbox 282 147 1284 189">
     <span class='ocr_line' id='line_1_1' title="bbox 282 147 1284 189; baseline 0 0"><span class='ocrx_word' id='word_1_1' title='bbox 282 147 361 189; x_wconf 80' lang='grc'>236</span> <span class='ocrx_word' id='word_1_2' title='bbox 525 148 567 185; x_wconf 89' lang='lat' dir='ltr'>L.</span> <span class='ocrx_word' id='word_1_3' title='bbox 597 147 784 186; x_wconf 79' lang='lat' dir='ltr'><strong>ANNAEI</strong></span> <span class='ocrx_word' id='word_1_4' title='bbox 815 147 1038 188; x_wconf 87' lang='lat' dir='ltr'><strong>SENECAE</strong></span> <span class='ocrx_word' id='word_1_5' title='bbox 1068 150 1198 189; x_wconf 86' lang='lat' dir='ltr'>DlAL.</span> <span class='ocrx_word' id='word_1_6' title='bbox 1221 151 1284 189; x_wconf 92' lang='lat' dir='ltr'>XI.</span> 
     </span>
    </p>
   </div>
   <div class='ocr_carea' id='block_1_2' title="bbox 241 244 1532 2301">
    <p class='ocr_par' dir='ltr' id='par_1_2' title="bbox 241 244 1532 2301">
     <span class='ocr_line' id='line_1_2' title="bbox 281 244 1524 299; baseline 0.004 -15"><span class='ocrx_word' id='word_1_7' title='bbox 281 252 320 285; x_wconf 92' lang='lat' dir='ltr'>te</span> <span class='ocrx_word' id='word_1_8' title='bbox 346 246 400 284; x_wconf 92' lang='lat' dir='ltr'>illi</span> <span class='ocrx_word' id='word_1_9' title='bbox 427 244 595 285; x_wconf 88' lang='lat' dir='ltr'>iudicem</span> <span class='ocrx_word' id='word_1_10' title='bbox 623 247 707 284; x_wconf 89' lang='lat' dir='ltr'>dies</span> <span class='ocrx_word' id='word_1_11' title='bbox 735 245 880 284; x_wconf 83' lang='lat' dir='ltr'>fecerit.</span> <span class='ocrx_word' id='word_1_12' title='bbox 909 251 1000 286; x_wconf 89' lang='lat' dir='ltr'>tunc</span> <span class='ocrx_word' id='word_1_13' title='bbox 1019 248 1120 286; x_wconf 89' lang='lat' dir='ltr'>enim</span> <span class='ocrx_word' id='word_1_14' title='bbox 1139 248 1286 297; x_wconf 87' lang='lat' dir='ltr'>poteris</span> <span class='ocrx_word' id='word_1_15' title='bbox 1306 251 1343 288; x_wconf 89' lang='lat' dir='ltr'>in</span> <span class='ocrx_word' id='word_1_16' title='bbox 1364 252 1524 299; x_wconf 78' lang='lat' dir='ltr'>gratiam</span> 
     </span>
     <span class='ocr_line' id='line_1_3' title="bbox 283 300 1525 351; baseline 0.003 -12"><span class='ocrx_word' id='word_1_17' title='bbox 283 311 370 339; x_wconf 90' lang='lat' dir='ltr'>cum</span> <span class='ocrx_word' id='word_1_18' title='bbox 390 300 455 338; x_wconf 85' lang='lat' dir='ltr'>illa</span> <span class='ocrx_word' id='word_1_19' title='bbox 477 301 619 339; x_wconf 87' lang='lat' dir='ltr'>redire.</span> <span class='ocrx_word' id='word_1_20' title='bbox 648 311 736 338; x_wconf 91' lang='lat' dir='ltr'>nam</span> <span class='ocrx_word' id='word_1_21' title='bbox 754 301 874 339; x_wconf 86' lang='lat' dir='ltr'>multa</span> <span class='ocrx_word' id='word_1_22' title='bbox 892 302 1078 350; x_wconf 86' lang='lat' dir='ltr'>providit,</span> <span class='ocrx_word' id='word_1_23' title='bbox 1110 304 1253 351; x_wconf 86' lang='lat' dir='ltr'>quibus</span> <span class='ocrx_word' id='word_1_24' title='bbox 1269 305 1372 343; x_wconf 85' lang='lat' dir='ltr'>hanc</span> <span class='ocrx_word' id='word_1_25' title='bbox 1395 315 1525 343; x_wconf 85' lang='lat' dir='ltr'>emen-</span> 
     </span>
     <span class='ocr_line' id='line_1_4' title="bbox 283 355 1526 406; baseline 0.004 -13"><span class='ocrx_word' id='word_1_26' title='bbox 283 356 394 394; x_wconf 82' lang='lat' dir='ltr'>daret</span> <span class='ocrx_word' id='word_1_27' title='bbox 414 355 606 393; x_wconf 88' lang='lat' dir='ltr'>iniuriam.</span> <span class='ocrx_word' id='word_1_28' title='bbox 651 356 770 393; x_wconf 86' lang='lat' dir='ltr'>multa</span> <span class='ocrx_word' id='word_1_29' title='bbox 789 355 1008 394; x_wconf 82' lang='lat' dir='ltr'><strong>etiamnunc</strong></span> <span class='ocrx_word' id='word_1_30' title='bbox 1026 357 1151 404; x_wconf 88' lang='lat' dir='ltr'>dabit,</span> <span class='ocrx_word' id='word_1_31' title='bbox 1185 358 1328 406; x_wconf 88' lang='lat' dir='ltr'>quibus</span> <span class='ocrx_word' id='word_1_32' title='bbox 1347 359 1526 398; x_wconf 81' lang='lat' dir='ltr'>redimat.</span> 
     </span>
     <span class='ocr_line' id='line_1_5' title="bbox 283 408 1526 460; baseline 0.002 -13"><span class='ocrx_word' id='word_1_33' title='bbox 283 409 455 457; x_wconf 88' lang='lat' dir='ltr'>denique</span> <span class='ocrx_word' id='word_1_34' title='bbox 488 409 617 458; x_wconf 90' lang='lat' dir='ltr'>ipsum</span> <span class='ocrx_word' id='word_1_35' title='bbox 652 408 748 456; x_wconf 88' lang='lat' dir='ltr'>hoc,</span> <span class='ocrx_word' id='word_1_36' title='bbox 784 409 892 457; x_wconf 88' lang='lat' dir='ltr'>quod</span> <span class='ocrx_word' id='word_1_37' title='bbox 922 410 1094 458; x_wconf 85' lang='lat' dir='ltr'>abstulit,</span> <span class='ocrx_word' id='word_1_38' title='bbox 1133 412 1221 460; x_wconf 86' lang='lat' dir='ltr'>ipsa</span> <span class='ocrx_word' id='word_1_39' title='bbox 1252 414 1423 452; x_wconf 80' lang='lat' dir='ltr'>dederat</span> <span class='ocrx_word' id='word_1_40' title='bbox 1443 413 1526 451; x_wconf 89' lang='lat' dir='ltr'>tibi.</span> 
     </span>
     <span class='ocr_line' id='line_1_6' title="bbox 241 463 1527 514; baseline 0.004 -13"><span class='ocrx_word' id='word_1_41' title='bbox 241 468 264 501; x_wconf 80' lang='lat'>4</span> <span class='ocrx_word' id='word_1_42' title='bbox 281 463 388 502; x_wconf 90' lang='lat' dir='ltr'>Noli</span> <span class='ocrx_word' id='word_1_43' title='bbox 408 473 526 512; x_wconf 86' lang='lat' dir='ltr'>ergo</span> <span class='ocrx_word' id='word_1_44' title='bbox 542 468 719 502; x_wconf 91' lang='lat' dir='ltr'>contra</span> <span class='ocrx_word' id='word_1_45' title='bbox 735 468 782 501; x_wconf 91' lang='lat' dir='ltr'>te</span> <span class='ocrx_word' id='word_1_46' title='bbox 801 463 1002 512; x_wconf 81' lang='lat' dir='ltr'>ingenio</span> <span class='ocrx_word' id='word_1_47' title='bbox 1018 465 1086 504; x_wconf 90' lang='lat' dir='ltr'>uti</span> <span class='ocrx_word' id='word_1_48' title='bbox 1104 470 1206 514; x_wconf 88' lang='lat' dir='ltr'>tuo,</span> <span class='ocrx_word' id='word_1_49' title='bbox 1223 467 1325 506; x_wconf 94' lang='lat' dir='ltr'>noli</span> <span class='ocrx_word' id='word_1_50' title='bbox 1345 468 1527 505; x_wconf 78' lang='lat' dir='ltr'>adesse</span> 
     </span>
     <span class='ocr_line' id='line_1_7' title="bbox 282 517 1529 570; baseline 0.002 -14"><span class='ocrx_word' id='word_1_51' title='bbox 282 517 445 556; x_wconf 82' lang='lat' dir='ltr'>dolori</span> <span class='ocrx_word' id='word_1_52' title='bbox 464 523 562 557; x_wconf 90' lang='lat' dir='ltr'>tuo.</span> <span class='ocrx_word' id='word_1_53' title='bbox 601 522 730 566; x_wconf 88' lang='lat' dir='ltr'>potest</span> <span class='ocrx_word' id='word_1_54' title='bbox 749 517 906 566; x_wconf 91' lang='lat' dir='ltr'>quidem</span> <span class='ocrx_word' id='word_1_55' title='bbox 925 518 1148 566; x_wconf 81' lang='lat' dir='ltr'>eloquentia</span> <span class='ocrx_word' id='word_1_56' title='bbox 1166 524 1250 568; x_wconf 86' lang='lat' dir='ltr'>tua,</span> <span class='ocrx_word' id='word_1_57' title='bbox 1282 532 1384 570; x_wconf 86' lang='lat' dir='ltr'>quae</span> <span class='ocrx_word' id='word_1_58' title='bbox 1407 532 1529 570; x_wconf 87' lang='lat' dir='ltr'>parva</span> 
     </span>
     <span class='ocr_line' id='line_1_8' title="bbox 281 572 1529 622; baseline 0.003 -12"><span class='ocrx_word' id='word_1_59' title='bbox 281 576 391 617; x_wconf 90' lang='lat' dir='ltr'>sunt,</span> <span class='ocrx_word' id='word_1_60' title='bbox 416 572 640 620; x_wconf 77' lang='lat' dir='ltr'>adprobare</span> <span class='ocrx_word' id='word_1_61' title='bbox 659 582 731 620; x_wconf 90' lang='lat' dir='ltr'>pro</span> <span class='ocrx_word' id='word_1_62' title='bbox 751 573 922 620; x_wconf 80' lang='lat' dir='ltr'>magniS,</span> <span class='ocrx_word' id='word_1_63' title='bbox 942 583 1079 612; x_wconf 90' lang='lat' dir='ltr'>rursus</span> <span class='ocrx_word' id='word_1_64' title='bbox 1097 584 1240 622; x_wconf 86' lang='lat' dir='ltr'>magna</span> <span class='ocrx_word' id='word_1_65' title='bbox 1258 576 1470 614; x_wconf 88' lang='lat' dir='ltr'>adtenuare</span> <span class='ocrx_word' id='word_1_66' title='bbox 1491 581 1529 614; x_wconf 83' lang='lat' dir='ltr'>et</span> 
     </span>
     <span class='ocr_line' id='line_1_9' title="bbox 281 625 1529 677; baseline 0.004 -14"><span class='ocrx_word' id='word_1_67' title='bbox 281 626 332 663; x_wconf 86' lang='lat' dir='ltr'>ad</span> <span class='ocrx_word' id='word_1_68' title='bbox 349 625 509 664; x_wconf 88' lang='lat' dir='ltr'>minima</span> <span class='ocrx_word' id='word_1_69' title='bbox 527 627 736 665; x_wconf 83' lang='lat' dir='ltr'>deducere.</span> <span class='ocrx_word' id='word_1_70' title='bbox 768 627 838 665; x_wconf 89' lang='lat' dir='ltr'>sed</span> <span class='ocrx_word' id='word_1_71' title='bbox 854 627 929 665; x_wconf 89' lang='lat' dir='ltr'>alio</span> <span class='ocrx_word' id='word_1_72' title='bbox 945 627 1020 666; x_wconf 85' lang='lat' dir='ltr'>ista</span> <span class='ocrx_word' id='word_1_73' title='bbox 1033 628 1139 667; x_wconf 88' lang='lat' dir='ltr'>vires</span> <span class='ocrx_word' id='word_1_74' title='bbox 1154 634 1285 668; x_wconf 88' lang='lat' dir='ltr'>servet</span> <span class='ocrx_word' id='word_1_75' title='bbox 1300 641 1405 677; x_wconf 87' lang='lat' dir='ltr'>suas,</span> <span class='ocrx_word' id='word_1_76' title='bbox 1425 639 1529 668; x_wconf 91' lang='lat' dir='ltr'>nunc</span> 
     </span>
     <span class='ocr_line' id='line_1_10' title="bbox 282 681 1528 737; baseline 0.003 -19"><span class='ocrx_word' id='word_1_77' title='bbox 282 684 362 719; x_wconf 88' lang='lat' dir='ltr'>tota</span> <span class='ocrx_word' id='word_1_78' title='bbox 387 690 432 718; x_wconf 88' lang='lat' dir='ltr'>se</span> <span class='ocrx_word' id='word_1_79' title='bbox 459 681 499 718; x_wconf 91' lang='lat' dir='ltr'>in</span> <span class='ocrx_word' id='word_1_80' title='bbox 529 681 708 719; x_wconf 89' lang='lat' dir='ltr'>solatium</span> <span class='ocrx_word' id='word_1_81' title='bbox 734 686 842 719; x_wconf 92' lang='lat' dir='ltr'>tuum</span> <span class='ocrx_word' id='word_1_82' title='bbox 871 682 1057 721; x_wconf 82' lang='lat' dir='ltr'>conserat.</span> <span class='ocrx_word' id='word_1_83' title='bbox 1101 682 1184 721; x_wconf 89' lang='lat' dir='ltr'>Sed</span> <span class='ocrx_word' id='word_1_84' title='bbox 1209 688 1336 722; x_wconf 89' lang='lat' dir='ltr'>tamen</span> <span class='ocrx_word' id='word_1_85' title='bbox 1365 683 1528 737; x_wconf 74' lang='lat' dir='ltr'>dispice,</span> 
     </span>
     <span class='ocr_line' id='line_1_11' title="bbox 281 734 1530 786; baseline 0.003 -14"><span class='ocrx_word' id='word_1_86' title='bbox 281 743 332 772; x_wconf 91' lang='lat' dir='ltr'>ne</span> <span class='ocrx_word' id='word_1_87' title='bbox 349 734 425 773; x_wconf 91' lang='lat' dir='ltr'>hoc</span> <span class='ocrx_word' id='word_1_88' title='bbox 444 734 523 773; x_wconf 79' lang='lat' dir='ltr'>iam.</span> <span class='ocrx_word' id='word_1_89' title='bbox 535 745 694 783; x_wconf 88' lang='lat' dir='ltr'>quoque</span> <span class='ocrx_word' id='word_1_90' title='bbox 713 735 842 783; x_wconf 88' lang='lat' dir='ltr'>ipsum</span> <span class='ocrx_word' id='word_1_91' title='bbox 862 735 912 774; x_wconf 85' lang='lat' dir='ltr'>sit</span> <span class='ocrx_word' id='word_1_92' title='bbox 931 746 1231 784; x_wconf 88' lang='lat' dir='ltr'>supervacuum.</span> <span class='ocrx_word' id='word_1_93' title='bbox 1263 738 1411 786; x_wconf 88' lang='lat' dir='ltr'>aliquid</span> <span class='ocrx_word' id='word_1_94' title='bbox 1427 738 1530 776; x_wconf 90' lang='lat' dir='ltr'>enim</span> 
     </span>
     <span class='ocr_line' id='line_1_12' title="bbox 245 789 1528 838; baseline 0.004 -12"><span class='ocrx_word' id='word_1_95' title='bbox 245 795 266 827; x_wconf 87' lang='lat'>5</span> <span class='ocrx_word' id='word_1_96' title='bbox 281 799 304 826; x_wconf 90' lang='lat' dir='ltr'>a</span> <span class='ocrx_word' id='word_1_97' title='bbox 325 789 440 827; x_wconf 89' lang='lat' dir='ltr'>nobis</span> <span class='ocrx_word' id='word_1_98' title='bbox 460 793 603 828; x_wconf 82' lang='lat' dir='ltr'>&#39;natura</span> <span class='ocrx_word' id='word_1_99' title='bbox 620 790 768 837; x_wconf 83' lang='lat' dir='ltr'>exigit,</span> <span class='ocrx_word' id='word_1_100' title='bbox 799 791 887 838; x_wconf 89' lang='lat' dir='ltr'>plus</span> <span class='ocrx_word' id='word_1_101' title='bbox 906 791 1076 829; x_wconf 88' lang='lat' dir='ltr'>vanitate</span> <span class='ocrx_word' id='word_1_102' title='bbox 1095 792 1342 830; x_wconf 69' lang='lat' dir='ltr'>contrahitur.</span> <span class='ocrx_word' id='word_1_103' title='bbox 1387 792 1528 831; x_wconf 89' lang='lat' dir='ltr'>Num-</span> 
     </span>
     <span class='ocr_line' id='line_1_13' title="bbox 282 845 1526 894; baseline 0.003 -13"><span class='ocrx_word' id='word_1_104' title='bbox 282 853 420 891; x_wconf 87' lang='lat' dir='ltr'><strong>quam</strong></span> <span class='ocrx_word' id='word_1_105' title='bbox 449 848 606 882; x_wconf 87' lang='lat' dir='ltr'>autem</span> <span class='ocrx_word' id='word_1_106' title='bbox 623 854 713 891; x_wconf 82' lang='lat' dir='ltr'>ego</span> <span class='ocrx_word' id='word_1_107' title='bbox 734 849 840 890; x_wconf 87' lang='lat' dir='ltr'>ate,</span> <span class='ocrx_word' id='word_1_108' title='bbox 869 855 926 882; x_wconf 91' lang='lat' dir='ltr'>ne</span> <span class='ocrx_word' id='word_1_109' title='bbox 949 854 1007 883; x_wconf 84' lang='lat' dir='ltr'>ex</span> <span class='ocrx_word' id='word_1_110' title='bbox 1025 850 1127 884; x_wconf 88' lang='lat' dir='ltr'>toto</span> <span class='ocrx_word' id='word_1_111' title='bbox 1146 856 1390 894; x_wconf 87' lang='lat' dir='ltr'>moereas,</span> <span class='ocrx_word' id='word_1_112' title='bbox 1420 845 1526 884; x_wconf 89' lang='lat' dir='ltr'>exi-</span> 
     </span>
     <span class='ocr_line' id='line_1_14' title="bbox 280 898 1530 950; baseline 0.003 -15"><span class='ocrx_word' id='word_1_113' title='bbox 280 907 398 945; x_wconf 83' lang='lat' dir='ltr'>gam.</span> <span class='ocrx_word' id='word_1_114' title='bbox 440 901 479 936; x_wconf 90' lang='lat' dir='ltr'>et</span> <span class='ocrx_word' id='word_1_115' title='bbox 497 898 580 936; x_wconf 89' lang='lat' dir='ltr'>scio</span> <span class='ocrx_word' id='word_1_116' title='bbox 602 898 767 936; x_wconf 90' lang='lat' dir='ltr'>inveniri</span> <span class='ocrx_word' id='word_1_117' title='bbox 784 899 977 946; x_wconf 87' lang='lat' dir='ltr'>quosdam</span> <span class='ocrx_word' id='word_1_118' title='bbox 997 899 1119 938; x_wconf 89' lang='lat' dir='ltr'>durae</span> <span class='ocrx_word' id='word_1_119' title='bbox 1138 900 1394 950; x_wconf 88' lang='lat' dir='ltr'>magisquam</span> <span class='ocrx_word' id='word_1_120' title='bbox 1418 900 1530 939; x_wconf 80' lang='lat' dir='ltr'>fortis</span> 
     </span>
     <span class='ocr_line' id='line_1_15' title="bbox 280 951 1529 1003; baseline 0.001 -14"><span class='ocrx_word' id='word_1_121' title='bbox 280 951 513 999; x_wconf 76' lang='lat' dir='ltr'>prudentiae</span> <span class='ocrx_word' id='word_1_122' title='bbox 540 953 667 998; x_wconf 87' lang='lat' dir='ltr'>viros,</span> <span class='ocrx_word' id='word_1_123' title='bbox 699 953 765 1001; x_wconf 90' lang='lat' dir='ltr'>qui</span> <span class='ocrx_word' id='word_1_124' title='bbox 793 958 935 1000; x_wconf 85' lang='lat' dir='ltr'>negent</span> <span class='ocrx_word' id='word_1_125' title='bbox 953 953 1162 992; x_wconf 86' lang='lat' dir='ltr'>doliturum</span> <span class='ocrx_word' id='word_1_126' title='bbox 1180 965 1272 994; x_wconf 90' lang='lat' dir='ltr'>esse</span> <span class='ocrx_word' id='word_1_127' title='bbox 1291 954 1529 1003; x_wconf 80' lang='lat' dir='ltr'>sapientem:</span> 
     </span>
     <span class='ocr_line' id='line_1_16' title="bbox 279 1005 1530 1055; baseline 0.002 -12"><span class='ocrx_word' id='word_1_128' title='bbox 279 1005 320 1043; x_wconf 90' lang='lat' dir='ltr'>hi</span> <span class='ocrx_word' id='word_1_129' title='bbox 345 1015 425 1044; x_wconf 89' lang='lat' dir='ltr'>non</span> <span class='ocrx_word' id='word_1_130' title='bbox 450 1006 632 1045; x_wconf 84' lang='lat' dir='ltr'>videntur</span> <span class='ocrx_word' id='word_1_131' title='bbox 657 1006 751 1045; x_wconf 87' lang='lat' dir='ltr'>mihi</span> <span class='ocrx_word' id='word_1_132' title='bbox 779 1017 965 1055; x_wconf 88' lang='lat' dir='ltr'>umquam</span> <span class='ocrx_word' id='word_1_133' title='bbox 992 1008 1029 1045; x_wconf 91' lang='lat' dir='ltr'>in</span> <span class='ocrx_word' id='word_1_134' title='bbox 1056 1008 1252 1048; x_wconf 88' lang='lat' dir='ltr'>eiusmodi</span> <span class='ocrx_word' id='word_1_135' title='bbox 1281 1019 1416 1048; x_wconf 90' lang='lat' dir='ltr'>casum</span> <span class='ocrx_word' id='word_1_136' title='bbox 1435 1008 1530 1047; x_wconf 87' lang='lat' dir='ltr'>inci-</span> 
     </span>
     <span class='ocr_line' id='line_1_17' title="bbox 280 1058 1529 1111; baseline 0.003 -14"><span class='ocrx_word' id='word_1_137' title='bbox 280 1058 403 1098; x_wconf 87' lang='lat' dir='ltr'>disse.</span> <span class='ocrx_word' id='word_1_138' title='bbox 431 1059 605 1109; x_wconf 86' lang='lat' dir='ltr'>alioquin</span> <span class='ocrx_word' id='word_1_139' title='bbox 620 1061 867 1100; x_wconf 86' lang='lat' dir='ltr'>excussisset</span> <span class='ocrx_word' id='word_1_140' title='bbox 884 1061 959 1099; x_wconf 90' lang='lat' dir='ltr'>illis</span> <span class='ocrx_word' id='word_1_141' title='bbox 977 1063 1132 1101; x_wconf 77' lang='lat' dir='ltr'>fortuna</span> <span class='ocrx_word' id='word_1_142' title='bbox 1147 1063 1358 1111; x_wconf 83' lang='lat' dir='ltr'>superbam</span> <span class='ocrx_word' id='word_1_143' title='bbox 1373 1063 1529 1111; x_wconf 88' lang='lat' dir='ltr'>sapien-</span> 
     </span>
     <span class='ocr_line' id='line_1_18' title="bbox 280 1114 1529 1165; baseline 0.003 -14"><span class='ocrx_word' id='word_1_144' title='bbox 280 1114 372 1152; x_wconf 84' lang='lat' dir='ltr'>tiam</span> <span class='ocrx_word' id='word_1_145' title='bbox 398 1118 437 1152; x_wconf 90' lang='lat' dir='ltr'>et</span> <span class='ocrx_word' id='word_1_146' title='bbox 462 1115 514 1152; x_wconf 89' lang='lat' dir='ltr'>ad</span> <span class='ocrx_word' id='word_1_147' title='bbox 533 1115 824 1154; x_wconf 82' lang='lat' dir='ltr'>confessionem</span> <span class='ocrx_word' id='word_1_148' title='bbox 845 1125 916 1154; x_wconf 91' lang='lat' dir='ltr'>cos</span> <span class='ocrx_word' id='word_1_149' title='bbox 935 1126 1066 1154; x_wconf 89' lang='lat' dir='ltr'>veram</span> <span class='ocrx_word' id='word_1_150' title='bbox 1087 1117 1361 1156; x_wconf 85' lang='lat' dir='ltr'>etiaminvitos</span> <span class='ocrx_word' id='word_1_151' title='bbox 1381 1128 1529 1165; x_wconf 89' lang='lat' dir='ltr'>conpu-</span> 
     </span>
     <span class='ocr_line' id='line_1_19' title="bbox 244 1167 1530 1217; baseline 0.005 -14"><span class='ocrx_word' id='word_1_152' title='bbox 244 1169 266 1203; x_wconf 87' lang='lat'><strong>6</strong></span> <span class='ocrx_word' id='word_1_153' title='bbox 281 1167 404 1206; x_wconf 89' lang='lat' dir='ltr'>lisset.</span> <span class='ocrx_word' id='word_1_154' title='bbox 456 1167 594 1207; x_wconf 84' lang='lat' dir='ltr'>Satis</span> <span class='ocrx_word' id='word_1_155' title='bbox 625 1169 947 1217; x_wconf 87' lang='lat' dir='ltr'>praestiterit</span> <span class='ocrx_word' id='word_1_156' title='bbox 973 1170 1123 1216; x_wconf 87' lang='lat' dir='ltr'>ratio,</span> <span class='ocrx_word' id='word_1_157' title='bbox 1152 1171 1195 1209; x_wconf 88' lang='lat' dir='ltr'>si</span> <span class='ocrx_word' id='word_1_158' title='bbox 1224 1171 1274 1209; x_wconf 87' lang='lat' dir='ltr'>id·</span> <span class='ocrx_word' id='word_1_159' title='bbox 1300 1181 1442 1210; x_wconf 92' lang='lat' dir='ltr'>unum</span> <span class='ocrx_word' id='word_1_160' title='bbox 1472 1181 1530 1209; x_wconf 87' lang='lat' dir='ltr'>ex</span> 
     </span>
     <span class='ocr_line' id='line_1_20' title="bbox 281 1223 1529 1273; baseline 0.001 -12"><span class='ocrx_word' id='word_1_161' title='bbox 281 1223 476 1270; x_wconf 88' lang='lat' dir='ltr'>dolore,</span> <span class='ocrx_word' id='word_1_162' title='bbox 506 1224 638 1271; x_wconf 86' lang='lat' dir='ltr'>quod</span> <span class='ocrx_word' id='word_1_163' title='bbox 663 1228 710 1262; x_wconf 89' lang='lat' dir='ltr'>et</span> <span class='ocrx_word' id='word_1_164' title='bbox 732 1229 966 1271; x_wconf 85' lang='lat' dir='ltr'>superest</span> <span class='ocrx_word' id='word_1_165' title='bbox 992 1229 1038 1263; x_wconf 87' lang='lat' dir='ltr'>et</span> <span class='ocrx_word' id='word_1_166' title='bbox 1063 1224 1299 1273; x_wconf 84' lang='lat' dir='ltr'>abundat,</span> <span class='ocrx_word' id='word_1_167' title='bbox 1329 1225 1529 1263; x_wconf 86' lang='lat' dir='ltr'>excide-</span> 
     </span>
     <span class='ocr_line' id='line_1_21' title="bbox 278 1275 1530 1328; baseline 0.002 -14"><span class='ocrx_word' id='word_1_168' title='bbox 278 1275 362 1315; x_wconf 82' lang='lat' dir='ltr'>rit:</span> <span class='ocrx_word' id='word_1_169' title='bbox 389 1280 433 1315; x_wconf 84' lang='lat' dir='ltr'>ut</span> <span class='ocrx_word' id='word_1_170' title='bbox 457 1277 616 1325; x_wconf 89' lang='lat' dir='ltr'>quidem</span> <span class='ocrx_word' id='word_1_171' title='bbox 642 1279 792 1316; x_wconf 90' lang='lat' dir='ltr'>nullum</span> <span class='ocrx_word' id='word_1_172' title='bbox 819 1277 978 1317; x_wconf 91' lang='lat' dir='ltr'>omnino</span> <span class='ocrx_word' id='word_1_173' title='bbox 1007 1289 1098 1317; x_wconf 89' lang='lat' dir='ltr'>esse</span> <span class='ocrx_word' id='word_1_174' title='bbox 1125 1284 1213 1318; x_wconf 84' lang='lat' dir='ltr'>cum</span> <span class='ocrx_word' id='word_1_175' title='bbox 1243 1280 1428 1328; x_wconf 86' lang='lat' dir='ltr'>patiatur,</span> <span class='ocrx_word' id='word_1_176' title='bbox 1456 1289 1530 1317; x_wconf 92' lang='lat' dir='ltr'>nec</span> 
     </span>
     <span class='ocr_line' id='line_1_22' title="bbox 281 1330 1529 1381; baseline 0.002 -13"><span class='ocrx_word' id='word_1_177' title='bbox 281 1330 523 1379; x_wconf 87' lang='lat' dir='ltr'>sperandum</span> <span class='ocrx_word' id='word_1_178' title='bbox 536 1364 537 1367; x_wconf 70' lang='grc'>,</span> <span class='ocrx_word' id='word_1_179' title='bbox 550 1332 619 1369; x_wconf 88' lang='lat' dir='ltr'>ulli</span> <span class='ocrx_word' id='word_1_180' title='bbox 649 1342 723 1370; x_wconf 91' lang='lat' dir='ltr'>nec</span> <span class='ocrx_word' id='word_1_181' title='bbox 751 1333 1112 1380; x_wconf 86' lang='lat' dir='ltr'>concupiscendum</span> <span class='ocrx_word' id='word_1_182' title='bbox 1146 1338 1217 1372; x_wconf 90' lang='lat' dir='ltr'>est.</span> <span class='ocrx_word' id='word_1_183' title='bbox 1263 1334 1367 1372; x_wconf 91' lang='lat' dir='ltr'>hunc</span> <span class='ocrx_word' id='word_1_184' title='bbox 1399 1334 1529 1381; x_wconf 91' lang='lat' dir='ltr'>potius</span> 
     </span>
     <span class='ocr_line' id='line_1_23' title="bbox 279 1385 1531 1438; baseline 0.003 -16"><span class='ocrx_word' id='word_1_185' title='bbox 279 1385 439 1423; x_wconf 90' lang='lat' dir='ltr'>modum</span> <span class='ocrx_word' id='word_1_186' title='bbox 459 1390 611 1432; x_wconf 88' lang='lat' dir='ltr'>servet,</span> <span class='ocrx_word' id='word_1_187' title='bbox 641 1386 707 1434; x_wconf 91' lang='lat' dir='ltr'>qui</span> <span class='ocrx_word' id='word_1_188' title='bbox 725 1386 1042 1438; x_wconf 86' lang='lat' dir='ltr'>necinpietatem</span> <span class='ocrx_word' id='word_1_189' title='bbox 1060 1387 1228 1426; x_wconf 83' lang='lat' dir='ltr'>imitetur</span> <span class='ocrx_word' id='word_1_190' title='bbox 1248 1398 1321 1426; x_wconf 86' lang='lat' dir='ltr'>nec</span> <span class='ocrx_word' id='word_1_191' title='bbox 1340 1388 1531 1426; x_wconf 87' lang='lat' dir='ltr'>insaniam</span> 
     </span>
     <span class='ocr_line' id='line_1_24' title="bbox 281 1438 1530 1489; baseline 0.003 -13"><span class='ocrx_word' id='word_1_192' title='bbox 281 1443 319 1476; x_wconf 91' lang='lat' dir='ltr'>et</span> <span class='ocrx_word' id='word_1_193' title='bbox 337 1449 412 1477; x_wconf 89' lang='lat' dir='ltr'>nos</span> <span class='ocrx_word' id='word_1_194' title='bbox 431 1438 470 1476; x_wconf 85' lang='lat' dir='ltr'>in</span> <span class='ocrx_word' id='word_1_195' title='bbox 486 1449 534 1478; x_wconf 90' lang='lat' dir='ltr'>eo</span> <span class='ocrx_word' id='word_1_196' title='bbox 551 1444 681 1478; x_wconf 86' lang='lat' dir='ltr'>teneat</span> <span class='ocrx_word' id='word_1_197' title='bbox 694 1440 846 1487; x_wconf 88' lang='lat' dir='ltr'>habitu,</span> <span class='ocrx_word' id='word_1_198' title='bbox 867 1440 934 1489; x_wconf 86' lang='lat' dir='ltr'>qui</span> <span class='ocrx_word' id='word_1_199' title='bbox 949 1447 988 1479; x_wconf 90' lang='lat' dir='ltr'>et</span> <span class='ocrx_word' id='word_1_200' title='bbox 1003 1441 1091 1488; x_wconf 88' lang='lat' dir='ltr'>piae</span> <span class='ocrx_word' id='word_1_201' title='bbox 1106 1442 1246 1480; x_wconf 89' lang='lat' dir='ltr'>mentis</span> <span class='ocrx_word' id='word_1_202' title='bbox 1262 1446 1323 1480; x_wconf 88' lang='lat' dir='ltr'>est</span> <span class='ocrx_word' id='word_1_203' title='bbox 1336 1452 1410 1480; x_wconf 90' lang='lat' dir='ltr'>nec</span> <span class='ocrx_word' id='word_1_204' title='bbox 1424 1452 1530 1480; x_wconf 91' lang='lat' dir='ltr'>emo-</span> 
     </span>
     <span class='ocr_line' id='line_1_25' title="bbox 279 1493 1532 1540; baseline 0.002 -9"><span class='ocrx_word' id='word_1_205' title='bbox 279 1498 362 1531; x_wconf 82' lang='lat' dir='ltr'>tae:</span> <span class='ocrx_word' id='word_1_206' title='bbox 399 1493 525 1531; x_wconf 87' lang='lat' dir='ltr'>fluant</span> <span class='ocrx_word' id='word_1_207' title='bbox 549 1494 753 1540; x_wconf 82' lang='lat' dir='ltr'>lacrimae,</span> <span class='ocrx_word' id='word_1_208' title='bbox 782 1494 855 1532; x_wconf 88' lang='lat' dir='ltr'>sed</span> <span class='ocrx_word' id='word_1_209' title='bbox 876 1494 1039 1532; x_wconf 88' lang='lat' dir='ltr'>eaedem</span> <span class='ocrx_word' id='word_1_210' title='bbox 1059 1500 1097 1533; x_wconf 89' lang='lat' dir='ltr'>et</span> <span class='ocrx_word' id='word_1_211' title='bbox 1119 1496 1310 1534; x_wconf 86' lang='lat' dir='ltr'>desinant.</span> <span class='ocrx_word' id='word_1_212' title='bbox 1330 1496 1532 1534; x_wconf 84' lang='lat' dir='ltr'>trahantur</span> 
     </span>
     <span class='ocr_line' id='line_1_26' title="bbox 280 1547 1531 1598; baseline 0.002 -13"><span class='ocrx_word' id='word_1_213' title='bbox 280 1558 331 1585; x_wconf 81' lang='lat' dir='ltr'>ex</span> <span class='ocrx_word' id='word_1_214' title='bbox 349 1547 426 1585; x_wconf 91' lang='lat' dir='ltr'>imo</span> <span class='ocrx_word' id='word_1_215' title='bbox 446 1548 614 1595; x_wconf 87' lang='lat' dir='ltr'>gemitus</span> <span class='ocrx_word' id='word_1_216' title='bbox 633 1553 812 1595; x_wconf 85' lang='lat' dir='ltr'>pectore,</span> <span class='ocrx_word' id='word_1_217' title='bbox 833 1548 906 1586; x_wconf 88' lang='lat' dir='ltr'>sed</span> <span class='ocrx_word' id='word_1_218' title='bbox 926 1548 1043 1586; x_wconf 88' lang='lat' dir='ltr'>iidem</span> <span class='ocrx_word' id='word_1_219' title='bbox 1062 1553 1101 1587; x_wconf 89' lang='lat' dir='ltr'>et</span> <span class='ocrx_word' id='word_1_220' title='bbox 1118 1549 1312 1589; x_wconf 87' lang='lat' dir='ltr'>finiantur.</span> <span class='ocrx_word' id='word_1_221' title='bbox 1357 1549 1422 1589; x_wconf 90' lang='lat' dir='ltr'>Sic</span> <span class='ocrx_word' id='word_1_222' title='bbox 1435 1560 1531 1598; x_wconf 81' lang='lat' dir='ltr'>rege</span> 
     </span>
     <span class='ocr_line' id='line_1_27' title="bbox 281 1601 1532 1652; baseline 0.002 -13"><span class='ocrx_word' id='word_1_223' title='bbox 281 1601 451 1640; x_wconf 90' lang='lat' dir='ltr'>animum</span> <span class='ocrx_word' id='word_1_224' title='bbox 475 1605 601 1647; x_wconf 91' lang='lat' dir='ltr'>tuum,</span> <span class='ocrx_word' id='word_1_225' title='bbox 633 1606 676 1640; x_wconf 92' lang='lat' dir='ltr'>ut</span> <span class='ocrx_word' id='word_1_226' title='bbox 701 1605 739 1639; x_wconf 91' lang='lat' dir='ltr'>et</span> <span class='ocrx_word' id='word_1_227' title='bbox 764 1602 1007 1650; x_wconf 87' lang='lat' dir='ltr'>sapientibus</span> <span class='ocrx_word' id='word_1_228' title='bbox 1035 1607 1074 1641; x_wconf 89' lang='lat' dir='ltr'>te</span> <span class='ocrx_word' id='word_1_229' title='bbox 1097 1604 1319 1652; x_wconf 87' lang='lat' dir='ltr'>adprobare</span> <span class='ocrx_word' id='word_1_230' title='bbox 1337 1605 1472 1652; x_wconf 90' lang='lat' dir='ltr'>possis</span> <span class='ocrx_word' id='word_1_231' title='bbox 1492 1609 1532 1642; x_wconf 82' lang='lat' dir='ltr'>et</span> 
     </span>
     <span class='ocr_line' id='line_1_28' title="bbox 247 1655 1530 1705; baseline 0.002 -10"><span class='ocrx_word' id='word_1_232' title='bbox 247 1656 479 1695; x_wconf 85' lang='lat' dir='ltr'>7sratribus.</span> <span class='ocrx_word' id='word_1_233' title='bbox 524 1655 706 1703; x_wconf 78' lang='lat' dir='ltr'>Effice,</span> <span class='ocrx_word' id='word_1_234' title='bbox 742 1661 791 1694; x_wconf 81' lang='lat' dir='ltr'>ut</span> <span class='ocrx_word' id='word_1_235' title='bbox 818 1657 1310 1705; x_wconf 16' lang='lat' dir='ltr'>frequenterrfratris</span> <span class='ocrx_word' id='word_1_236' title='bbox 1338 1659 1407 1697; x_wconf 86' lang='lat' dir='ltr'>tui</span> <span class='ocrx_word' id='word_1_237' title='bbox 1434 1668 1530 1696; x_wconf 87' lang='lat' dir='ltr'>me-</span> 
     </span>
     <span class='ocr_line' id='line_1_29' title="bbox 280 1710 1529 1759; baseline 0.002 -11"><span class='ocrx_word' id='word_1_238' title='bbox 280 1710 480 1748; x_wconf 88' lang='lat' dir='ltr'>moriam</span> <span class='ocrx_word' id='word_1_239' title='bbox 507 1710 600 1749; x_wconf 84' lang='lat' dir='ltr'>tibi</span> <span class='ocrx_word' id='word_1_240' title='bbox 626 1710 754 1748; x_wconf 84' lang='lat' dir='ltr'>velis</span> <span class='ocrx_word' id='word_1_241' title='bbox 785 1721 1076 1759; x_wconf 87' lang='lat' dir='ltr'>occurrere,</span> <span class='ocrx_word' id='word_1_242' title='bbox 1114 1717 1157 1752; x_wconf 89' lang='lat' dir='ltr'>ut</span> <span class='ocrx_word' id='word_1_243' title='bbox 1182 1713 1288 1751; x_wconf 90' lang='lat' dir='ltr'>illum</span> <span class='ocrx_word' id='word_1_244' title='bbox 1315 1717 1355 1751; x_wconf 91' lang='lat' dir='ltr'>et</span> <span class='ocrx_word' id='word_1_245' title='bbox 1379 1722 1529 1750; x_wconf 88' lang='lat' dir='ltr'>sermo-</span> 
     </span>
     <span class='ocr_line' id='line_1_30' title="bbox 280 1764 1528 1816; baseline 0.002 -14"><span class='ocrx_word' id='word_1_246' title='bbox 280 1764 396 1803; x_wconf 90' lang='lat' dir='ltr'>nibus</span> <span class='ocrx_word' id='word_1_247' title='bbox 424 1764 600 1802; x_wconf 82' lang='lat' dir='ltr'>celebres</span> <span class='ocrx_word' id='word_1_248' title='bbox 620 1768 660 1803; x_wconf 89' lang='lat' dir='ltr'>et</span> <span class='ocrx_word' id='word_1_249' title='bbox 677 1764 845 1814; x_wconf 77' lang='lat' dir='ltr'>adsidua</span> <span class='ocrx_word' id='word_1_250' title='bbox 863 1766 1136 1805; x_wconf 88' lang='lat' dir='ltr'>recordatione</span> <span class='ocrx_word' id='word_1_251' title='bbox 1154 1771 1428 1816; x_wconf 87' lang='lat' dir='ltr'>repraesentes</span> <span class='ocrx_word' id='word_1_252' title='bbox 1447 1767 1528 1814; x_wconf 87' lang='lat' dir='ltr'>tibi,</span> 
     </span>
     <span class='ocr_line' id='line_1_31' title="bbox 282 1818 1529 1868; baseline 0.004 -12"><span class='ocrx_word' id='word_1_253' title='bbox 282 1818 390 1866; x_wconf 90' lang='lat' dir='ltr'>quod</span> <span class='ocrx_word' id='word_1_254' title='bbox 408 1819 462 1856; x_wconf 88' lang='lat' dir='ltr'>ita</span> <span class='ocrx_word' id='word_1_255' title='bbox 481 1818 637 1857; x_wconf 88' lang='lat' dir='ltr'>demum</span> <span class='ocrx_word' id='word_1_256' title='bbox 657 1820 848 1867; x_wconf 88' lang='lat' dir='ltr'>consequi</span> <span class='ocrx_word' id='word_1_257' title='bbox 870 1821 1036 1868; x_wconf 89' lang='lat' dir='ltr'>poteris,</span> <span class='ocrx_word' id='word_1_258' title='bbox 1064 1821 1098 1859; x_wconf 94' lang='lat' dir='ltr'>si</span> <span class='ocrx_word' id='word_1_259' title='bbox 1116 1821 1182 1860; x_wconf 92' lang='lat' dir='ltr'>tibi</span> <span class='ocrx_word' id='word_1_260' title='bbox 1196 1821 1423 1859; x_wconf 85' lang='lat' dir='ltr'>memoriam</span> <span class='ocrx_word' id='word_1_261' title='bbox 1440 1821 1529 1861; x_wconf 89' lang='lat' dir='ltr'>eius</span> 
     </span>
     <span class='ocr_line' id='line_1_32' title="bbox 280 1872 1527 1922; baseline 0.003 -12"><span class='ocrx_word' id='word_1_262' title='bbox 280 1872 490 1911; x_wconf 88' lang='lat' dir='ltr'>iucundam</span> <span class='ocrx_word' id='word_1_263' title='bbox 508 1873 634 1920; x_wconf 80' lang='lat' dir='ltr'>magis</span> <span class='ocrx_word' id='word_1_264' title='bbox 655 1884 769 1921; x_wconf 88' lang='lat' dir='ltr'>quam</span> <span class='ocrx_word' id='word_1_265' title='bbox 785 1873 956 1912; x_wconf 87' lang='lat' dir='ltr'>flebilem</span> <span class='ocrx_word' id='word_1_266' title='bbox 970 1875 1124 1914; x_wconf 84' lang='lat' dir='ltr'>seceris.</span> <span class='ocrx_word' id='word_1_267' title='bbox 1151 1876 1324 1914; x_wconf 87' lang='lat' dir='ltr'>naturale</span> <span class='ocrx_word' id='word_1_268' title='bbox 1338 1879 1398 1913; x_wconf 89' lang='lat' dir='ltr'>est</span> <span class='ocrx_word' id='word_1_269' title='bbox 1411 1875 1527 1922; x_wconf 90' lang='lat' dir='ltr'>enim,</span> 
     </span>
     <span class='ocr_line' id='line_1_33' title="bbox 280 1927 1528 1978; baseline 0.002 -13"><span class='ocrx_word' id='word_1_270' title='bbox 280 1932 323 1965; x_wconf 89' lang='lat' dir='ltr'>ut</span> <span class='ocrx_word' id='word_1_271' title='bbox 348 1936 505 1975; x_wconf 86' lang='lat' dir='ltr'>semper</span> <span class='ocrx_word' id='word_1_272' title='bbox 523 1927 682 1966; x_wconf 71' lang='lat' dir='ltr'>*animus</span> <span class='ocrx_word' id='word_1_273' title='bbox 711 1928 760 1966; x_wconf 85' lang='lat' dir='ltr'>ab</span> <span class='ocrx_word' id='word_1_274' title='bbox 787 1938 836 1966; x_wconf 90' lang='lat' dir='ltr'>eo</span> <span class='ocrx_word' id='word_1_275' title='bbox 861 1929 1047 1977; x_wconf 72' lang='lat' dir='ltr'>refugiat,</span> <span class='ocrx_word' id='word_1_276' title='bbox 1076 1930 1125 1968; x_wconf 89' lang='lat' dir='ltr'>ad</span> <span class='ocrx_word' id='word_1_277' title='bbox 1143 1930 1250 1978; x_wconf 89' lang='lat' dir='ltr'>quod</span> <span class='ocrx_word' id='word_1_278' title='bbox 1270 1940 1357 1967; x_wconf 91' lang='lat' dir='ltr'>cum</span> <span class='ocrx_word' id='word_1_279' title='bbox 1375 1929 1528 1968; x_wconf 83' lang='lat' dir='ltr'>tristitia</span> 
     </span>
     <span class='ocr_line' id='line_1_34' title="bbox 243 1981 1526 2031; baseline 0.004 -15"><span class='ocrx_word' id='word_1_280' title='bbox 243 1983 266 2016; x_wconf 90' lang='lat'>8</span> <span class='ocrx_word' id='word_1_281' title='bbox 281 1981 497 2020; x_wconf 86' lang='lat' dir='ltr'>revertitur.</span> <span class='ocrx_word' id='word_1_282' title='bbox 520 1987 523 1990; x_wconf 83' lang='grc'>’</span> <span class='ocrx_word' id='word_1_283' title='bbox 543 1981 679 2030; x_wconf 83' lang='lat' dir='ltr'>Cogita</span> <span class='ocrx_word' id='word_1_284' title='bbox 695 1983 926 2021; x_wconf 87' lang='lat' dir='ltr'>modestiam</span> <span class='ocrx_word' id='word_1_285' title='bbox 946 1985 1030 2022; x_wconf 89' lang='lat' dir='ltr'>eius</span> <span class='ocrx_word' id='word_1_286' title='bbox 1041 2013 1052 2031; x_wconf 89' lang='lat'>,</span> <span class='ocrx_word' id='word_1_287' title='bbox 1072 1984 1199 2031; x_wconf 78' lang='lat' dir='ltr'>cogita</span> <span class='ocrx_word' id='word_1_288' title='bbox 1216 1984 1255 2022; x_wconf 88' lang='lat' dir='ltr'>in</span> <span class='ocrx_word' id='word_1_289' title='bbox 1272 1984 1392 2022; x_wconf 88' lang='lat' dir='ltr'>rebus</span> <span class='ocrx_word' id='word_1_290' title='bbox 1408 1993 1526 2031; x_wconf 84' lang='lat' dir='ltr'>agen-</span> 
     </span>
     <span class='ocr_line' id='line_1_35' title="bbox 282 2035 1525 2085; baseline 0.003 -13"><span class='ocrx_word' id='word_1_291' title='bbox 282 2035 343 2073; x_wconf 91' lang='lat' dir='ltr'>dis</span> <span class='ocrx_word' id='word_1_292' title='bbox 372 2036 603 2084; x_wconf 82' lang='lat' dir='ltr'>sollertiam,</span> <span class='ocrx_word' id='word_1_293' title='bbox 627 2037 670 2074; x_wconf 90' lang='lat' dir='ltr'>·in</span> <span class='ocrx_word' id='word_1_294' title='bbox 697 2038 964 2085; x_wconf 88' lang='lat' dir='ltr'>exsequendis</span> <span class='ocrx_word' id='word_1_295' title='bbox 982 2038 1228 2084; x_wconf 86' lang='lat' dir='ltr'>industriam,</span> <span class='ocrx_word' id='word_1_296' title='bbox 1259 2038 1298 2075; x_wconf 90' lang='lat' dir='ltr'>in</span> <span class='ocrx_word' id='word_1_297' title='bbox 1316 2038 1525 2085; x_wconf 85' lang='lat' dir='ltr'>promissis</span> 
     </span>
     <span class='ocr_line' id='line_1_36' title="bbox 282 2090 1528 2140; baseline 0.004 -14"><span class='ocrx_word' id='word_1_298' title='bbox 282 2090 553 2128; x_wconf 89' lang='lat' dir='ltr'>constantiam.</span> <span class='ocrx_word' id='word_1_299' title='bbox 591 2090 722 2130; x_wconf 86' lang='lat' dir='ltr'>omnia</span> <span class='ocrx_word' id='word_1_300' title='bbox 740 2091 843 2130; x_wconf 85' lang='lat' dir='ltr'>dicta</span> <span class='ocrx_word' id='word_1_301' title='bbox 861 2092 946 2130; x_wconf 91' lang='lat' dir='ltr'>eius</span> <span class='ocrx_word' id='word_1_302' title='bbox 965 2103 1011 2131; x_wconf 88' lang='lat' dir='ltr'>ac</span> <span class='ocrx_word' id='word_1_303' title='bbox 1030 2093 1137 2131; x_wconf 78' lang='lat' dir='ltr'>sacta</span> <span class='ocrx_word' id='word_1_304' title='bbox 1151 2096 1188 2130; x_wconf 89' lang='lat' dir='ltr'>et</span> <span class='ocrx_word' id='word_1_305' title='bbox 1206 2092 1292 2130; x_wconf 90' lang='lat' dir='ltr'>aliis</span> <span class='ocrx_word' id='word_1_306' title='bbox 1313 2101 1468 2140; x_wconf 86' lang='lat' dir='ltr'>expone</span> <span class='ocrx_word' id='word_1_307' title='bbox 1486 2097 1528 2131; x_wconf 90' lang='lat' dir='ltr'>et</span> 
     </span>
     <span class='ocr_line' id='line_1_37' title="bbox 281 2142 1527 2195; baseline 0.002 -13"><span class='ocrx_word' id='word_1_308' title='bbox 281 2142 430 2182; x_wconf 86' lang='lat' dir='ltr'>tibimet</span> <span class='ocrx_word' id='word_1_309' title='bbox 456 2144 544 2192; x_wconf 89' lang='lat' dir='ltr'>ipse</span> <span class='ocrx_word' id='word_1_310' title='bbox 569 2155 843 2185; x_wconf 86' lang='lat' dir='ltr'>eommemora.</span> <span class='ocrx_word' id='word_1_311' title='bbox 879 2146 1005 2195; x_wconf 87' lang='lat' dir='ltr'>qualis</span> <span class='ocrx_word' id='word_1_312' title='bbox 1031 2145 1144 2184; x_wconf 83' lang='lat' dir='ltr'>fuerit</span> <span class='ocrx_word' id='word_1_313' title='bbox 1171 2147 1299 2194; x_wconf 85' lang='lat' dir='ltr'>cogita</span> <span class='ocrx_word' id='word_1_314' title='bbox 1318 2146 1527 2195; x_wconf 87' lang='lat' dir='ltr'>qualisque</span> 
     </span>
     <span class='ocr_line' id='line_1_38' title="bbox 284 2198 1525 2250; baseline 0.002 -14"><span class='ocrx_word' id='word_1_315' title='bbox 284 2198 434 2246; x_wconf 84' lang='lat' dir='ltr'>sperari</span> <span class='ocrx_word' id='word_1_316' title='bbox 461 2201 641 2245; x_wconf 86' lang='lat' dir='ltr'>potuerit.</span> <span class='ocrx_word' id='word_1_317' title='bbox 685 2199 781 2250; x_wconf 88' lang='lat' dir='ltr'>quid</span> <span class='ocrx_word' id='word_1_318' title='bbox 798 2201 909 2240; x_wconf 57' lang='lat' dir='ltr'>‘enim</span> <span class='ocrx_word' id='word_1_319' title='bbox 937 2201 993 2240; x_wconf 63' lang='lat' dir='ltr'>de,</span> <span class='ocrx_word' id='word_1_320' title='bbox 1019 2200 1195 2240; x_wconf 85' lang='lat' dir='ltr'>illo-non</span> <span class='ocrx_word' id='word_1_321' title='bbox 1226 2205 1313 2240; x_wconf 83' lang='lat' dir='ltr'>tuto</span> <span class='ocrx_word' id='word_1_322' title='bbox 1337 2200 1525 2249; x_wconf 86' lang='lat' dir='ltr'>sponderi</span> 
     </span>
     <span class='ocr_line' id='line_1_39' title="bbox 283 2253 959 2301; baseline 0.004 -11"><span class='ocrx_word' id='word_1_323' title='bbox 283 2253 399 2291; x_wconf 82' lang='lat' dir='ltr'>fratre</span> <span class='ocrx_word' id='word_1_324' title='bbox 418 2253 573 2301; x_wconf 61' lang='lat' dir='ltr'>possit?</span> <span class='ocrx_word' id='word_1_325' title='bbox 958 2279 959 2282; x_wconf 57' lang='lat'><em>=</em></span> 
     </span>
    </p>
   </div>
  </div>
 </body>
</html>
