1592 2580
285 190 470 230 NATUR.
491 189 705 238 QUAEST.
730 189 826 228 LIB.
846 189 894 227 11.
921 193 1072 228 9-12-
1243 185 1324 227 189

43 305 160 343 quam
179 291 472 332 incumbentem
494 291 611 329 terris
633 288 816 339 spiritum
836 288 1028 328 adficiunt
1046 292 1086 327 et
1105 297 1226 326 cursu
1246 298 1321 327 suo

41 358 263 389 occursuve
293 347 492 386 contrario
521 346 642 385 modo
671 346 840 394 frigora,
876 345 998 384 modo
1026 343 1174 383 imbres
1203 344 1321 382 alias-

41 415 123 455 que
138 404 254 444 terris
284 404 470 451 [turbine]
493 401 658 440 iniurias
678 405 854 439 movent.
875 443 878 446 ,

121 459 254 498 Haec
284 459 646 501 necessarium
678 457 777 495 fuit
810 455 1086 505 praeloqui
1121 454 1362 497 dictur03

41 516 99 555 de
117 515 334 561 tonitru,
355 513 657 553 fulminibus
676 523 731 551 ac
750 511 1210 560 fulgurationibus.
1231 522 1324 549 nam

42 582 131 610 cum
153 571 192 609 in
212 573 304 609 aere
323 569 438 617 fiant,
460 574 642 608 naturam
666 568 752 607 eius
774 567 967 616 explicari
989 567 1221 615 oportebat,
1243 577 1324 615 quo

41 627 198 666 facilius
217 627 448 674 adpareret,
471 625 568 674 quid
588 625 722 662 facere
742 627 810 662 aut
829 623 910 672 pati
929 626 1084 671 posset.

120 682 205 720 Xll.
235 681 326 720 Tria
341 685 452 729 sunt,
472 690 577 729 quae
594 679 801 727 accidunt,
818 678 1128 727 fulgurationes,
1149 676 1323 724 fulmina,
1344 678 1360 709 l

41 738 234 785 tonitrua,
273 747 377 786 quae
411 747 492 775 una
525 737 630 774 facta
662 735 793 774 serius
821 733 1049 772 audiuntur.
1095 733 1325 782 Fulguratio

44 793 220 832 ostendit
234 792 385 841 ignem,
405 792 624 831 fulminatio
641 791 791 829 emittit.
820 790 886 830 illa
899 819 909 837 ,
928 794 971 828 ut
986 789 1038 827 ita
1053 789 1195 835 dicam,
1218 799 1325 827 com—

45 849 205 888 minatio
234 852 315 896 est,
345 847 503 886 conatio
532 848 622 886 sine
647 846 748 886 ictu:
785 845 863 885 ista
894 845 1080 884 iaculatio
1115 855 1204 883 cum
1233 844 1325 883 ictu.

45 905 248 952 Quaedam
278 908 390 950 sunt,
419 903 471 942 de
499 903 645 951 quibus
669 903 771 941 inter
801 911 941 941 omnes
969 900 1175 947 convenit,
1207 899 1364 948 quae—2

45 961 138 998 dam
156 959 194 998 in
213 959 359 1008 quibus
376 959 561 998 diversae
577 958 798 997 sententiae
817 961 920 995 sunt.
951 955 1146 994 Convenit
1162 955 1212 994 de
1229 956 1326 994 illis:

45 1017 179 1054 omnia
197 1014 274 1053 ista
292 1014 331 1052 in
352 1013 524 1053 nubibus
543 1020 583 1054 et
602 1024 625 1052 e
644 1013 817 1052 nubibus
841 1011 940 1050 fieri.
978 1012 1204 1050 etiamnunc
1233 1022 1326 1050 con-

47 1071 153 1110 venit
183 1076 222 1110 et
248 1070 537 1119 fulgurationes
571 1074 610 1109 et
635 1068 932 1108 fulminationes
961 1072 1029 1106 aut
1061 1068 1200 1116 igneas
1234 1078 1328 1106 esse

46 1132 114 1166 aut
130 1127 248 1176 ignea
266 1126 415 1175 specie.
452 1125 518 1163 Ad
536 1126 603 1164 illa
621 1135 728 1164 nunc
748 1129 1022 1171 transeamus,
1051 1123 1090 1161 in
1113 1123 1259 1171 quibus
1279 1123 1328 1161 lis
1344 1121 1366 1154 3

46 1187 128 1222 est:
167 1181 329 1231 quidam
355 1186 495 1230 putant
526 1180 660 1230 ignem
686 1181 822 1219 inesse
849 1179 1043 1224 nubibus,
1083 1179 1246 1227 quidam
1277 1179 1330 1217 ad

45 1244 203 1287 tempus
230 1237 318 1275 fieri
344 1247 419 1275 nec
447 1235 558 1285 prius
586 1247 681 1275 esse
707 1246 826 1284 quam
853 1234 964 1273 mitti.
1013 1234 1070 1273 Ne
1102 1234 1205 1273 inter
1236 1234 1328 1273 illos

50 1293 233 1342 quidem,
262 1292 329 1341 qui
358 1295 600 1340 praeparant
619 1292 770 1340 ignem,
799 1289 998 1329 convenit.
1035 1290 1138 1329 alius
1159 1289 1264 1328 enim
1283 1291 1327 1328 il*

48 1349 129 1388 lum
148 1348 308 1387 aliunde
328 1348 497 1396 colligit:
527 1347 691 1396 quidam
719 1347 829 1385 aiunt
846 1346 985 1384 radios
1006 1346 1104 1384 solis
1124 1346 1330 1384 incurren—

45 1411 106 1444 tes
133 1408 469 1452 recurrentesque
502 1404 666 1452 saepius
693 1403 732 1441 in
753 1413 798 1441 se
818 1401 967 1440 relatos
987 1401 1119 1448 ignem
1139 1402 1328 1440 excitare.

47 1465 312 1508 Anaxagoras
343 1459 399 1497 ait
431 1458 539 1497 illum
574 1469 626 1497 ex
658 1457 820 1496 aethere
847 1457 1041 1495 distillare
1072 1461 1112 1495 et
1137 1467 1189 1495 ex
1217 1462 1327 1496 tanto

48 1515 193 1554 ardore
215 1514 317 1557 coeli
342 1514 464 1552 multa
483 1513 692 1560 decidere,
722 1524 826 1562 quae
846 1512 976 1551 nubes
1000 1512 1067 1550 diu
1087 1512 1242 1551 inclusa
1262 1523 1324 1551 cu-

48 1570 236 1610 stodiant.
271 1570 510 1608 Aristoteles
537 1570 659 1608 multo
688 1573 779 1607 ante
799 1569 932 1616 ignem
952 1567 1085 1616 colligi
1106 1578 1184 1606 non
1207 1573 1363 1617 putat,4

49 1626 123 1665 sed
151 1625 296 1665 eodem
320 1629 522 1664 momento
545 1625 732 1672 exsilire,
768 1635 848 1672 quo
869 1623 950 1662 fiat.
994 1622 1109 1662 euius
1132 1625 1330 1662 sententia

49 1681 140 1721 talis
161 1686 245 1720 est:
275 1681 388 1720 Duae
401 1685 538 1729 partes
555 1681 693 1719 mundi
709 1683 751 1719 in
769 1682 844 1719 imo
862 1681 1007 1726 iacent,
1029 1683 1138 1718 terra
1156 1686 1193 1718 el
1211 1690 1327 1728 aqua.

48 1741 213 1786 utraque
240 1748 293 1775 ex
309 1740 356 1775 se'
367 1737 500 1775 reddit
523 1737 694 1784 aliquid:
721 1741 898 1774 terrenus
924 1745 1048 1784 vapor
1068 1737 1195 1774 siccus
1217 1740 1274 1774 est
1294 1741 1331 1774 et

46 1793 161 1840 fumo
178 1794 332 1840 similis,
358 1793 427 1840 qui
440 1798 586 1837 ventos,
600 1791 775 1839 fulmina
794 1793 1038 1839 tonitruaque
1053 1791 1169 1838 facit.
1196 1794 1327 1839 aqua-

48 1859 136 1888 rum
162 1849 306 1887 halitus
332 1848 512 1886 humidus
536 1851 593 1885 est
613 1852 650 1885 et
670 1849 710 1885 in
737 1847 876 1885 imbres
907 1852 944 1885 et
968 1848 1074 1885 nives
1100 1847 1214 1885 cedit.
1253 1846 1332 1885 Sed
1344 1854 1365 1886 5

48 1906 173 1944 siccus
191 1906 255 1943 ille
273 1908 468 1943 terrarum
482 1913 624 1951 vapor,
645 1903 749 1941 unde
767 1904 887 1941 ventis
905 1905 1014 1950 oriyo
1033 1907 1106 1949 est,
1126 1913 1213 1941 cum
1230 1913 1328 1940 coa—

49 1964 228 1999 cervatus
245 1963 320 2006 est,
347 1961 449 1998 coitu
467 1959 624 1997 nubium
637 1959 879 1997 vehementer
897 1960 1144 2006 inpactarum
1162 1969 1187 1996 a
1207 1959 1330 1996 latere

49 2016 230 2054 eliditur:
265 2015 426 2061 deinde,
457 2015 525 2053 ubi
550 2015 668 2053 latius
701 2015 822 2052 nubes
845 2016 1054 2062 proximas
1083 2013 1199 2060 ferit,
1232 2014 1330 2052 haec

48 2072 173 2120 playa
197 2081 285 2109 cum
299 2080 392 2108 sono
411 2071 614 2117 incutitur,
642 2070 770 2118 qualis
794 2071 834 2108 in
861 2071 1001 2107 nostris
1019 2070 1172 2117 iynibus
1190 2070 1329 2108 reddi-

52 2130 134 2172 tur,
159 2137 245 2165 cum
263 2128 425 2174 flamma
450 2127 540 2163 vitio
563 2126 757 2172 liqnorum
783 2126 986 2163 virentium
1012 2130 1162 2172 crepat.
1195 2129 1234 2164 et
1251 2127 1331 2164 illic

52 2182 227 2229 spiritus,
261 2182 408 2220 habens
433 2181 586 2229 aliquid
610 2181 763 2218 humidi
787 2191 914 2219 secum
927 2210 938 2226 ‚
972 2191 1059 2219 cum
1085 2181 1330 2228 conolohatus

53 2239 110 2274 est
117 2266 126 2279 ,
152 2239 346 2286 rumpitur
374 2239 560 2286 flamma:
596 2237 728 2274 eodem
758 2237 869 2274 modo
904 2237 1063 2284 spiritus
1098 2238 1183 2282 ille,
1219 2247 1330 2285 quem

51 2293 171 2339 paulo
189 2296 279 2331 ante
297 2294 469 2341 exprimi
483 2293 637 2331 conlisis
655 2291 816 2330 nubibus
833 2292 936 2338 dixi,
950 2293 1133 2341 >inpactus
1152 2293 1242 2331 aliis
1258 2304 1330 2331 nec

55 2349 186 2395 rumpi
200 2358 271 2387 nec
282 2350 446 2387 exsilire
463 2349 612 2387 silentio
626 2352 760 2396 potest.
789 2347 994 2387 Dissimilis
1014 2352 1142 2388 autem
1160 2350 1330 2398 crepitus
1345 2353 1366 2386 6
