1624 2626
681 426 724 478 E.
760 422 940 477 ANNAEI
976 421 1195 477 SENECAE

624 524 687 557 AD
718 521 961 555 NERONEM
991 521 1258 555 CAESAREM

471 602 599 664 DE
691 597 1412 659 CLEMENTIA

832 706 1061 747 LIBERI.

287 896 304 928 1
402 886 431 923 Ι.
470 884 651 923 Scribere
681 884 731 922 de
759 882 1115 930 clementia‚Ne1·o
1141 880 1303 927 Caesar,
1338 879 1503 926 institui,
1533 883 1575 917 ut

323 940 615 989 quodammodo
646 938 798 987 speculi
816 938 904 976 vice
924 938 1107 984 fungerer
1125 940 1163 974 et
1182 940 1218 973 te
1236 934 1305 973 tibi
1325 934 1575 973 ostenderem

322 999 599 1043 perventurum
621 994 672 1031 ad
690 994 931 1041 voluptatem
949 991 1157 1029 maximam
1178 989 1360 1028 omnium.
1395 988 1574 1037 quamvis

323 1050 425 1087 enim
450 1055 558 1086 recte
583 1049 773 1086 sactorum
790 1057 910 1084 verus
930 1046 1077 1084 fructus
1098 1045 1148 1083 sit
1171 1044 1334 1090 secisse,
1362 1053 1436 1082 nec
1455 1043 1575 1080 ullum

322 1102 508 1141 virtutum
538 1102 703 1149 pretium
732 1101 890 1148 dignum
918 1100 995 1138 illis
1023 1105 1134 1138 extra
1159 1099 1269 1147 ipsas
1299 1099 1367 1145 sit,
1394 1098 1502 1136 iuvat
1520 1098 1575 1135 in-

325 1158 479 1205 spicere
507 1161 545 1194 et
570 1156 773 1194 circumire
795 1155 940 1193 bonam
961 1154 1260 1198 conscientiam,
1287 1156 1366 1190 tum
1387 1153 1578 1190 inmittere

326 1212 465 1250 oculos
484 1211 523 1248 in
542 1210 642 1248 hanc
662 1210 876 1247 inmensam
897 1207 1181 1246 multitudinem
1201 1207 1443 1255 discordem,
1474 1206 1578 1244 sedi-

325 1267 486 1311 tiosam,
513 1264 773 1312 inpotentem,
802 1264 841 1301 in
868 1263 1081 1311 perniciem
1109 1262 1276 1300 alienam
1296 1271 1488 1309 suamquc
1508 1270 1578 1308 pa·

325 1321 419 1365 riter
445 1320 747 1366 exsultaturam,
784 1318 818 1356 si
844 1317 922 1355 hoc
948 1318 1081 1364 iugum
1108 1316 1284 1364 fregerit,
1320 1320 1358 1354 et
1386 1315 1438 1353 ita
1470 1315 1580 1364 loqui

291 1387 312 1419 2
329 1385 482 1413 secum:
518 1373 655 1421 Egone
678 1383 726 1411 ex
750 1372 930 1411 omnibus
951 1370 1179 1410 mortalibus
1203 1370 1331 1418 placui
1351 1370 1580 1417 electusque

327 1440 426 1476 sum,
449 1426 517 1475 qui
536 1428 574 1465 in
593 1427 708 1466 terris
724 1427 887 1465 deorum
901 1426 989 1464 vice
1009 1426 1219 1473 fungerer?
1246 1435 1319 1472 ego
1334 1425 1438 1463 vitae
1452 1424 1579 1462 necis·

328 1494 405 1531 que
432 1481 614 1530 gentibus
634 1481 804 1522 arbiter?
829 1481 985 1530 qualem
1005 1481 1174 1529 quisque
1193 1484 1338 1518 sortem
1360 1484 1581 1527 statumque

328 1537 489 1583 habeat,
518 1537 555 1574 in
583 1546 700 1574 manu
726 1546 813 1573 mea
841 1536 1010 1583 positum
1040 1539 1127 1573 est?
1158 1534 1253 1582 quid
1277 1534 1418 1582 cuique
1438 1538 1580 1572 morta-

329 1591 420 1630 lium
439 1591 610 1628 Fortuna
625 1591 758 1628 datum
776 1590 887 1635 velit,
908 1599 997 1627 meo
1018 1600 1085 1627 ore
1105 1589 1354 1638 pronuntiat?
1381 1599 1430 1626 ex
1444 1594 1580 1626 nostro

329 1655 525 1693 responso
553 1644 722 1683 lactitiae
754 1655 896 1682 causas
931 1645 1066 1692 populi
1099 1643 1298 1691 urbesque
1331 1643 1582 1690 concipiunt?

329 1701 436 1738 nulla
463 1710 555 1747 pars
583 1709 751 1746 usquam
776 1699 851 1737 nisi
880 1699 1034 1737 volente
1062 1698 1313 1747 propitioque
1345 1708 1406 1735 me
1441 1697 1582 1735 floret?

329 1755 427 1793 haec
454 1759 511 1792 tot
540 1754 644 1791 milia
669 1753 908 1801 gladiorum,
937 1764 1039 1801 quae
1066 1763 1144 1801 pax
1172 1763 1257 1790 mea
1276 1751 1501 1799 conprimit,
1530 1751 1583 1789 ad

331 1813 466 1847 nutum
486 1819 613 1846 meum
633 1807 899 1855 stringentur?
929 1819 1029 1855 quas
1049 1808 1227 1846 nationes
1248 1806 1422 1845 funditus
1440 1806 1582 1852 excidi,

332 1874 431 1912 quas
461 1862 737 1910 transportari,
766 1862 909 1910 quibus
938 1863 1154 1901 libertatem
1174 1861 1275 1907 dari,
1308 1860 1450 1909 quibus
1471 1861 1582 1908 eripi,

333 1929 434 1966 quos
462 1927 578 1965 reges
605 1917 798 1964 mancipia
826 1918 910 1955 fieri
939 1926 1185 1965 quorumque
1206 1915 1321 1962 capiti
1339 1916 1487 1962 regium
1509 1916 1581 1952 cir-

333 1944 528 2011 cumdario
534 1972 657 2010 decus
678 1977 877 2019 oporteat,
910 1981 1012 2019 quae
1031 1975 1145 2009 ruant
1163 1969 1301 2016 urbes,
1332 1980 1434 2017 quae
1454 1969 1580 2007 orian-

295 2037 316 2069 3
333 2033 410 2074 tu1,
434 2037 520 2064 mea
536 2026 752 2064 iurisdictio
769 2030 858 2065 est?
897 2026 940 2064 In
956 2026 1030 2064 hac
1045 2030 1150 2063 tanta
1163 2025 1344 2062 facultate
1358 2034 1486 2061 rerum
1503 2034 1582 2061 non
1623 2035 1624 2038 ¹

334 2082 390 2118 ira
417 2091 477 2118 me
505 2081 555 2118 ad
583 2080 719 2129 iniqua
741 2081 936 2129 supplicia
956 2079 1147 2128 conpulit,
1174 2089 1253 2116 non
1272 2077 1452 2116 iuvenilis
1472 2078 1580 2125 inpe-
1622 2078 1624 2115 l

333 2141 416 2181 tus,
445 2146 522 2172 non
549 2135 745 2196 temeritas
771 2135 971 2173 hominum
990 2139 1029 2172 et
1047 2133 1311 2194 contumacia,
1340 2143 1440 2180 quae
1460 2142 1582 2194 saepe
1622 2118 1624 2167 Ι

335 2254 414 2280 non
441 2242 530 2290 ipsa
561 2244 818 2283 ostentandae
845 2255 917 2293 per
943 2248 1111 2281 terrores
1141 2242 1337 2289 potentiae
1363 2241 1471 2289 dira,
1509 2241 1583 2278 sed
1621 2266 1623 2270 ψ

337 2298 523 2345 frequens
552 2299 702 2346 magnis
729 2299 902 2347 imperiis
929 2296 1064 2345 gloria.
1109 2297 1332 2346 Conditum,
1354 2297 1469 2335 immo
1490 2305 1580 2335 con·
1621 2282 1622 2316 ³

1616 2467 1624 2626 zm
1619 2462 1620 2466 Α
1619 2436 1621 2455 *-
