1624 2626
321 188 398 230 138
566 190 608 228 L.
633 189 820 228 ANNAEI
848 188 1075 237 SEOECAE
1102 191 1233 230 DIAL.
1265 191 1328 230 V1.

320 302 422 340 quos
447 300 638 339 noveras,
666 290 740 330 sed
762 295 870 329 tanto
892 289 1154 330 excelsiorum
1173 295 1211 329 et
1229 291 1268 329 in
1298 301 1449 330 summo
1469 291 1573 330 loca-

319 351 459 385 torum.
501 346 694 384 erubesce
722 345 931 394 quicquam
957 344 1101 383 humile
1127 349 1194 384 aut
1218 346 1379 393 volgare
1402 346 1572 393 [facere]

318 406 357 439 et
384 403 552 439 mutatos
588 400 626 438 in
651 400 790 438 melius
823 405 913 438 tuos
944 398 1053 438 fiere.
1094 400 1138 437 In
1164 403 1478 439 aeternarerum
1505 411 1576 449 per

318 455 441 493 libera
469 459 508 493 et
534 459 647 493 vasta
674 454 802 503 spatia
829 452 1016 492 dimissos
1038 463 1118 492 non
1140 452 1228 492 illos
1247 453 1438 493 interfusa
1454 455 1577 492 maria

318 508 544 548 discludunt
574 518 648 547 nec
685 509 845 547 altitudo
879 507 1067 546 montium
1102 513 1168 548 aut
1198 507 1328 546 inviae
1360 510 1483 547 valles
1509 514 1577 547 aut

316 563 551 603 incertarum
574 562 895 613 vada¹Syrtium=
924 562 1098 601 tramites
1127 562 1299 601 omnium
1330 563 1434 610 plani
1463 567 1502 601 et
1526 573 1576 601 ex

317 619 420 657 sacili
442 618 607 657 mobiles
635 622 674 656 et
692 616 864 666 expediti
883 621 922 656 et
940 617 1106 655 invicem
1126 617 1251 666 pervii
1271 622 1364 656 sunt
1380 616 1577 656 intermix-

318 673 427 721 tique
447 672 660 711 sideribus.

284 731 301 763 1
397 728 535 767 XXVI.
562 727 661 765 Puta
679 727 812 774 itaque
834 736 884 764 ex
911 725 976 764 illa
990 736 1082 764 arce
1103 726 1265 765 coelesti
1278 730 1434 775 patrem
1454 730 1574 773 tuum,

315 782 481 828 Marcia,
514 785 581 828 [et]
611 781 674 820 cui
700 786 848 820 tantum
877 780 985 828 apud
1003 785 1042 818 te
1061 779 1303 821 auctoritatis
1323 785 1426 828 erat,
1453 791 1576 828 quan-

314 841 395 874 tum
421 835 490 873 tibi
515 836 622 884 apud
648 836 768 874 filium
794 840 922 880 tuum,
949 845 1029 872 non
1051 835 1116 873 illo
1144 834 1322 883 ingenio,
1346 845 1424 883 quo
1448 833 1578 873 civilia

314 890 419 928 bella
440 889 620 937 deflevit,
656 901 736 939 quo
762 889 1046 938 proscribentis
1073 889 1112 926 in
1142 894 1343 928 aeternum
1369 887 1459 938 ipse
1482 899 1575 937 pro-

315 943 494 992 scripsit,
530 944 604 982 sed
630 948 736 983 tanto
764 943 944 991 elatiore,
979 947 1125 992 quanto
1158 948 1219 982 est
1249 943 1337 992 ipse
1361 942 1576 991 sublimior,

276 1001 298 1034 2
315 998 468 1037 dicerez
506 998 610 1046 „Cur
627 1003 684 1046 te,
706 999 804 1045 filia,
823 1003 901 1037 tam
920 999 1040 1046 longa
1057 1001 1163 1036 tenet
1180 997 1413 1046 aegritudo?
1449 1008 1519 1037 cur
1536 998 1575 1035 in

314 1057 420 1092 tanta
439 1053 522 1091 veri
541 1052 785 1100 ignorat'iOne
802 1053 994 1099 versaris,
1023 1056 1067 1090 ut
1083 1052 1217 1100 inique
1237 1057 1366 1091 actum
1387 1063 1474 1091 cum
1495 1052 1575 1091 filio

314 1112 380 1146 tuo
407 1106 577 1154 iudices,
607 1108 715 1155 quod
742 1107 892 1154 integro
920 1107 1061 1145 domus
1091 1110 1213 1153 statu,
1244 1107 1396 1155 integer
1422 1107 1511 1155 ipse
1535 1118 1577 1146 se

315 1162 367 1200 ad
384 1161 553 1200 maiores
573 1161 724 1209 recepit
742 1165 868 1199 suos?
895 1161 1027 1200 nescis
1054 1161 1208 1209 quantis
1238 1161 1395 1200 fortuna
1422 1162 1574 1209 procel-

314 1216 362 1255 lis
390 1215 583 1255 disturbet
611 1215 770 1254 omnia?
813 1226 929 1264 quam
956 1215 1073 1253 nullis
1100 1215 1308 1263 benignam
1337 1216 1574 1264 facilemque

315 1281 360 1309 se
380 1269 634 1319 praestiterit,
664 1271 740 1309 nisi
768 1270 834 1319 qui
854 1270 1054 1308 minimum
1076 1279 1164 1308 cum
1185 1270 1250 1308 illa
1272 1274 1575 1309 contraxerant?

312 1335 480 1373 regesne
512 1325 580 1363 tibi
607 1326 805 1364 nominem
831 1323 1084 1363 felicissimos
1114 1325 1285 1371 futuros,
1321 1323 1355 1363 si
1383 1323 1573 1363 maturius

312 1380 401 1418 illos
433 1390 539 1418 mors
566 1380 803 1418 instantibus
832 1379 1094 1417 subtraxisset
1119 1379 1260 1417 malis?
1294 1389 1343 1417 an
1370 1379 1572 1418 Romanos

313 1434 457 1481 duces,
485 1445 651 1482 quorum
670 1434 766 1472 nihil
784 1434 1039 1481 magnitudini
1059 1433 1203 1480 deerit,
1233 1433 1268 1471 si
1287 1433 1436 1482 aliquid
1457 1432 1574 1472 aetati

313 1488 529 1527 detraxeris
540 1493 559 1526 ’ἒ
574 1499 624 1527 an
640 1489 909 1528 nobilissimos
927 1489 1033 1527 viros
1050 1487 1374 1536 clarissimosque
1389 1487 1438 1525 ad
1455 1487 1572 1526 ictum

274 1546 296 1579 3
312 1543 487 1581 militaris
507 1543 627 1591 gladii
646 1543 855 1591 conposita
882 1543 1036 1581 cervice
1056 1543 1276 1581 formatos?
1310 1542 1482 1591 Respice
1503 1552 1571 1590 pa-

311 1602 409 1635 trem
436 1602 554 1645 atque
579 1609 692 1636 avum
722 1603 848 1636 tuum:
890 1598 954 1635 ille
980 1598 1019 1635 in
1049 1596 1166 1635 alieni
1192 1597 1441 1645 percussoris
1468 1597 1574 1634 venit

311 1652 520 1690 arbitrium.
558 1662 632 1701 ego
658 1652 752 1690 nihil
777 1652 816 1690 in
845 1662 907 1690 me
930 1652 1112 1700 cuiquam
1132 1651 1292 1700 permisi
1312 1656 1350 1690 et
1369 1651 1456 1690 cibo
1481 1662 1571 1699 pro-

309 1706 453 1745 hibitus
481 1707 637 1745 ostendi
664 1711 742 1745 tam
760 1717 902 1754 magno
927 1717 990 1744 me
1011 1716 1128 1755 quam
1149 1706 1308 1744 videbar
1326 1706 1455 1744 animo
1476 1706 1571 1743 scri-

310 1761 458 1809 psisse.
502 1761 578 1799 Cur
605 1761 644 1799 in
674 1761 792 1799 domo
822 1766 958 1800 nostra
985 1761 1203 1800 diutissime
1225 1761 1379 1808 lugetur
1400 1761 1466 1808 qui
1487 1760 1569 1798 feli-

311 1816 470 1854 cissime
498 1815 686 1854 moritur?
731 1817 882 1855 coimus
916 1826 1053 1854 omnes
1087 1815 1126 1853 in
1158 1825 1278 1854 unum
1311 1815 1571 1862 videmusque

310 1881 389 1909 non
409 1871 487 1909 alta
501 1874 618 1909 nocte
639 1870 879 1918 circumdati,
898 1870 951 1908 nil
971 1870 1079 1919 apud
1097 1880 1188 1917 vos,
1209 1873 1252 1909 ut
1272 1869 1438 1918 putatis,
1459 1874 1570 1917 opta-

309 1924 404 1972 bile,
436 1925 490 1964 nil
509 1926 732 1973 excelsum,
764 1925 818 1962 nil
840 1925 1111 1974 splendidum,
1143 1925 1216 1962 sed
1246 1924 1405 1962 humilia
1430 1928 1571 1962 cuncta

310 1983 350 2016 et
369 1980 504 2026 gravia
532 1984 570 2018 et
596 1979 714 2018 anxia
741 1984 780 2018 et
809 1984 968 2028 quotam
995 1984 1143 2028 partem
1164 1979 1321 2017 luminis
1341 1978 1465 2017 nostri
1485 1987 1567 2016 cer-

271 2035 467 2071 4nentia‘e
508 2033 608 2082 Quid
634 2033 763 2072 dicam
791 2036 896 2074 nulla
923 2033 987 2072 hic
1014 2044 1122 2072 arma
1149 2033 1292 2071 mutuis
1322 2034 1452 2072 furere
1477 2042 1570 2071 con-

309 2088 490 2126 cursibus
517 2099 590 2127 nec
618 2089 769 2127 classes
795 2089 992 2128 classibus
1021 2087 1145 2135 frangi
1167 2098 1241 2125 nec
1269 2086 1479 2136 parricidia
1503 2090 1571 2124 aut

307 2141 404 2189 fingi
423 2147 489 2181 aut
507 2142 670 2191 cogitari
686 2153 760 2182 nec
778 2143 863 2182 fora
889 2142 1019 2183 litibus
1038 2146 1215 2190 strepere
1235 2142 1320 2180 dies
1341 2146 1568 2190 perpetuos,

309 2195 404 2234 nihil
423 2196 463 2234 in
482 2197 675 2243 obscuro,
699 2198 875 2236 detectas
893 2201 1044 2235 mentes
1064 2200 1103 2234 et
1121 2201 1256 2244 aperta
1278 2195 1511 2244 praecordia
1531 2200 1569 2233 et

308 2250 349 2289 in
379 2250 536 2298 publico
570 2253 782 2300 medioque
816 2252 933 2290 vitam
964 2255 1002 2290 et
1029 2251 1156 2289 omnis
1190 2252 1278 2289 aevi
1312 2253 1566 2299 prospectum

274 2310 294 2344 5
311 2304 657 2355 venientiumque?
683 2307 846 2347 Iuvabat
860 2305 978 2346 unius
997 2314 1061 2343 me
1082 2306 1205 2344 seculi
1225 2306 1327 2344 iacta
1341 2313 1570 2353 conponere
