1624 2626
162 179 231 217 AD
259 175 502 216 MARCIAM
530 175 597 215 DE
629 173 1023 215 CONSOLATIONE.
1053 178 1210 214 13—-16,
1264 170 1345 213 125

63 281 114 320 de
132 279 195 331 dis
214 278 413 318 neminem
433 277 560 327 queri.
589 277 773 317 Tiberius
789 276 938 316 Cacsar
957 280 997 316 et
1013 286 1131 326 quern
1152 280 1348 325 genuerat
1365 284 1388 318 3

62 341 101 376 et
119 345 239 385 quem
259 335 532 384 adoptaverat,
554 332 697 383 amisit,
723 333 814 383 ipse
831 337 964 372 tamen
986 343 1059 381 pro
1089 331 1234 372 rostris
1263 332 1346 371 lau-

61 391 170 431 davit
188 390 313 430 filium
341 391 528 439 stetitque
547 389 587 428 in
609 392 831 439 conspectu
856 388 991 438 posito
1013 398 1197 436 corpore,
1227 388 1346 427 inter-

60 448 163 486 iecto
190 446 462 486 tantummodo
494 446 741 493 velamento,
779 444 890 494 quod
919 444 1122 493 pontificis
1153 445 1295 484 oculos
1324 455 1349 482 a

61 503 200 542 funere
218 508 384 549 arceret,
414 507 453 541 et
471 500 593 540 flente
621 502 773 551 populo
799 501 983 540 Romano
1011 510 1092 539 non
1122 499 1235 538 flexit
1260 500 1347 539 vol-

60 564 155 598 tum.
184 558 474 608 experiendum
494 567 541 596 se
565 557 675 596 dedit
695 556 842 596 Seiano
861 556 914 595 ad
935 557 1039 596 latus
1067 555 1197 602 stanti,
1228 566 1349 604 quam

61 614 255 664 patienter
276 618 416 663 posset
435 624 534 653 suos
556 613 741 662 perdere.
766 613 946 651 Videsne
975 617 1125 661 quanta
1144 611 1264 660 copia
1293 611 1348 649 vi·
1367 613 1390 648 4

59 681 194 710 rorum
213 670 476 709 maximorum
496 669 558 718 sit,
587 679 692 718 quos
720 680 801 708 non
820 667 982 717 excepit
1006 668 1072 707 hic
1101 666 1234 707 omnia
1254 678 1349 716 pro-

61 731 246 766 sternens
265 737 387 765 casus
407 730 446 764 et
475 725 515 763 in
536 735 639 774 quos
659 729 718 764 tot
736 723 855 763 animi
881 724 1001 771 bona,
1029 728 1090 764 tot
1114 729 1350 764 ornamenta

62 781 221 831 publice
237 781 505 832 privatimque
519 786 714 829 congesta
731 784 871 820 erant?
885 779 960 819 sed
975 780 1162 819 videlicet
1180 780 1209 818 it
1225 779 1263 818 in
1282 790 1348 819 or-

60 837 151 876 bem
173 837 248 877 ista
267 842 487 887 tempestas
508 841 548 876 et
575 835 663 875 sine
685 837 843 876 delectu
867 839 1001 875 vastat
1025 834 1159 875 omnia
1187 835 1350 884 agitque

61 898 106 933 ut
133 904 220 932 sua.
264 894 356 932 iube
385 893 566 942 singulos
595 892 780 932 conferre
805 890 1021 932 rationem:
1059 891 1156 931 nulli
1186 891 1352 940 contigit

63 949 213 999 inpune
233 949 357 988 nasci.

146 1006 249 1045 XVI.
275 1005 368 1044 Scio
391 1003 488 1054 quid
508 1004 639 1043 dicas:
676 1003 850 1052 „oblitus
870 1014 918 1043 es
939 1004 1125 1043 feminam
1146 1008 1184 1043 te
1205 1014 1350 1043 conso·
1372 1012 1391 1044 1

64 1062 147 1110 lari,
166 1062 344 1101 virorum
366 1061 492 1099 refers
513 1060 739 1109 exempla.“
781 1059 877 1108 Quis
898 1064 1029 1099 autem
1051 1059 1151 1098 dixit
1169 1064 1352 1098 naturam

63 1118 235 1166 maligne
267 1128 356 1156 cum
375 1116 635 1155 muliebribus
655 1115 828 1164 ingeniis
849 1115 985 1164 egisse
1006 1120 1045 1155 ct
1069 1115 1236 1154 virtutes
1264 1115 1350 1154 illa-

63 1184 149 1213 rum
169 1173 208 1212 in
228 1178 357 1212 artum
376 1172 622 1211 retraxisse?
653 1182 728 1221 par
749 1171 839 1220 illis,
859 1171 954 1210 mihi
975 1172 1109 1219 crede,
1128 1170 1256 1220 vigor,
1278 1182 1352 1221 par

64 1230 116 1268 ad
136 1229 316 1275 honesta,
336 1228 468 1277 libeat,
490 1228 658 1267 facultas
685 1231 759 1267 est.
798 1228 981 1267 dolorem
1007 1228 1270 1276 laboremque
1299 1237 1351 1265 ex

66 1296 208 1335 aequo,
237 1286 272 1325 si
300 1294 572 1332 consuevere,
602 1284 818 1333 patiuntur.
856 1284 900 1322 In
929 1294 1010 1333 qua
1037 1282 1148 1323 istud
1174 1282 1285 1331 urbe,
1311 1283 1352 1322 di
1372 1291 1394 1324 2

67 1341 174 1386 boni,
194 1341 423 1391 loquimur?
450 1341 490 1379 in
512 1350 593 1389 qua
611 1350 748 1388 regem
766 1339 958 1379 Romanis
984 1339 1183 1389 capitibus
1201 1339 1350 1378 Lucre—

66 1397 120 1436 tia
146 1401 186 1436 et
202 1397 349 1436 Brutus
370 1397 621 1436 deiecerunt:
649 1395 773 1435 Bruto
794 1396 1012 1435 libertatem
1040 1395 1247 1444 debemus,
1276 1395 1354 1433 Lu—

68 1453 214 1492 cretiae
231 1453 409 1492 Brutum.
438 1453 478 1491 in
500 1462 581 1502 qua
601 1451 790 1491 Cloeliam
817 1456 1046 1501 contempto
1066 1451 1185 1491 hoste
1211 1455 1250 1490 et
1278 1449 1354 1489 ssu-

69 1508 174 1546 mine
193 1508 244 1547 ob
265 1508 461 1558 insignem
481 1507 691 1547 audaciam
710 1512 861 1548 tantum
876 1519 959 1547 non
978 1508 1017 1546 in
1033 1508 1144 1547 viros
1165 1506 1354 1546 transcri-

70 1564 239 1613 psimus.
268 1565 444 1613 equestri
464 1564 644 1603 insidens
673 1569 828 1603 statuae
855 1565 896 1603 in
924 1574 1043 1603 sacra
1068 1563 1147 1610 via,
1178 1562 1355 1602 celeber—

68 1620 170 1659 rimo
192 1620 297 1666 loco,
317 1619 465 1658 Cloelia
493 1619 711 1668 exprobrat
729 1620 943 1659 iuvenibus
964 1619 1116 1659 nostris
1148 1618 1354 1669 pulvinum

69 1675 393 1723 escendentibus,
422 1675 461 1713 in
481 1685 530 1714 ea
547 1676 637 1715 illos
662 1676 764 1714 urbe
790 1675 850 1715 sic
878 1674 1047 1725 ingredi,
1077 1675 1118 1714 in
1143 1685 1223 1724 qua
1238 1674 1357 1713 etiam

73 1732 240 1770 feminas
261 1741 367 1780 equo
385 1730 638 1770 donavimus.
667 1730 782 1780 Quod
803 1731 874 1770 tibi
895 1732 999 1770 sivis
1010 1732 1199 1780 exempla
1215 1731 1356 1768 referri
1375 1741 1398 1775 3

71 1787 315 1836 feminarum,
334 1797 438 1836 quae
459 1797 556 1826 suos
571 1786 723 1826 fortiter
738 1787 1066 1835 desideraverint,
1087 1798 1168 1826 non
1183 1785 1357 1826 ostiatim

73 1854 273 1892 quaeram.
303 1854 354 1881 ex
382 1853 463 1882 una
482 1843 552 1881 tibi
579 1843 728 1882 familia
754 1843 858 1882 duas
887 1843 1090 1883 Cornelias
1121 1843 1248 1882 dabo:
1277 1842 1357 1891 pri-

71 1909 176 1937 mam
211 1898 413 1948 Scipionis
444 1898 584 1946 filiam,
615 1898 884 1938 Gracchorum
913 1903 1094 1938 matrem.
1142 1898 1358 1937 duodecim

72 1955 139 1993 illa
157 1959 296 2004 partus
317 1955 479 1994 totidem
502 1954 708 1993 funeribus
726 1956 974 2004 recognovit.
1005 1960 1044 1994 et
1063 1955 1114 1993 de
1134 1954 1278 1993 ceteris
1299 1954 1356 1992 fa-

72 2010 147 2049 cile
167 2015 241 2059 est,
262 2022 369 2060 quos
389 2021 464 2049 nec
474 2010 604 2049 editos
624 2021 699 2049 nec
717 2010 890 2050 amissos
908 2011 1048 2050 civitas
1067 2010 1213 2051 sensit:
1242 2007 1356 2048 Tibe-

72 2066 173 2105 rium
195 2067 419 2107 Gracchum
439 2072 478 2106 et
497 2066 632 2105 Caium
653 2066 887 2113 Gracchum,
920 2077 1024 2115 quos
1052 2066 1170 2104 etiam
1197 2065 1266 2114 qui
1283 2065 1355 2104 bo-

73 2132 148 2161 nos
168 2121 278 2162 viros
298 2123 516 2171 negaverit,
535 2131 704 2171 magnos
734 2121 930 2169 fatebitur,
952 2125 992 2160 et
1010 2120 1173 2161 occisos
1201 2119 1300 2160 vidit
1318 2126 1359 2159 et

74 2178 312 2226 insepultos.
349 2178 651 2217 consolantibus
671 2182 803 2216 tamen
822 2177 1092 2226 miseramque
1113 2176 1356 2217 dicentibus:

74 2243 329 2283 „numquam
350 2234 489 2282 inquit,
509 2245 590 2273 non
611 2233 767 2272 felicem
782 2243 846 2271 me
862 2233 1004 2282 dicam,
1031 2242 1134 2283 quae
1151 2232 1356 2272 Gracchos

76 2289 256 2338 peperi.“
293 2289 475 2329 Cornelia
500 2289 601 2328 Livii
619 2289 739 2328 Drusi
768 2288 1032 2328 clarissimum
1056 2286 1240 2328 iuvenem
1269 2287 1357 2327 illu·
1376 2294 1398 2326 4

77 2344 170 2383 stris
185 2345 343 2394 ingenii,
366 2346 577 2385 vadentem
594 2356 666 2394 per
677 2344 911 2384 Gracchana
922 2342 1103 2394 vestigia,
1126 2344 1356 2395 inperfectis
