1592 2580
279 145 357 185 160
648 144 690 181 L.
719 141 906 182 ANNAEI
933 143 1157 183 SENECAE

277 245 510 294 dispositius
538 253 612 282 nec
638 243 678 281 in
700 242 904 292 proposito
927 243 1191 291 constantius,
1216 242 1437 282 existiment
1456 244 1524 283 ho-

277 300 401 337 mines
428 299 626 337 fortuitum
653 303 692 336 et
723 307 820 336 casu
847 297 1016 336 volubile
1047 298 1218 346 ideoque
1249 298 1526 337 tumultuosum

278 355 376 392 inter
394 353 574 399 fulmina,
601 352 747 399 nubes,
775 355 1029 399 tempestates
1047 356 1085 390 et
1106 357 1254 399 cetera,
1284 351 1426 400 quibus
1450 358 1525 391 ter-

226 413 267 447 15
277 418 349 455 rae
363 418 411 446 ac
430 407 544 447 terris
562 407 692 450 vicina
704 407 922 454 pulsantur.
938 407 940 409 ’
966 406 1047 444 Nec
1060 406 1160 445 haec
1174 409 1273 445 intra
1286 407 1444 454 volgum
1459 408 1525 445 de-

278 462 422 501 mentia
449 467 529 509 est,
557 461 631 500 sed
658 459 891 508 sapientiam
919 470 1079 508 quoque
1102 461 1306 509 professos
1328 461 1525 509 contingit.

279 521 370 555 sunt
396 515 463 565 qui
492 519 627 564 putent
655 514 760 562 [sibi]
783 515 883 563 ipsis
904 514 1074 553 animum
1094 525 1185 554 esse
1203 520 1242 554 et
1261 515 1416 562 quidem
1437 526 1526 564 pro-

276 571 429 618 vidum,
466 570 541 620 [ae]
570 568 864 617 dispensantem
891 569 1044 617 singula
1062 574 1100 608 et
1127 580 1200 612 sua
1218 574 1256 607 et
1275 569 1418 608 aliena:
1451 570 1527 607 hoc

278 631 406 664 autem
437 625 681 671 universum,
717 624 756 661 in
784 634 863 672 quo
894 634 968 662 nos
996 634 1154 672 quoque
1189 634 1352 670 sumus,
1385 634 1527 671 expers

279 683 400 728 [esse]
423 678 576 717 consilii
597 679 662 728 [et]
683 682 750 717 aut
770 678 862 716 ferri
881 677 1095 718 temeritate
1113 679 1283 726 quadam
1306 683 1371 717 aut
1392 683 1530 716 natura

226 735 478 777 lanesciente
509 732 603 781 quid
630 733 757 771 faciat.
812 732 952 780 Quanti
980 732 1164 771 aestimas
1192 733 1268 771 ista
1288 742 1529 780 cognoscere

279 793 318 826 et
341 788 460 827 rebus
488 787 675 826 terminos
703 791 879 835 ponere?
907 792 1095 836 quantum
1117 786 1215 825 deus
1235 787 1382 835 possit,
1410 791 1527 825 mate-

277 842 375 880 riam
392 842 480 891 ipse
502 842 576 881 sibi
596 842 737 880 formet
755 851 805 879 an
824 842 915 880 data
935 845 1075 888 utatur,
1097 846 1225 880 utrum
1239 846 1326 880 utro
1343 842 1391 879 sit
1404 841 1527 889 prius,

278 897 462 935 materiae
477 895 749 944 supervenerit
765 895 864 935 ratio
882 906 931 934 an
950 896 1110 935 materia
1127 896 1285 943 rationi,
1306 896 1405 934 deus
1422 896 1528 943 quic-

280 951 376 999 quid
407 952 489 990 vult
517 951 661 989 efficiat
686 961 737 988 an
763 950 894 989 multis
919 950 1039 989 rebus
1065 951 1171 989 illum
1189 950 1390 989 tractanda
1411 950 1529 988 desti-

276 1011 387 1045 tuant
405 1010 443 1043 et
461 1015 486 1044 a
503 1015 645 1053 magno
661 1004 809 1044 artifice
825 1015 945 1053 prave
964 1007 1083 1044 multa
1101 1005 1324 1052 formentur,
1343 1016 1422 1043 non
1439 1005 1530 1055 quia

278 1066 410 1098 cessat
428 1070 509 1107 ars,
541 1060 615 1097 sed
634 1059 727 1107 quia
745 1059 803 1105 id,
834 1060 871 1097 in
892 1070 970 1107 quo
990 1064 1212 1108 exercetur,
1236 1069 1358 1107 saepe
1371 1059 1528 1098 inobse-
1564 1075 1573 1089 ·

225 1122 267 1157 17
280 1125 405 1163 quens
426 1115 497 1152 arti
517 1118 606 1152 est?
650 1114 758 1151 Haec
775 1113 992 1162 inspicere,
1018 1114 1115 1152 haec
1135 1114 1308 1160 discere,
1339 1114 1400 1152 his
1422 1114 1528 1152 incu-

277 1169 372 1207 bare
390 1178 521 1207 nonne
540 1168 758 1206 transsilire
776 1172 838 1206 est
862 1168 1131 1208 mortalitatem
1151 1179 1260 1208 suam
1282 1173 1319 1206 et
1336 1167 1375 1206 in
1396 1169 1527 1206 melio-

279 1233 359 1260 rem
385 1222 614 1262 transscribi
640 1225 814 1260 sortem?
852 1222 980 1269 „Quid
998 1222 1085 1268 tibi,
1114 1222 1266 1271 inquis,
1291 1223 1367 1261 ista
1386 1223 1527 1270 prode-

278 1280 427 1317 runt2“
481 1276 523 1315 Si
550 1276 645 1314 nihil
669 1276 794 1323 aliud,
823 1275 899 1315 hoc
927 1282 1031 1314 certe
1059 1276 1181 1314 sciam
1205 1276 1336 1315 omnia
1361 1282 1529 1325 angusta

281 1342 372 1370 esse
391 1341 552 1369 mensus
574 1331 703 1369 deum.
754 1329 850 1379 [Sed
869 1330 966 1369 haec
984 1330 1155 1377 deinde]

245 1390 262 1422 1
359 1386 388 1423 I.
423 1385 533 1423 Nunc
556 1385 607 1423 ad
628 1383 876 1433 propositum
894 1384 1048 1423 veniam
1069 1395 1184 1433 opus.
1210 1422 1213 1425 Α
1233 1385 1382 1432 Audi,
1412 1383 1527 1433 quid

280 1441 338 1479 de
378 1439 580 1488 ignibus
624 1438 833 1477 sentiam
850 1468 861 1486 ‚
887 1447 1027 1487 ‘quos
1075 1449 1159 1478 aer
1202 1444 1527 1479 transversos

280 1494 391 1543 agit.
434 1494 578 1542 Magna
596 1493 684 1532 illos
702 1493 741 1531 vi
760 1493 889 1533 excuti
909 1498 1174 1541 argumentum
1195 1499 1275 1540 est,
1306 1494 1413 1542 quod
1433 1494 1529 1532 obli-

281 1548 349 1597 qui
364 1549 540 1587 feruntur
554 1553 591 1586 et
605 1548 841 1596 praerapida
856 1548 1062 1586 celeritate.
1085 1549 1248 1597 adparet
1262 1549 1351 1588 ilios
1366 1559 1443 1587 non
1460 1548 1528 1595 ire,

246 1607 267 1640 2
282 1604 351 1643 sed
372 1603 508 1651 proici.
554 1603 705 1651 Ignium
719 1603 863 1641 multae
877 1603 1091 1651 variaeque
1105 1603 1227 1642 facies
1243 1609 1345 1643 sunt.
1377 1602 1527 1642 Aristo-

280 1660 376 1696 teles
398 1657 598 1705 quoddam
619 1667 745 1705 genus
767 1656 921 1695 illorum
950 1667 1143 1705 capram
1170 1663 1299 1697 vocat.
1337 1658 1371 1696 si
1389 1667 1452 1695 me
1470 1657 1528 1694 in·-

278 1710 541 1760 terrogaveris
570 1716 720 1759 quare?
755 1712 862 1759 prior
886 1711 979 1749 mihi
999 1712 1187 1750 rationem
1209 1712 1354 1751 reddas
1375 1717 1529 1760 oportet

281 1776 403 1814 quare
431 1771 469 1805 et
495 1765 644 1804 hoedi
673 1771 873 1804 vocentur.
916 1766 950 1804 si
976 1770 1123 1814 autem,
1158 1767 1265 1814 quod
1293 1767 1527 1806 commodis-

280 1820 422 1860 simum
448 1824 527 1866 est,
557 1822 784 1858 convenerit
804 1820 904 1858 inter
921 1828 1016 1867 nos,
1045 1831 1095 1858 ne
1115 1822 1211 1860 alter
1230 1823 1392 1860 alterum
1412 1822 1527 1858 inter-

278 1879 410 1923 roget,
431 1874 623 1922 quidquid
639 1874 731 1912 dicit
749 1875 855 1912 iilum
873 1875 1118 1923 respondere
1137 1886 1215 1915 non
1235 1886 1374 1924 posse,
1404 1874 1527 1924 satius

281 1929 353 1967 erit
373 1930 423 1967 de
443 1939 486 1967 re
504 1928 593 1976 ipsa
608 1938 798 1976 quaerere
816 1940 933 1976 quam
952 1929 1101 1976 mirari,
1122 1930 1215 1978 quid
1229 1931 1282 1968 ita
1294 1928 1527 1967 Aristoteles

280 1984 437 2031 globum
455 1983 556 2031 ignis
575 1982 830 2030 adpellaverit
855 1993 1063 2031 capram.
1092 1983 1180 2023 talis
1200 1984 1302 2022 enim
1312 1983 1391 2022 'fuit
1404 1983 1529 2022 forma

281 2039 386 2084 eius,
417 2038 484 2086 qui
510 2037 655 2076 bellum
681 2037 874 2076 adversus
901 2038 1049 2076 Persen
1074 2038 1194 2077 Paulo
1221 2042 1380 2086 gerente
1402 2037 1526 2075 lunari

243 2099 266 2131 3
280 2092 544 2140 magnitudine
559 2091 751 2140 adparuit.
802 2091 995 2138 [Vidimus
1013 2102 1267 2141 quoquenon
1282 2092 1403 2130 semel
1417 2091 1525 2130 flam-

280 2157 382 2184 mam
400 2146 567 2193 ingentis
588 2146 689 2194 pilae
709 2147 861 2194 specie,
892 2157 992 2194 quae
1009 2151 1138 2185 tamen
1157 2147 1196 2184 in
1216 2147 1305 2194 ipso
1321 2156 1439 2185 cursu
1453 2156 1525 2183 suo

281 2201 472 2249 dissipata
498 2204 586 2246 est]
630 2200 810 2240 Vidimus
838 2200 942 2240 circa
961 2201 1041 2239 divi
1059 2202 1224 2249 Augusti
1246 2211 1455 2239 excessum
1475 2200 1526 2237 si-

281 2255 369 2293 mile
401 2256 632 2303 prodigium.
682 2255 847 2294 vidimus
875 2266 929 2293 eo<
955 2261 1148 2304 tempore,
1185 2267 1263 2304 quo
1298 2256 1347 2295 de
1383 2254 1526 2294 Seiano
