1592 2580
315 169 396 211 206
687 170 732 209 L.
758 170 948 210 ANNAEI
973 170 1196 213 SENECAE

318 268 575 318 emptalia‚
612 269 755 318 quibus
788 270 975 309 tolluntur
1002 269 1175 318 priorum
1200 271 1402 311 fulminum
1428 271 1571 320 minae,

316 325 588 374 adtestata,
617 335 718 372 quae
738 324 935 372 prioribus
957 326 1218 373 consentiunt,
1249 327 1480 365 adterran
1493 337 1570 374 ea,

318 389 420 426 quae
441 379 479 416 in
501 380 611 417 cluso
633 379 748 425 fiunt,
777 379 972 426 obruta,
1000 379 1140 426 quibus
1160 379 1235 418 iam
1254 391 1446 428 percussa
1460 381 1568 430 prius

315 443 389 470 nec
417 438 628 480 procurata
655 432 861 480 feriuntur,
889 434 1098 481 regalia,
1127 445 1215 472 curn
1237 435 1376 481 forum
1401 436 1570 484 tangitur

317 488 377 524 vel
402 488 599 525 comitium
627 492 694 526 aut
717 487 948 535 principalia
967 487 1075 526 urbis
1095 488 1240 527 liberae
1266 490 1374 536 loca,
1403 500 1570 538 quorum

278 541 549 589 3significati0
582 552 746 589 regnum
781 541 926 580 civitati
959 542 1142 589 minatur,
1180 543 1393 591 inferna,
1431 555 1518 586 cum
1547 553 1569 581 e

314 601 418 634 terra
432 596 602 634 exsilivit
618 597 738 644 ignis,
763 595 1059 644 hospitalia,
1088 607 1190 644 quae
1208 596 1412 638 sacrificiis
1429 599 1479 636 ad
1496 608 1569 636 nos

313 650 446 688 Iovem
473 655 682 689 accersunt
707 655 763 698 et,
792 656 834 690 ut
852 651 974 689 verbo
998 661 1134 695 eorum
1153 650 1320 693 molliori
1339 657 1442 698 utar,
1471 651 1568 691 invi-

313 710 407 743 tant.
455 705 529 743 sed
560 715 640 744 non
674 710 944 744 arcesseretur
972 704 1143 744 invitus:
1179 716 1283 744 nunc
1313 705 1447 744 venire
1479 717 1569 744 eum

313 769 456 807 magno
490 759 756 798 insultantium
792 759 966 807 periculo
1001 760 1220 798 adfirmant.
1274 760 1567 808 auxiliaria,

313 824 415 862 quae
435 813 634 860 invocata,
665 814 738 852 sed
757 814 1033 853 advocantium
1053 815 1159 853 bono
1180 813 1353 853 veniunt.

277 876 294 907 1
391 869 433 905 L.
474 867 661 914 Quanto
689 868 970 916 simplicior
997 868 1185 906 divisio
1216 874 1308 916 est,
1340 879 1434 917 qua
1462 874 1567 908 ute-

311 923 455 960 batur
483 923 684 961 Attalus
709 927 901 969 noster,
930 923 991 962 vir
1010 922 1212 970 egregius,
1234 924 1298 972 qui
1315 923 1568 963 Etruscorum

311 977 559 1026 disciplinam
587 979 736 1016 Graeca
762 977 972 1017 subtilitate
999 977 1228 1016 miscuerat:
1265 988 1314 1016 ex
1342 977 1567 1024 fulminibus

311 1032 507 1079 quaedam
535 1037 642 1078 sunt,
683 1042 785 1079 quae
812 1031 1034 1079 significant
1061 1032 1121 1079 id,
1160 1032 1269 1080 quod
1294 1032 1345 1069 ad
1371 1042 1445 1070 nos
1478 1043 1565 1080 per-

309 1085 421 1132 tinet,
453 1087 647 1134 quaedam
675 1091 805 1125 autem
832 1086 926 1124 nihil
951 1086 1175 1134 significant
1199 1091 1266 1124 aut
1286 1086 1346 1133 id,
1377 1087 1488 1135 cuius
1510 1088 1566 1124 in-

271 1146 292 1178 2
310 1141 488 1179 tellectus
515 1141 566 1178 ad
593 1152 667 1179 nos
694 1151 772 1179 non
793 1141 971 1188 pertinet.
1017 1140 1078 1178 Ex
1097 1140 1179 1189 his,
1210 1151 1312 1189 quae
1333 1140 1564 1188 significant,

311 1195 505 1242 quaedam
525 1201 616 1233 sunt
634 1195 755 1241 laeta,
778 1195 972 1242 quaedam
987 1195 1176 1242 adversa,
1199 1195 1401 1244 [quaedam
1416 1197 1564 1242 minem,

310 1249 504 1296 quaedam
530 1259 604 1287 nec
631 1249 800 1287 adversa
831 1259 905 1287 nec
930 1250 1044 1287 laeta.
1091 1249 1361 1288 Adversorum
1381 1249 1455 1287 hae
1476 1255 1566 1287 sunt

308 1303 493 1351 species:
530 1308 596 1341 aut
623 1303 861 1342 inevitabilia
886 1304 988 1342 mala
1016 1303 1253 1351 portendunt
1278 1308 1344 1341 aut
1371 1303 1566 1342 evitabilia

308 1362 374 1395 aut
402 1367 504 1404 quae
529 1358 650 1396 minui
678 1363 846 1405 possunt
871 1361 938 1395 aut
966 1367 1068 1405 quae
1095 1356 1311 1405 prorogari.
1358 1357 1478 1396 Laeta
1499 1364 1565 1396 aut

270 1416 292 1450 3
308 1422 494 1450 mansura
513 1412 735 1459 significant
753 1416 819 1450 aut
834 1412 996 1450 caduca.
1040 1411 1163 1451 Mixta
1177 1417 1242 1450 aut
1258 1418 1406 1459 partem
1420 1412 1565 1450 habent

306 1466 418 1510 boni,
440 1470 591 1514 partem
611 1466 700 1504 mali
719 1467 905 1504 autmala
923 1466 961 1503 in
980 1466 1146 1514 bonum,
1166 1471 1233 1504 aut
1250 1465 1355 1506 bona
1369 1466 1406 1504 in
1421 1468 1563 1505 malum

305 1525 473 1559 vertunt.
510 1521 590 1559 Nec
611 1521 781 1558 adversa
798 1531 872 1558 nec
891 1519 1112 1568 laeta'sunt‚
1141 1531 1243 1569 quae
1262 1521 1430 1568 aliquam
1449 1521 1562 1559 nobis

307 1575 500 1613 actionem
528 1575 770 1622 significant,
811 1585 891 1623 qua
914 1584 988 1613 nec
1009 1575 1152 1613 ,terreri
1178 1585 1251 1613 nec
1280 1575 1414 1613 laetari
1443 1575 1560 1614 debe-

306 1641 414 1677 mus,
451 1635 494 1668 ut
523 1630 894 1677 peregrinationem,
931 1628 970 1669 in
999 1640 1077 1677 qua
1102 1639 1177 1668 nec
1203 1634 1328 1670 metus
1351 1630 1562 1678 quicquam

306 1695 379 1722 nec
399 1685 487 1731 spei
506 1685 567 1722 sit.
1166 1727 1168 1730 ¹

385 1739 446 1776 LI.
481 1739 673 1776 Revertor
691 1738 743 1776 ad
762 1748 810 1776 ea
832 1738 1010 1786 fulmina,
1041 1748 1143 1786 quae
1163 1736 1384 1786 significant
1404 1739 1561 1787 quidem

306 1793 474 1841 aliquid,
501 1793 574 1831 sed
594 1793 702 1841 quod
721 1793 776 1834 ad¹
791 1803 865 1830 nos
885 1803 964 1832 non
983 1792 1202 1840 pertineat,¹
1220 1797 1416 1841 tamquam
1435 1798 1561 1831 utrum

306 1848 447 1886 eodem
475 1858 578 1885 anno
606 1848 710 1886 idem
738 1847 884 1885 homini
912 1847 1082 1891 futurum
1110 1848 1263 1894 fulmen
1281 1848 1388 1896 quod
1416 1848 1560 1886 factum

306 1902 368 1941 sit.
417 1901 517 1940 Nihil
537 1901 760 1949 significant
780 1901 941 1939 fulmina
959 1901 1103 1948 antid„
1135 1901 1245 1940 cuius
1266 1901 1399 1940 notitia
1414 1912 1488 1939 nos
1503 1903 1558 1940 es-

305 1956 422 2004 fugit,
447 1956 592 2002 utilia,
624 1966 726 2004 quae
743 1956 782 1994 in
802 1960 956 1994 vastum
978 1966 1084 1995 mare
1102 1960 1337 2005 sparguntur
1353 1960 1418 1999 aut
1436 1956 1475 1992 in
1490 1956 1557 1994 de-

305 2016 432 2050 sertas
452 2009 706 2058 solitudines,
737 2020 902 2058 quorum
924 2010 1155 2058 significatio
1171 2010 1276 2058 nulla
1293 2014 1354 2048 est
1366 2011 1430 2047 vel
1447 2011 1556 2058 perit.

269 2075 288 2107 1
382 2065 460 2103 LII.
502 2065 665 2103 Pauca
699 2065 857 2103 adhuc
889 2064 1102 2110 adiciam
1129 2063 1195 2106 ad
1229 2064 1556 2102 enarrandam

307 2118 400 2157 vim
437 2118 677 2166 fulminis,
715 2129 839 2167 quae
874 2130 968 2160 non
1004 2119 1172 2164 eodem
1197 2118 1339 2157 modo
1373 2129 1555 2156 omnem

304 2174 562 2212 materiam
589 2178 750 2212 vexat.
799 2174 1047 2220 valentiora,
1076 2173 1168 2221 quia
1199 2172 1404 2221 resistunt,
1439 2173 1554 2211 vehe-

305 2229 472 2268 mentius
507 2228 695 2276 dissipat,
738 2228 918 2267 cedentia
956 2237 1246 2275 nonnumquam
1290 2227 1375 2265 sine
1414 2227 1554 2266 iniuria

304 2282 454 2323 transit.
482 2293 571 2323 cum
584 2282 716 2331 lapide
730 2283 916 2332 ferroque
933 2287 972 2322 et
984 2280 1204 2321 durissimiS
1223 2281 1444 2332 quibusque
1459 2292 1550 2321 con-
1591 2290 1592 2301 ¹

1589 2326 1592 2417 ἒ

1588 2426 1592 2470 ιἶ
