1624 2626
314 158 366 199 88
691 157 732 194 L.
762 156 864 195 ΑΝΝ
866 157 897 193 Α
903 156 951 194 ΕΙ
977 155 1200 195 SENECAE

316 258 435 297 tiente
455 262 493 296 et
511 256 561 295 ab
583 256 687 295 omni
705 253 864 294 homine
894 263 1009 302 quem
1036 255 1170 303 aliqua
1194 265 1260 293 res
1288 254 1376 294 urit.
1411 264 1501 294 nam
1530 259 1571 294 ut

316 313 452 350 ulcera
478 312 530 349 ad
555 312 681 350 levem
708 314 872 355 tactum,
909 308 1052 346 deinde
1078 308 1195 347 etiam
1223 309 1272 348 ad
1302 309 1568 358 suspicionem

316 371 444 405 tactus
466 366 767 409 condolescunt,
797 364 850 401 ita
868 361 1021 401 animus
1042 363 1221 401 adfectus
1250 363 1417 403 minimis
1445 364 1570 403 offen-

315 421 428 467 ditur,
449 421 551 459 adeo
578 425 621 459 ut
640 418 835 468 quosdam
858 417 1039 456 salutatio
1067 421 1107 455 et
1124 417 1294 466 epistula
1318 423 1358 456 et
1383 420 1506 458 oratio
1530 425 1571 459 et

315 475 566 523 interrogatio
593 474 631 512 in
651 474 756 512 litem
776 475 954 510 evocent.

274 538 292 571 1
386 530 433 568 X.
452 529 673 577 Numquam
683 528 768 566 sine
780 525 942 574 querela
960 536 1081 574 aegra
1094 530 1316 574 tanguntur.
1337 537 1360 565 o
1371 536 1396 575 p
1408 526 1442 565 ti
1452 537 1569 566 mum

314 588 390 623 est
410 584 580 632 itaque
600 583 658 621 ad
674 581 880 630 primum
899 580 1012 619 mali
1031 590 1117 619 sen
1130 591 1232 619 sum
1251 581 1437 619 mederi
1457 582 1569 620 sibi.

313 643 394 677 tum
413 639 546 676 verbis
575 646 735 685 quoque
762 634 848 674 suis
880 634 1080 674 minimum
1108 635 1296 674 libertatis
1324 635 1420 674 dare
1447 641 1486 675 et
1512 636 1568 674 in—

273 692 449 733 2hibere
482 693 669 740 inpetum.
725 690 855 728 Facile
887 695 948 729 cst
963 694 1101 728 -autem
1131 689 1310 728 adfectus
1338 700 1448 738 suos,
1481 701 1569 730 cum

315 747 481 796 primum
509 747 704 792 oriuntur,
733 744 1052 792 deprehendere:
1079 744 1304 783 morborum
1323 745 1437 792 signa
1456 755 1567 793 prae·

313 806 485 840 currunt.
524 799 855 848 quemadmodum
874 798 1120 847 tempestatis
1147 809 1194 837 ac
1221 798 1379 847 pluviae
1399 804 1488 838 ante
1507 800 1561 848 ip-

314 866 382 894 sas
412 861 529 894 notae
547 854 727 902 veniunt,
756 855 809 892 ita
828 854 922 900 irae,
952 853 1097 893 amoris
1127 854 1379 902 omniumque
1405 853 1567 893 istarum

312 911 573 958 procellarum
588 909 741 948 animos
756 908 984 947 vexantium
1003 912 1093 947 sunt
1113 908 1308 957 quaedam
1326 909 1568 958 praenuntia.

271 968 292 1002 3
313 965 385 1012 Qui
404 964 589 1003 comitiali
609 964 703 1002 vitio
723 965 854 1003 solent
872 964 1036 1011 corripi,
1058 964 1134 1001 iam
1155 963 1566 1003 adventarervalitudi-

312 1029 402 1057 nem
422 1019 662 1067 intellegunt,
691 1019 727 1057 si
748 1019 857 1056 calor
876 1028 1028 1056 summa
1046 1018 1221 1056 deseruit
1247 1023 1285 1057 et
1305 1019 1492 1057 incertum
1510 1020 1567 1057 lu·

310 1084 398 1112 men
419 1085 712 1122 nervorumque
741 1073 949 1121 trepidatio
970 1077 1049 1119 est,
1080 1071 1115 1110 si
1141 1073 1328 1111 memoria
1351 1072 1569 1112 sublabitur

311 1133 509 1177 caputque
539 1132 734 1167 versatur.
781 1127 907 1166 solitis
933 1128 1068 1175 itaque
1095 1127 1281 1166 remediis
1316 1126 1566 1176 incipientem

311 1193 472 1221 causam
501 1188 699 1231 occupant
722 1187 762 1221 et
789 1183 912 1221 odore
938 1187 1135 1230 gustuque
1162 1180 1352 1230 quicquid
1381 1187 1442 1220 est
1461 1183 1569 1230 quod

309 1238 452 1276 alienat
468 1237 644 1285 animos,
662 1237 879 1286 repellitur:
909 1242 976 1276 aut
998 1235 1180 1275 fomentis
1208 1241 1346 1275 contra
1369 1236 1492 1284 frigus
1518 1237 1567 1275 ri-

309 1302 526 1341 goremque
544 1297 761 1341 pugnatur,
781 1296 849 1330 aut
868 1291 903 1330 si
925 1302 1062 1340 parum
1084 1291 1278 1329 medicina
1299 1291 1482 1339 profecit,
1510 1291 1568 1329 vi-

267 1347 289 1380 4
309 1351 490 1385 taverunt
504 1347 657 1386 turbam
671 1352 711 1385 et
725 1347 811 1385 sine
829 1352 928 1386 teste
945 1346 1182 1384 ceciderunt.
1210 1345 1377 1384 Prodest
1391 1346 1568 1384 morbum

309 1412 424 1440 suum
443 1412 566 1440 nosse
582 1407 621 1440 et
639 1401 744 1440 vires
760 1402 844 1440 eius
856 1406 1064 1450 antequam
1079 1399 1308 1448 spatientur,
1331 1399 1568 1448 opprimere.

310 1456 513 1495 videamus
534 1457 629 1505 quid
648 1457 708 1503 sit,
731 1456 838 1505 quod
855 1466 930 1495 nos
947 1455 1118 1494 maxime
1133 1455 1319 1493 concitet:
1344 1454 1469 1493 alium
1482 1465 1568 1493 ver—

308 1510 468 1559 borum,
496 1511 613 1550 alium
637 1522 766 1550 rerum
785 1511 1045 1551 contumeliae
1065 1513 1236 1548 movent.
1274 1509 1337 1547 hic
1355 1510 1439 1548 vult
1458 1509 1567 1548 nobi-

307 1565 415 1613 litati,
432 1565 496 1604 hic
516 1567 666 1605 formae
676 1576 774 1604 suae
794 1565 914 1614 parci.
942 1565 1006 1603 hic
1021 1564 1338 1612 elegantissimus
1351 1563 1485 1605 haberi
1502 1574 1566 1602 cu-

308 1620 383 1668 pit,
404 1621 468 1658 ille
487 1621 755 1659 doctissimus.
784 1620 846 1658 hic
862 1618 1074 1668 superbiae
1089 1619 1287 1667 inpatiens
1303 1624 1374 1665 est,
1394 1618 1458 1656 hic
1474 1628 1566 1657 con-

307 1675 512 1713 tumaciae.
548 1676 614 1714 ille
642 1685 780 1714 servos
801 1686 879 1714 non
900 1679 1010 1723 putat
1028 1674 1170 1722 dignos
1199 1674 1342 1723 quibus
1366 1673 1567 1721 irascatur,

307 1728 370 1767 hic
389 1730 491 1769 intra
512 1731 672 1769 domum
691 1740 837 1768 saevus
859 1735 938 1777 est,
972 1728 1068 1768 soris
1090 1729 1205 1768 mitis.
1235 1728 1299 1766 ille
1317 1727 1450 1776 rogari
1471 1727 1567 1766 invi—

309 1784 413 1823 diam
432 1783 591 1833 iudicat,
612 1785 771 1823 hicnon
791 1785 923 1833 rogari
944 1783 1231 1823 contumeliam.
1260 1782 1344 1822 Non
1360 1793 1497 1821 omnes
1518 1781 1567 1820 ab

308 1839 446 1877 eadem
468 1844 578 1887 parte
598 1840 814 1878 feriuntur:
855 1839 957 1878 scire
985 1839 1119 1887 itaque
1137 1842 1311 1886 oportet,
1342 1838 1438 1886 quid
1464 1837 1501 1876 in
1529 1842 1568 1876 te

307 1893 530 1933 inbecillum
551 1894 620 1942 sit,
642 1899 684 1933 ut
702 1894 743 1933 id
764 1893 933 1932 maxime
954 1898 1154 1942 protegas.
1623 1893 1624 1909 ³

266 1955 284 1986 1
384 1948 449 1986 Xl.
477 1949 563 1988 Non
580 1950 741 1997 expedit
764 1949 895 1988 omnia
910 1947 1063 1996 videre,
1091 1946 1222 1987 omnia
1247 1946 1395 1985 audire.
1424 1946 1568 1985 multae
1618 1949 1619 1971 ³

307 2012 381 2041 nos
410 2003 574 2042 iniuriae
592 2009 812 2052 transeant,
842 2014 891 2042 ex
921 2003 1064 2051 quibus
1084 2002 1298 2050 plerasque
1324 2012 1403 2041 non
1425 2000 1571 2049 accipit
1616 2049 1617 2060 γ

308 2056 376 2106 qui
395 2058 532 2097 nescit.
574 2059 662 2098 Non
682 2058 744 2097 vis
773 2069 866 2098 esse
885 2058 1127 2096 iracundus?
1155 2066 1204 2094 ne
1223 2055 1344 2095 fueris
1373 2056 1566 2095 curiosus.

309 2111 375 2160 qui
395 2111 556 2160 inquirit
573 2114 669 2162 quid
687 2114 724 2152 in
746 2124 791 2152 se
808 2113 954 2152 dictum
969 2112 1031 2159 sit,
1055 2110 1122 2159 qui
1138 2111 1332 2159 malignos
1349 2120 1566 2156 sermones,

308 2166 462 2204 etiamsi
479 2174 632 2207 secreto
651 2168 770 2207 habiti
788 2173 893 2215 sunt,
913 2167 1023 2214 eruit,
1045 2176 1090 2205 se
1109 2165 1198 2214 ipse
1213 2164 1415 2214 inquietat.
1447 2175 1566 2213 quae-

309 2221 398 2259 dam
419 2220 688 2269 interpretatio
708 2233 757 2262 eo
777 2222 977 2271 perducit,
997 2225 1039 2259 ut
1061 2220 1268 2259 videantur
1286 2220 1468 2260 iniuriae:
1497 2219 1566 2258 ita-
1612 2206 1615 2259 l

308 2285 386 2324 que
413 2276 490 2315 alia
521 2275 740 2316 differenda
765 2282 877 2326 sunt,
903 2276 979 2315 alia
1005 2274 1240 2323 deridenda,
1269 2275 1346 2315 alia
1368 2274 1566 2315 donanda.
1611 2305 1612 2319 ,
