1624 2626
118 165 186 204 AD
204 164 439 204 HELVIAM
447 164 666 205 MATREM
674 165 740 204 DE
752 158 1149 205 CONSOLATIONE.
1165 169 1200 212 a.
1217 171 1272 205 10.
1292 162 1374 205 247

92 267 171 307 sit?
213 268 355 317 „quod
383 267 512 316 patria
537 277 672 316 cares,
696 279 777 307 non
798 273 859 308 est
877 268 1079 308 miserum.
1118 267 1173 306 ita
1191 271 1231 306 te
1253 265 1374 305 disci·

92 324 210 374 plinis
238 322 419 372 immisti,
452 328 493 363 ut
520 324 647 363 scires
669 334 827 363 omnem
847 325 980 363 locum
1002 323 1174 372 sapienti
1192 323 1279 363 viro
1303 334 1374 372 pa-

91 380 205 418 triam
235 390 341 419 esse.
387 379 490 428 Quid
518 384 669 430 porro?
697 379 784 428 hic,
818 380 886 429 qui
916 384 955 419 te
978 380 1152 428 expulit,
1181 390 1261 419 non
1284 379 1374 428 ipse

91 446 165 485 per
196 446 325 476 annos
356 436 502 475 decem
531 437 744 475 continuos
774 437 901 485 patria
933 435 1088 475 caruit?
1118 434 1371 485 propagandi

91 492 180 530 sine
205 491 327 531 dubio
356 491 515 541 imperii
544 502 688 531 causa:
717 493 791 531 sed
811 502 956 540 nempe
976 492 1115 531 caruit.
1147 502 1255 530 nunc
1275 494 1410 530 ecce&

90 547 208 587 trahit
240 548 348 586 illum
384 548 437 586 ad
469 558 516 587 se
543 549 682 587 Africa
711 548 959 597 resurgentis
987 547 1080 587 belli
1100 548 1218 587 minis
1241 548 1372 597 plena,

89 603 207 643 trahit
224 603 437 653 Hispania,
460 606 572 653 ‘quae
602 605 748 643 fractas
779 609 819 643 et
846 604 1030 643 adflictas
1049 608 1185 653 partes
1205 605 1373 650 refovet,

90 659 207 699 trahit
223 661 437 710 Aegyptus
459 660 594 708 infida,
615 665 724 699 totus
745 660 921 710 denique
943 660 1069 711 orbis,
1092 659 1160 709 qui
1179 660 1232 699 ad
1252 669 1373 699 occa-

89 714 245 754 sionem
265 716 456 755 concussi
478 716 630 765 imperii
653 716 826 756 intentus
846 724 920 755 est.
951 715 1016 754 cui
1037 711 1208 765 primum
1226 716 1285 754 rei
1305 724 1373 754 oc-

89 775 249 810 curret?
281 772 345 810 eui
372 771 474 820 parti
495 782 541 810 se
561 777 767 821 opponet?
803 777 894 822 aget
911 772 1020 811 illum
1041 782 1115 822 per
1133 782 1274 812 omnes
1294 776 1373 809 ter-

87 837 155 865 ras
177 826 343 866 victoria
363 838 449 866 sua.
477 828 588 866 Illum
606 828 830 878 suspiciant
843 834 884 868 et
898 828 1031 867 colant
1044 832 1207 878 gentes=
1227 832 1270 867 tu
1281 827 1374 866 vive

87 881 210 922 Bruto
233 883 420 922 miratore
440 888 664 923 contentus.
679 888 702 906 “

167 939 215 977 X.
258 939 368 977 Bene
395 949 492 988 ergo
521 940 682 979 exilium
710 939 797 979 tulit
815 939 1030 978 Marcellus
1059 949 1135 978 nec
1156 938 1370 988 quicquam
1388 944 1407 977 1

87 995 127 1032 in
155 994 288 1033 animo
319 995 406 1034 eius
435 995 603 1034 mutavit
618 996 698 1035 loci
717 996 902 1044 mutatio,
931 995 1117 1044 quamvis
1138 1005 1226 1033 eam
1247 1005 1371 1043 pau-

89 1055 263 1099 pertas
283 1055 534 1100 sequeretur.
564 1052 611 1089 in
635 1062 732 1100 qua
752 1051 879 1090 nihil
898 1051 1014 1089 mali
1035 1061 1149 1099 esse,
1185 1050 1372 1099 quisquis

87 1106 207 1146 modo
236 1106 415 1146 nondum
443 1107 626 1155 pervenit
651 1108 690 1144 in
720 1107 916 1146 insaniam
945 1108 1080 1145 omnia
1099 1105 1372 1145 subvertentis

83 1162 276 1201 avaritiae
297 1167 416 1211 atque
438 1162 642 1210 luxuriae,
662 1162 866 1212 intellegit.
911 1163 1152 1211 Quantulum
1169 1162 1276 1200 enim
1296 1167 1371 1208 est,

86 1218 197 1267 quod
223 1218 262 1257 in
282 1219 447 1258 tutelam
469 1218 643 1257 hominis
664 1217 942 1258 necessarium
961 1219 1041 1257 sit?
1079 1222 1119 1257 et
1139 1218 1203 1257 cui
1223 1218 1372 1257 deesse

84 1274 162 1314 hoc
189 1278 324 1323 potest
349 1275 470 1312 ullam
497 1274 618 1313 modo
646 1273 831 1313 virtutem
860 1274 1051 1314 habenti?
1093 1274 1209 1322 Quod
1236 1274 1288 1312 ad
1308 1281 1408 1315 me2

84 1330 246 1378 quidem
276 1331 464 1379 pertinet,
492 1330 680 1379 intellego
701 1341 766 1368 me
786 1341 867 1370 non
889 1341 1011 1380 opes,
1041 1331 1116 1370 sed
1137 1330 1370 1379 occupatio-

84 1396 158 1424 nes
178 1386 420 1435 perdidisse.
461 1386 700 1435 corporis
728 1387 918 1436 exigua
945 1386 1212 1425 desideria
1231 1390 1370 1425 sunt:

6 1463 20 1474 ι
85 1441 250 1490 frigus
278 1442 567 1481 submoveri
596 1443 717 1491 vult,
745 1442 1005 1481 alimentis
1027 1443 1281 1481 famemac
1302 1442 1370 1480 si-

84 1496 169 1535 tim
188 1497 539 1547 exstinguere.
572 1498 766 1548 quicquid
787 1503 902 1537 extra
921 1498 1233 1547 concupiscitur,
1252 1498 1370 1541 vitiis,

84 1562 167 1591 non
189 1551 330 1590 usibus
350 1553 566 1592 laboratur.
602 1554 688 1592 Non
711 1559 774 1593 est
792 1564 966 1594 necesse
987 1564 1106 1594 omne
1124 1552 1371 1603 perscrutari

85 1607 329 1657 profundum
361 1615 438 1646 nec
470 1614 604 1658 strage
637 1611 866 1649 animalium
893 1615 1073 1650 ventrem
1102 1620 1273 1650 onerare
1295 1621 1371 1649 nec

86 1663 299 1714 conchylia
333 1664 456 1702 ultimi
482 1666 604 1704 maris
636 1676 686 1704 ex
718 1665 854 1714 ignoto
875 1667 991 1706 litore
1010 1677 1171 1706 eruere:
1207 1667 1248 1706 di
1268 1667 1370 1706 istos

84 1719 269 1769 deaeque
296 1720 486 1768 perdant,
520 1731 690 1768 quorum
718 1722 876 1761 luxuria
903 1727 981 1761 tarn
1003 1722 1193 1762 invidiosi
1213 1721 1370 1771 imperii

85 1775 189 1814 fines
208 1775 469 1828 transcendit.
511 1775 623 1816 Ultra
641 1776 789 1816 Phasin
811 1777 903 1827 capi
918 1780 1077 1826 volunt,
1114 1779 1225 1829 quod
1245 1778 1365 1817 ambi-
1383 1785 1407 1820 3

85 1831 231 1870 tiosam
257 1831 448 1880 popinam
475 1831 662 1880 instruat,
690 1843 766 1872 nee
796 1834 906 1883 piget
925 1845 949 1873 a
966 1834 1142 1883 Parthis,
1175 1846 1200 1873 a
1221 1835 1368 1884 quibus

83 1887 263 1926 nondum
284 1897 439 1935 poenas
459 1887 711 1937 repetiimus,
731 1899 829 1928 aves
849 1888 999 1939 pet'ere.
1029 1891 1210 1940 undique
1228 1893 1368 1938 [raris-

83 1944 182 1982 sima
211 1947 398 1992 quaeque]
434 1943 663 1983 convehunt
693 1946 828 1984 omnia
859 1950 955 1985 nota
988 1945 1206 1985 fastidienti
1235 1947 1368 1995 gulae.

86 1999 196 2048 quod
217 1999 440 2038 dissolutus
461 1998 615 2038 deliciis
638 2001 868 2040 stomachus
887 2001 955 2040 vix
976 2002 1175 2052 admittat,
1204 2003 1256 2041 ab
1278 2003 1367 2044 ulti-

85 2064 152 2094 mo
172 2059 353 2103 portatur
373 2054 546 2094 Oceano.
580 2061 748 2095 vomunt
765 2061 808 2096 ut
827 2058 967 2106 edant,
987 2058 1112 2097 edunt
1130 2062 1174 2097 ut
1192 2051 1366 2107 vomant,

84 2111 313 2162 etgepulas,
349 2121 451 2160 quas
479 2115 562 2150 toto
593 2112 692 2151 orbe
719 2113 980 2162 conquirunt,
1014 2123 1090 2152 nee
1109 2124 1366 2164 concoquere

82 2163 311 2224 dignantur.
339 2166 422 2206 Ista
442 2167 476 2206 si
496 2167 586 2216 quis
601 2167 784 2216 despicit,
801 2169 903 2216 quid
919 2169 973 2207 illi
990 2174 1208 2218 paupertas
1221 2175 1367 2222 nocet?

85 2221 126 2263 st
140 2222 234 2272 quis
255 2222 522 2272 concupiscit,
543 2223 599 2262 illi
619 2229 838 2272 paupertas
861 2224 980 2263 etiam
1003 2226 1187 2274 prodest:
1214 2226 1365 2266 invitus

85 2275 190 2316 enim
216 2282 381 2317 sanatur
410 2283 468 2327 et,
502 2279 537 2318 si
563 2280 743 2319 remedia
761 2291 812 2319 ne
832 2286 996 2320 coactus
1018 2282 1180 2330 quidem
1196 2283 1363 2332 recepit,

89 2331 241 2373 interim
261 2339 370 2374 certe
390 2334 485 2375 dum
501 2346 584 2375 non
604 2340 758 2386 potest,
778 2336 929 2377 nolenti
949 2337 1089 2377 similis
1103 2343 1177 2379 est.
1208 2339 1250 2378 C.
1267 2339 1363 2379 Cae·
1378 2344 1402 2378 4
