1592 2580
309 141 389 184 258
671 141 715 180 L.
738 141 927 181 ANNAEI
953 141 1178 183 SENECAE

308 240 490 280 stantium
516 240 676 290 eripiat,
707 240 814 289 quod
841 251 920 280 non
948 242 1139 290 eveniret,
1169 242 1244 283 nisi
1263 243 1303 281 in
1321 252 1485 291 parvum
1504 246 1561 284 lo-

308 307 394 335 cum
422 306 592 343 corpora
611 306 655 334 se
673 296 792 334 multa
812 296 1088 344 conpellerent.
1115 297 1222 346 atqui
1241 298 1389 336 nullum
1406 302 1561 347 tempus

269 349 428 399 3magis
449 360 567 398 quam
593 350 827 389 nebulosum
854 354 960 390 caret
981 356 1112 390 vento.
1155 351 1282 391 Adice
1301 362 1423 399 nunc,
1454 354 1562 401 quod

305 416 328 444 e
348 405 543 444 contrario
565 405 714 453 evenit,
743 409 785 443 ut
804 405 865 443 sol
883 406 1112 444 matutinum
1131 406 1222 444 aera
1241 405 1414 455 spissum
1435 412 1473 446 et
1491 408 1561 447 hu-

304 458 452 499 midum
480 463 567 498 ortu
594 469 666 498 suo
699 463 857 498 tenuet=
901 465 990 499 tunc
1015 459 1140 508 surgit
1171 470 1284 509 aura,
1317 471 1403 500 curn
1430 462 1561 501 datum

304 519 367 554 est
387 515 654 553 laxamentum
680 513 914 563 corporibus
942 519 982 555 et
1005 514 1165 563 stipatio
1190 514 1344 554 illorum
1370 526 1417 555 ac
1448 517 1561 556 turba

303 570 480 608 resoluta
498 573 572 607 est.

271 628 289 661 1
384 624 451 662 IV.
497 622 629 671 „Quo
670 622 815 662 modo
855 632 994 671 ergo,
1039 623 1189 672 inquis,
1237 622 1368 663 fiunt
1404 627 1559 673 venti,

304 678 488 727 quoniam
508 678 584 717 hoc
607 678 754 728 [modo]
776 687 898 726 negas
918 677 1056 717 fieriw
1091 678 1177 718 Non
1196 689 1275 717 uno
1295 679 1433 718 modo=
1460 679 1558 718 alias

302 733 405 772 enim
424 738 528 772 terra
543 732 632 781 ipsa
647 733 724 771 vim
740 743 921 780 magnam
935 733 1038 772 aeds
1054 733 1143 772 eicit
1157 737 1258 771 etex
1274 734 1406 772 abdito
1423 735 1557 782 spirat,

302 787 399 826 alias
417 798 504 826 cum
521 797 661 835 magna
677 791 716 826 et
731 787 915 827 continua
934 798 984 826 ex
1003 787 1110 838 *imo
1131 787 1360 836 evaporatio
1381 789 1419 826 in
1440 790 1559 827 altum

303 841 382 890 egit
404 852 505 889 quae
531 842 733 889 emiserat,
763 843 962 882 inmutatio
989 838 1078 891 ipsa
1104 843 1245 881 halitus
1273 842 1382 881 mixti
1404 843 1443 881 in
1463 853 1557 881 ven-

265 903 285 936 2
304 902 383 935 tum
408 897 583 935 vertitur.
636 897 735 935 Illud
762 896 864 935 enim
892 907 1022 946 neque
1045 902 1087 936 ut
1106 897 1262 936 credam
1282 896 1374 935 mihi
1393 908 1556 946 persua-

303 951 386 990 deri
413 956 545 1000 potest
564 961 693 1000 neque
713 956 756 991 ut
774 956 942 990 taceam:
975 952 1174 1000 quomodo
1193 952 1231 990 in
1252 952 1396 991 nostris
1416 962 1555 1000 corpo·

301 1006 409 1045 ribus
438 1005 525 1045 cibo
555 1006 597 1045 fit
622 1005 793 1052 inflatio,
819 1016 922 1054 quae
949 1017 1028 1045 non
1059 1007 1146 1046 sine
1164 1017 1306 1055 magna
1326 1007 1478 1045 narium
1499 1007 1556 1045 in·

300 1062 399 1100 iuria
426 1059 610 1100 emittitur
637 1065 676 1100 et
698 1065 874 1099 ventrem
901 1061 1094 1100 interdum
1124 1072 1212 1100 cum
1233 1071 1332 1100 sono
1354 1066 1555 1108 exonerat,

300 1116 495 1153 interdum
525 1116 735 1154 secretius:
772 1115 830 1153 sic
855 1119 992 1163 putant
1019 1121 1057 1155 et
1084 1116 1186 1154 hanc
1212 1126 1395 1163 magnam
1425 1126 1556 1154 rerum

299 1174 477 1208 naturam
496 1169 678 1208 alimenta
696 1174 906 1208 mutantem
926 1170 1099 1208 emittere
1119 1169 1310 1218 spiritum.
1357 1171 1467 1208 Bene
1485 1181 1553 1208 no-

299 1225 452 1263 biscum
474 1224 612 1272 agitur,
633 1224 742 1272 quod
760 1234 918 1271 semper
933 1225 1145 1272 concoquit
1159 1228 1196 1263 et
1213 1224 1271 1262 sic
1287 1224 1438 1262 emittit:
1458 1225 1553 1262 alio-

263 1286 285 1319 3
301 1278 394 1327 quin
421 1279 646 1318 inmundius
675 1278 824 1326 aliquid
850 1278 1087 1317 timeremus.
1131 1278 1329 1326 Numquid
1356 1289 1450 1326 ergo
1480 1276 1555 1316 hoc

299 1333 431 1371 verius
458 1337 519 1371 est
546 1333 697 1380 dicere,
733 1333 854 1371 multa
882 1343 932 1371 ex
959 1334 1064 1371 omni
1091 1338 1202 1380 parte
1220 1328 1409 1371 terrarum
1429 1337 1467 1370 et
1485 1333 1552 1370 ad·
1590 1350 1592 1357 ι

299 1387 415 1426 sidua
430 1387 521 1425 ferri
538 1387 792 1435 corpuscula,
813 1396 915 1434 quae
931 1397 1019 1426 cum
1033 1392 1268 1425 coacervata
1282 1392 1391 1435 sunt,
1411 1386 1554 1424 deinde

299 1442 504 1480 extenuari
529 1442 615 1480 sole
642 1441 862 1489 coeperint,
901 1441 994 1489 quia
1022 1452 1156 1489 omne,
1186 1442 1294 1490 quod
1319 1442 1358 1479 in
1385 1446 1551 1488 angusto

299 1496 492 1541 dilatatur,
524 1496 692 1544 spatium
711 1496 837 1535 maius
859 1495 1076 1542 desiderat,
1102 1501 1244 1535 ventus
1266 1495 1447 1534 exsistit?

262 1557 281 1590 1
377 1551 426 1589 V.
463 1550 564 1598 Quid
583 1555 706 1598 ergo?
731 1550 834 1588 hanc
853 1551 979 1590 solam
999 1561 1090 1589 esse
1111 1561 1272 1589 causam
1292 1551 1397 1588 venti
1420 1549 1551 1588 existi-

299 1616 383 1652 mo,
415 1615 606 1653 aquarum
626 1609 896 1653 terrarumque
916 1605 1244 1654 evaporationes?
1278 1615 1329 1643 ex
1348 1604 1409 1642 his
1427 1605 1550 1652 gravi·

298 1665 416 1698 tatem
443 1659 545 1698 aeris
569 1660 712 1698 deinde
740 1660 841 1698 solvi
866 1659 1020 1708 inpetu,
1056 1670 1145 1698 cum
1167 1670 1270 1708 quae
1289 1660 1416 1698 densa
1435 1663 1550 1697 stete-

297 1718 402 1761 rant,
437 1719 479 1752 ut
506 1718 566 1752 est
592 1724 778 1761 necesse,
812 1719 1021 1753 extenuata
1051 1714 1222 1753 nituntur
1253 1713 1291 1752 in
1326 1713 1551 1761 ampliorem

299 1770 454 1807 locum?
501 1768 585 1816 Ego
605 1778 701 1807 vero
723 1774 761 1807 et
779 1768 881 1806 hanc
901 1768 1053 1808 iudic0=
1083 1773 1254 1807 ceterum
1273 1768 1338 1806 illa
1356 1773 1417 1807 est
1435 1769 1552 1815 longe

298 1821 490 1873 valentior
508 1823 740 1870 veriorque,
764 1823 911 1861 habere
930 1825 1023 1862 aera
1041 1825 1256 1862 naturalem
1270 1824 1348 1861 vim
1367 1821 1551 1860 movendi

300 1887 343 1915 se
370 1887 500 1925 neque
527 1877 685 1915 aliunde
712 1877 941 1925 concipere,
977 1878 1049 1925 sed
1076 1878 1208 1916 inesse
1240 1876 1294 1915 illi
1321 1880 1363 1914 ut
1388 1876 1550 1914 aliarum

261 1935 450 1978 2rerum,
488 1931 543 1970 ita
566 1930 683 1970 huius
710 1932 936 1979 potentiam.
991 1933 1054 1970 An
1080 1931 1156 1970 hoc
1183 1931 1405 1977 existimas,
1434 1930 1549 1968 nobis

300 1986 457 2034 quidem
477 1985 588 2024 datas
606 1986 731 2032 vireS‚
758 1984 900 2033 quibus
920 1996 994 2024 nos
1012 1996 1279 2032 moveremus,
1309 1986 1402 2022 aera
1420 1989 1550 2022 autem

298 2041 474 2080 relictum
501 2039 663 2078 inertem
682 2044 720 2078 et
746 2040 1008 2087 inagitabilem
1027 2045 1145 2078 esse?
1173 2050 1261 2078 cum
1281 2049 1385 2086 aqua
1403 2044 1550 2078 motum

300 2105 414 2134 suum
439 2095 582 2135 habeat
608 2095 722 2134 etiam
740 2096 866 2133 ventis
889 2095 1193 2142 quiescentibus.
1221 2103 1298 2131 non
1319 2094 1422 2132 enim
1440 2093 1550 2131 aliter

301 2150 482 2188 animalia
506 2150 624 2188 edere
650 2154 799 2198 posset.
835 2160 1014 2188 muscum
1034 2148 1359 2198 quoqueinnasci
1379 2147 1492 2196 aquis
1512 2152 1549 2185 et

300 2203 471 2243 herbosa
491 2204 684 2252 quaedam
702 2204 880 2242 videmus
900 2214 1052 2245 summo
1068 2213 1200 2244 earum
1220 2203 1457 2242 innatantia„
1478 2202 1549 2240 Est
1590 2206 1592 2242 ἐ

302 2268 396 2306 ergo
417 2257 566 2309 aliquid
584 2258 625 2299 in
643 2269 747 2309 aqua
766 2258 890 2300 vitale.
