1624 2626
210 140 280 179 AD
306 137 547 177 MARCIAM
572 137 639 176 DE
669 135 1064 176 CONSOLATIONE.
1098 140 1152 176 19.
1173 141 1230 176 20.
1279 133 1359 177 131

74 238 235 290 publica
261 238 398 277 clades
419 235 682 286 prospicitur,
713 237 822 275 nulla
845 236 1014 286 privata.
1052 248 1132 277 non
1164 237 1360 277 sollicitus

73 293 192 335 futuri
203 295 399 343 pendetet
411 303 464 332 ex
478 298 624 332 eventu
639 303 800 342 semper
815 292 856 331 in
872 292 1088 332 incertiora
1103 293 1360 342 dependenti.

0 355 2 392 l
73 350 232 391 tandem
251 349 307 389 ibi
325 348 514 398 constitit,
533 348 640 387 unde
658 349 713 387 nil
733 359 820 387 eum
840 349 974 398 pellat,
995 348 1065 388 ubi
1083 348 1181 387 nihil
1200 354 1359 389 terreat.

151 405 235 444 XX.
266 405 296 445 Ο
315 405 480 454 ignaros
499 406 694 444 malorum
714 408 890 453 suorum,
921 404 1067 453 quibus
1088 416 1170 444 non
1190 415 1300 445 mors
1319 409 1363 445 ut
1381 411 1401 445 1

71 460 263 511 optimum
283 462 489 500 inventum
508 466 674 500 naturae
694 461 883 500 laudatur
897 465 1253 510 exspectaturque,
1271 460 1360 501 sive

71 518 297 557 felicitatem
322 516 498 565 includit,
527 515 615 555 sive
645 516 909 556 calamitatem
923 515 1094 565 repellit,
1124 517 1212 556 sive
1240 517 1362 556 satie·

69 578 190 613 tatem
208 584 256 612 ac
275 573 552 612 lassitudinem
575 573 691 612 senis
701 573 895 619 terminat,
916 572 1004 612 sive
1023 571 1199 612 iuvenile
1215 583 1361 612 aevum

70 629 165 668 dum
183 630 349 668 meliora
375 633 602 678 sperantur,
631 628 674 667 in
700 627 802 668 flore
830 628 1005 677 deducit,
1034 629 1122 668 sive
1148 627 1360 677 pueritiam

69 690 161 724 ante
181 685 364 725 duriores
379 684 529 733 gradus
549 689 729 733 revocat,
746 683 932 725 omnibus
950 682 1055 732 finis,
1076 685 1211 724 multis
1230 695 1359 723 reme·

70 741 190 789 dium,
213 740 454 790 quibusdam
474 745 624 788 votum,
644 740 699 779 de·
711 740 832 780 nullis
849 740 992 779 melius
1006 741 1148 780 merita
1167 751 1288 790 quam
1308 740 1359 779 de

68 796 131 844 iis,
151 797 204 835 ad
232 808 336 846 quos
366 796 474 835 venit
500 801 713 844 antequam
739 796 1006 836 invocaretur.
1048 796 1160 835 Haec
1188 795 1357 836 servitu-
1378 804 1400 838 2

68 856 148 891 tem
167 853 290 892 invito
312 852 474 892 domino
501 851 672 890 remittit.
702 851 803 891 haec
832 851 1082 900 captivorum
1109 856 1273 891 catenas
1303 853 1371 903 leg

68 912 146 946 vat.
175 908 277 947 11366
296 918 319 946 6
340 918 504 946 carcere
530 908 665 946 educit
684 918 788 956 quos
808 907 918 946 exire
938 907 1149 956 imperium
1168 907 1359 956 inpotens

68 968 261 1002 vetuerat.
300 963 401 1002 haec
422 964 606 1002 exulibus
627 962 667 1001 in
687 962 856 1011 patriam
885 973 1047 1011 semper
1067 963 1242 1002 animum
1264 974 1359 1003 ocu-

66 1019 214 1068 losque
240 1018 496 1058 tendentibus
524 1018 699 1058 ostendit
730 1018 828 1057 nihil
853 1017 1073 1067 interesse,
1113 1018 1217 1057 infra
1248 1019 1359 1067 quod

69 1074 161 1124 quis
179 1075 320 1114 iaceat.
357 1074 458 1113 haec
477 1074 557 1123 ubi,
581 1084 649 1112 res
671 1074 894 1113 communis
914 1075 1075 1113 fortuna
1094 1075 1198 1113 male
1223 1074 1359 1114 divisit

67 1135 107 1169 et
125 1141 257 1180 aequo
277 1130 364 1168 iure
383 1129 542 1179 genitos
558 1130 677 1169 alium
700 1129 767 1168 alii
787 1130 962 1175 donavit,
987 1134 1190 1179 exaequat
1209 1130 1357 1168 omnia.

65 1186 167 1225 haec
186 1191 259 1234 est,
289 1191 383 1235 post
403 1196 525 1234 quam
541 1185 638 1225 nihil
660 1186 879 1235 quisquam.
900 1185 1031 1224 alieno
1059 1186 1153 1226 fecit
1179 1185 1357 1225 arbitrio.

65 1241 166 1280 11366
186 1246 258 1289 631,
279 1241 319 1280 111
340 1252 421 1291 qua
439 1253 561 1281 nemo
577 1241 836 1280 humilitatem
858 1252 971 1281 suam
991 1242 1132 1281 sensit.
1162 1241 1265 1280 haec
1283 1247 1356 1290 est,

68 1307 172 1346 quae
191 1297 288 1337 nulli
308 1309 390 1337 non
408 1297 547 1347 patuit.
585 1297 687 1336 haec
707 1302 780 1346 est,
796 1297 958 1344 Marcia,
979 1308 1100 1346 quam
1126 1302 1242 1347 pater
1263 1302 1356 1337 tuus

66 1354 282 1403 concupiit.
324 1353 424 1392 haec
455 1358 537 1400 est,
566 1352 742 1402 inquam,
771 1364 876 1402 quae
905 1353 1039 1400 efficit,
1060 1357 1105 1393 ut
1134 1354 1248 1392 nasci
1274 1360 1356 1393 non

67 1409 119 1447 sit
144 1408 403 1459 supplicium,
435 1419 539 1459 quae
568 1409 707 1457 efficit,
737 1415 880 1449 utnon
912 1408 1125 1449 concidam
1155 1410 1355 1449 adversus

68 1464 196 1503 minas
218 1475 403 1512 casuum,
431 1470 475 1504 ut
490 1475 655 1504 servare
686 1464 858 1504 animum
889 1466 1046 1504 salvum
1074 1475 1122 1504 ac
1150 1470 1356 1514 potentem

68 1520 129 1558 sui
147 1519 322 1568 possim:
342 1520 472 1560 habeo
491 1521 600 1569 quod
615 1521 827 1570 adpellem.
856 1521 988 1560 Video
1006 1520 1097 1560 istic
1114 1531 1257 1560 cruces
1275 1532 1356 1560 non
1375 1527 1398 1562 3

65 1575 186 1614 unius
207 1575 368 1624 quidem
390 1576 560 1624 generis,
583 1576 657 1615 sed
681 1576 795 1616 aliter
823 1577 874 1615 ab
901 1577 989 1616 aliis
1018 1577 1255 1616 fabricatas:
1287 1587 1352 1616 ca·

65 1632 148 1680 pite
177 1630 339 1680 quidam
367 1641 591 1670 conversos
619 1632 660 1670 in
698 1637 848 1672 terram:
873 1632 1147 1682 suspendere,
1187 1632 1254 1671 alii
1281 1643 1355 1682 per

66 1687 273 1726 0113606113
293 1686 465 1735 stipitem
486 1692 663 1735 egerunt,
687 1688 752 1726 alii
771 1685 944 1727 brachia'
951 1688 1130 1738 patibulo
1148 1689 1352 1737 explicue-

64 1747 170 1781 runt.
195 1743 314 1782 video
335 1742 531 1789 fidiculas,
549 1742 668 1782 video
689 1744 870 1782 verbera.
901 1749 939 1783 et
962 1743 1152 1783 membris
1182 1745 1352 1793 singulis

66 1804 105 1838 et
123 1797 301 1838 articulis
321 1798 481 1847 singula
508 1797 732 1838 docuerunt
749 1799 1085 1840 machinamenta:
1113 1804 1155 1839 at
1175 1801 1293 1840 video
1316 1805 1354 1840 et

65 1859 244 1893 mortem.
275 1858 367 1893 sunt
385 1854 475 1893 istic
494 1853 633 1893 hostes
654 1855 818 1904 cruenti,
847 1855 958 1895 cives
979 1855 1163 1905 superbi:
1192 1856 1267 1894 sed
1293 1855 1352 1894 vi—

66 1910 142 1949 deo
163 1909 252 1949 istic
272 1915 312 1949 et
330 1915 510 1949 mortem.
539 1910 626 1948 Non
647 1915 710 1950 est
724 1912 937 1950 molestum
954 1912 1117 1959 servire,
1139 1911 1209 1950 11111
1229 1911 1264 1950 31
1280 1911 1352 1951 do-

64 1965 159 2004 mini
178 1971 408 2015 pertaesum
423 1971 495 2013 est,
516 1965 608 2004 licet
622 1977 702 2005 uno
718 1967 843 2015 gradu
859 1967 910 2006 ad
930 1967 1152 2006 libertatem
1167 1967 1350 2007 transire.

65 2032 198 2060 caram
207 2026 258 2069 te,
276 2021 366 2070 vita,
383 2021 581 2061 beneficio
595 2022 732 2060 mortis
743 2022 884 2062 habeo.
908 2023 970 2062 Co
985 2023 1088 2071 gita
1109 2027 1349 2074 quantum
1368 2030 1391 2065 4

64 2076 182 2116 boni
202 2082 496 2127 opportuna
514 2088 652 2116 mors
673 2076 870 2125 habeat,
893 2089 1036 2127 quam
1054 2078 1227 2118 multis
1248 2079 1349 2118 diu-

66 2132 166 2173 tius
183 2133 387 2173 vixisse
409 2145 433 2172 n
447 2133 622 2173 ocueri
635 2137 658 2172 t.
690 2132 732 2171 Si
749 2133 817 2172 Cn.
832 2134 1079 2182 Pompeium,
1100 2134 1224 2173 decus
1241 2134 1349 2174 istud

63 2188 434 2239 firmamentumque
453 2189 621 2238 imperii,
639 2188 808 2238 Neapoli
825 2189 1002 2229 valitudo
1022 2189 1266 2237 abstulisset,
1286 2190 1347 2229 in·

65 2243 265 2284 dubitatus
301 2246 440 2295 populi
467 2245 638 2284 Romani
667 2245 857 2294 princeps
891 2250 1140 2285 excesserat:
1173 2250 1213 2286 31
1240 2257 1347 2285 1111116

65 2300 196 2350 exigui
214 2300 406 2351 temporis
434 2301 604 2341 adiectio
627 2301 786 2351 fastigio
806 2301 915 2341 illum
944 2312 1018 2343 suo
1045 2301 1209 2351 depulit.
1248 2301 1354 2342 vidit

1090 2359 1142 2399 9*
