1592 2580
300 184 367 224 DE
394 184 673 225 BENEFICIIS
702 185 798 225 LlB.
814 186 880 226 111.
913 191 1086 228 28—30.
1283 186 1336 228 53

57 295 295 334 sua-magno
315 286 443 333 gradu
461 286 615 325 transit.
664 285 827 325 Semina
845 287 1021 326 omnium
1034 297 1168 327 rerum
1186 298 1337 328 causae

57 345 149 381 sunt
171 347 209 379 et
234 346 364 379 tamen
384 341 569 380 minimae
590 347 725 391 partes
745 347 839 382 sunt
857 353 1014 391 eorum,
1038 346 1142 392 quae
1157 345 1335 393 gignunt.

54 397 233 445 Adspice
260 397 463 445 Rhenum,
502 398 672 446 adspice
703 398 954 448 Euphraten,
990 410 1130 438 omnes
1160 400 1336 450 denique

55 453 211 491 inclitos
239 463 398 491 amnes:
430 452 524 501 quid
547 458 660 501 sunt,
685 454 719 492 si
739 454 830 493 illos
850 454 929 493 illic
948 456 1058 494 unde
1079 455 1251 495 effluunt
1270 467 1336 495 ae-

55 509 221 548 stimes?
250 509 441 557 quicquid
462 513 525 547 est
546 521 626 557 quo
652 510 857 558 timentur,
889 522 968 559 quo
989 512 1266 561 nominantur,
1296 513 1334 550 in

56 574 253 612 processu
279 570 534 612 paraverunt.
561 567 617 614 ††
661 566 844 614 Adspice
864 566 1019 613 trabes,
1052 567 1138 606 sive
1160 568 1335 616 proceri·
1352 576 1374 610 5

38 624 170 660 *tatem
201 619 410 668 aestimes,
441 621 677 669 altissimas,
708 622 795 660 sive
816 623 1123 662 erassitudinem
1145 625 1336 672 spatium-

55 686 133 724 que
160 686 383 723 ramorum,
414 676 610 715 latissime
638 678 772 716 fusas:
811 679 1044 727 quantulum
1073 684 1136 718 est
1157 679 1220 719 his
1240 690 1337 719 con-

54 736 235 780 paratum
252 732 368 778 illud,
391 733 500 780 quod
516 732 632 770 radix
647 734 756 772 tenui
771 733 874 773 fibra
889 735 1181 784 conplectitur?
1205 736 1338 785 †tolle

52 787 250 825 radicem:
287 798 454 826 nemora
481 799 561 827 non
587 794 755 837 surgent
771 799 847 828 nec
865 790 962 829 tanti
984 795 1143 830 montes
1165 792 1337 831 vestien-

52 848 127 882 tur.
146 844 175 891 †
217 843 440 882 Innituntur
466 843 738 884 fundamentis
766 844 852 884 suis
882 847 1032 895 templa
1061 851 1100 886 et
1129 847 1197 886 illa
1224 847 1338 886 urbis

53 898 231 937 moenia:
264 903 394 937 tamen
425 910 530 948 quae
556 899 596 937 in
624 900 914 940 firmamentum
934 902 1056 941 totius
1078 903 1214 951 operis
1234 905 1339 943 iacta

54 958 166 1002 sunt,
196 955 329 993 latent.
372 955 482 993 Idem
504 955 542 994 in
564 956 708 995 ceteris
730 956 884 995 evenit:
917 958 1115 1008 principia
1137 970 1213 998 sua
1232 970 1335 998 sem-
1352 967 1375 1003 6

53 1021 128 1059 per
146 1020 322 1058 sequens
342 1011 574 1059 magnitudo
590 1011 743 1050 obruet.
774 1012 861 1051 Non
881 1013 1103 1062 potuissem
1123 1016 1339 1065 quicquam

54 1066 268 1114 consequi,
306 1066 383 1104 nisi
413 1071 621 1114 parentum
648 1067 889 1107 beneficium
917 1071 1228 1110 antecessisset:
1263 1071 1339 1110 sed

53 1132 134 1160 non
161 1121 253 1160 ideo
279 1122 474 1170 quicquid
500 1127 743 1162 consecutus
765 1134 875 1170 sum,
906 1124 1038 1163 minus
1061 1130 1123 1164 est
1146 1137 1216 1175 eo,
1248 1126 1338 1165 sine

53 1188 132 1226 quo
163 1182 406 1216 consecutus
434 1189 516 1217 non
543 1189 689 1217 essem.
738 1179 823 1218 Nisi
850 1190 913 1218 me
937 1181 1070 1219 nutrix
1091 1181 1260 1222 aluisset
1279 1182 1335 1221 in·
1353 1190 1374 1226 7

52 1233 218 1280 fantem,
245 1232 341 1271 nihil
361 1243 520 1282 eorum,
550 1245 655 1283 quae
675 1235 844 1275 consilio
866 1246 913 1274 ac
926 1247 1048 1275 manu
1064 1247 1182 1287 gero,
1204 1239 1339 1277 facere

52 1288 275 1337 potuissem
290 1299 364 1327 nec
380 1290 419 1327 in
436 1290 539 1328 hanc
555 1300 762 1339 emergere
777 1291 951 1330 nominis
967 1293 1197 1342 claritatem,
1216 1305 1338 1343 quam

51 1344 156 1385 civili
185 1355 231 1383 ae
257 1345 414 1384 militari
446 1345 643 1385 industria
670 1347 818 1386 merui:
854 1349 1051 1397 numquid
1085 1353 1216 1388 tamen
1242 1350 1336 1389 ideo

52 1400 234 1439 maximis
262 1400 453 1448 operibus
478 1404 684 1451 praeferes
705 1402 871 1442 nutricis
893 1404 1100 1443 officium?
1136 1411 1205 1444 aut
1225 1406 1336 1454 quic·
1355 1412 1357 1414 ’

53 1466 172 1504 quam
191 1456 374 1505 interest,
398 1467 488 1496 cum
504 1469 635 1507 aeque
649 1458 738 1497 sine
755 1459 879 1508 patris
895 1460 1092 1499 beneficio
1111 1472 1232 1510 quam
1248 1462 1336 1501 sine

52 1510 222 1549 nutricis
245 1523 324 1551 non
354 1514 532 1561 potueris
560 1514 612 1552 ad
639 1515 831 1554 ulteriora
858 1516 1109 1564 procedere?
1156 1517 1273 1565 Quod
1301 1518 1333 1557 si
1350 1520 1374 1555 8

53 1565 164 1604 initio
192 1577 281 1606 meo
303 1567 494 1617 quicquid
514 1569 591 1608 iarn
613 1581 781 1618 possum
802 1571 952 1620 debeo,
985 1573 1118 1621 cogita
1140 1584 1221 1612 non
1241 1584 1336 1612 esse

51 1621 203 1660 initium
222 1623 299 1661 mei
322 1629 491 1671 patrem,
521 1635 598 1663 nec
618 1636 736 1664 avum
756 1627 931 1675 quidem.
965 1638 1128 1677 semper
1141 1630 1246 1667 enim
1263 1630 1338 1669 erit

51 1678 216 1716 ulterius
237 1678 409 1728 aliquid,
440 1690 491 1718 ex
512 1691 592 1729 quo
614 1681 779 1730 originis
800 1683 1009 1731 proximae
1032 1685 1145 1733 origo
1166 1685 1335 1724 descen—

53 1733 139 1772 dat:
170 1735 279 1782 atqui
302 1745 419 1773 nemo
441 1735 546 1775 dicet
563 1746 628 1775 me
648 1737 740 1785 plus
756 1737 905 1776 debere
920 1739 1065 1787 ignotis
1082 1745 1121 1779 et
1135 1741 1239 1779 ultra
1254 1751 1335 1779 rne-

52 1789 215 1828 moriam
239 1791 382 1838 positis
402 1791 619 1830 maioribus
642 1804 762 1841 quam
783 1795 898 1842 patri.
929 1796 1021 1843 plus
1044 1801 1175 1835 autem
1192 1796 1335 1844 debeo,

53 1843 88 1883 si
115 1844 192 1884 hoc
219 1846 371 1896 ipsum,
411 1846 523 1896 quod
551 1849 687 1896 genuit
712 1859 776 1887 me
802 1853 917 1899 pater
944 1861 1078 1900 meus,
1115 1852 1335 1891 maioribus

54 1899 184 1939 debet

131 1955 251 1996 XXX.
282 1957 508 2007 „Quicquid
530 1959 707 2007 praestiti
727 1960 851 2009 patri,
877 1959 1033 2000 etiamsi
1055 1973 1241 2011 magnum
1262 1967 1335 2012 est,
1354 1971 1373 2004 l

53 2012 154 2050 infra
167 2013 484 2052 aestimationem
502 2015 658 2062 paterni
673 2016 850 2054 muneris
865 2021 946 2064 est,
972 2018 1067 2065 quia
1088 2028 1169 2056 non
1186 2028 1334 2065 essem,

53 2067 88 2106 si
102 2077 182 2106 non
198 2069 446 2116 genuisset.“
483 2069 564 2108 Isto
582 2070 703 2109 modo
722 2070 851 2116 etiam,
876 2072 908 2111 si
926 2072 1017 2120 quis
1035 2078 1187 2121 patrem
1202 2084 1335 2112 meum

53 2132 215 2170 aegrum
231 2134 279 2162 ac
294 2125 527 2164 moriturum
545 2126 766 2174 sanaverit,
791 2127 887 2165 nihil
899 2133 1111 2176 praestare
1126 2129 1161 2167 ei
1179 2133 1334 2178 potero,

55 2179 164 2226 quod
193 2190 272 2219 non
301 2181 499 2220 beneficio
530 2181 616 2220 eius
645 2182 777 2220 minus
798 2182 867 2224 sit:
899 2194 978 2222 non
1002 2184 1106 2221 enim
1126 2185 1334 2233 genuisset

9 2267 11 2270 Α
55 2243 118 2271 me
146 2239 276 2283 pater,
309 2237 386 2275 nisi
414 2243 579 2276 sanatus
609 2243 731 2276 esset.
780 2238 853 2276 sed
876 2238 985 2285 vide,
1009 2249 1060 2277 ne
1081 2240 1178 2279 illud
1196 2241 1332 2280 verius

56 2287 108 2327 sit
122 2291 339 2339 aestimari,
360 2303 411 2331 an
430 2292 471 2331 id
487 2293 597 2341 quod
618 2293 728 2341 potui
750 2297 788 2331 et
807 2293 847 2331 id
870 2294 981 2342 quod
1001 2295 1097 2343 feci,
1119 2306 1250 2335 meum
1270 2297 1332 2346 sit,

57 2354 231 2385 mearum
252 2347 414 2398 virium,
438 2359 552 2388 meae
571 2348 801 2389 voluntatis.
839 2349 940 2388 Illud
962 2351 1072 2398 quod
1093 2356 1210 2392 natus
1232 2363 1334 2401 sum,
1349 2360 1371 2394 2
