1592 2580
308 167 389 208 236
681 169 724 206 L.
752 167 939 207 ANNAEI
969 167 1193 208 SENECAE

307 270 432 315 illam,
463 277 565 317 quae
584 267 621 306 in
643 267 951 315 conflagratione
969 268 1113 307 nostris
1133 269 1281 317 placet,
1309 269 1384 308 huc
1404 279 1562 318 quoque

307 323 620 361 transferendam
648 327 763 370 puto:
800 322 885 360 sive
912 323 1041 362 anima
1070 327 1130 362 est
1150 324 1341 371 mundus,
1371 323 1456 362 sive
1476 335 1559 363 cor-

307 388 386 424 pus
405 382 546 416 natura
564 377 838 425 gubernabile,
866 382 910 415 ut
927 377 1091 415 arbores
1111 382 1150 416 et
1163 383 1267 425 sata,
1287 379 1336 416 ab
1353 378 1460 416 initio
1476 379 1562 417 eius

306 442 437 480 usque
463 432 515 470 ad
542 432 689 470 exitum
715 431 902 479 quicquid
926 431 1076 477 lacere,
1106 431 1293 480 quicquid
1311 433 1390 481 pati
1410 432 1562 479 debeat,

264 493 286 526 3
305 487 500 524 inclusum
526 490 599 524 est.
654 486 703 524 Ut
729 486 767 523 in
800 485 949 525 semine
977 485 1103 524 omnis
1137 486 1252 525 futuri
1275 486 1443 525 hominis
1462 487 1562 525 ratio

308 540 583 588 conprehensa
607 545 670 578 est
696 545 734 578 et
761 541 886 587 legem
913 540 1061 578 barbae
1093 550 1358 589 canor-umque
1389 542 1563 580 nondum

305 601 421 634 natus
440 595 570 633 infans
585 594 714 641 habet,
733 594 854 633 totius
870 594 972 632 enirn
990 595 1169 642 corporis
1186 599 1224 633 et
1238 596 1437 643 sequentis
1453 602 1563 635 actus

305 649 344 687 in
375 660 498 697 parvo
526 650 764 697 occultoque
791 648 1026 687 lineamenta
1055 655 1171 688 sunt:
1208 650 1266 687 sic
1294 650 1403 697 origo
1427 651 1562 688 mundi

305 715 385 742 non
404 705 532 742 minus
553 704 678 742 solem
699 709 736 742 et
755 703 887 741 lunam
905 707 944 742 et
963 704 1071 742 vices
1093 704 1264 742 siderum
1285 709 1323 742 et
1342 704 1563 743 animalium

307 763 417 797 ortus
447 769 564 807 quam
594 758 739 807 quibus
766 762 1007 796 mutarentur
1031 763 1188 796 terrena
1214 759 1414 797 continuit.
1443 759 1482 796 in
1502 759 1564 797 his

305 814 377 851 fuit
395 813 597 851 inundatio
608 842 618 860 ‚
651 822 751 861 quae
768 823 848 850 non
865 822 983 851 secus
999 823 1118 860 quam
1133 813 1257 850 hiems
1268 843 1277 860 ‚
1300 823 1417 861 quam
1432 818 1563 852 aestas

263 875 286 908 4
305 868 392 916 lege
419 868 556 906 mundi
575 867 692 906 venit.
740 867 877 915 Itaque
895 876 974 905 non
995 867 1128 915 pluvia
1147 866 1253 905 istud
1271 867 1358 915 fiet,
1386 867 1460 906 sed
1479 868 1563 916 plu-

307 922 369 960 via
397 932 576 970 quoque,
606 932 686 960 non
712 922 873 960 incursu
902 921 1041 969 maris,
1071 922 1142 959 sed
1172 921 1290 960 maris
1319 932 1478 971 quoque
1506 922 1562 960 inm

288 987 443 1023 ⁴cursu,
470 987 548 1015 non
568 981 696 1015 terrae
714 983 842 1023 motu,
867 976 939 1014 sed
954 981 1081 1015 terrae
1097 985 1258 1024 quoque
1274 981 1391 1015 motu.
1429 975 1565 1015 Omnia

303 1031 547 1069 adiuvabunt
571 1035 768 1077 naturam,
804 1035 847 1069 ut
878 1031 1090 1069 constituta
1122 1036 1283 1068 naturae
1316 1036 1563 1079 peragantur.

303 1085 513 1123 maximam
541 1090 670 1124 tamen
698 1095 859 1123 causam
885 1085 936 1123 ad
963 1095 1007 1124 se
1034 1085 1298 1123 inundantiam
1323 1091 1425 1124 terra
1445 1086 1563 1134 [ipsa]

304 1140 538 1187 praestabit,
569 1150 686 1188 quam
714 1139 885 1178 diximus
904 1150 996 1178 esse
1015 1139 1237 1177 mutabilem
1257 1144 1295 1178 et
1315 1140 1414 1178 solvi
1434 1141 1471 1178 in
1492 1141 1562 1178 hu-

264 1200 285 1232 5
305 1204 466 1232 morem.
514 1194 618 1242 Ergo
640 1194 973 1242 quandocumque
992 1195 1065 1232 erit
1085 1194 1270 1232 terminus
1290 1194 1408 1232 rebus
1428 1194 1563 1232 huma—

304 1249 386 1295 nis,
421 1258 510 1287 cum
538 1252 671 1297 partes
700 1248 784 1286 eius
812 1248 975 1286 interire·
995 1247 1202 1286 debuerint
1226 1248 1455 1296 abolerique
1477 1249 1563 1287 fun-

304 1304 409 1341 ditus
437 1308 562 1350 totae,
590 1307 634 1341 ut
655 1302 707 1340 de
727 1300 877 1349 integro
898 1307 1002 1340 totae
1020 1303 1141 1340 rudes
1161 1302 1426 1352 innoxiaeque
1445 1313 1563 1351 gene—

303 1362 437 1395 rentur
470 1367 544 1395 nee
577 1357 753 1405 supersit
783 1356 822 1394 in
855 1357 1051 1395 deteriora
1084 1362 1337 1405 praeceptor:
1374 1358 1463 1406 plus
1498 1358 1565 1395 fiet

303 1411 481 1450 humoris
510 1422 628 1460 quam
655 1421 814 1459 semper
841 1411 925 1449 fuit.
963 1421 1068 1449 nunc
1097 1411 1198 1448 enim
1225 1413 1415 1450 elementa
1443 1411 1492 1449 ad
1512 1412 1563 1458 id,

304 1466 415 1514 quod
443 1466 628 1513 debetur,
655 1476 782 1514 pensa
808 1471 918 1505 sunt:
955 1465 1101 1514 aliquid
1131 1470 1287 1514 oportet
1309 1465 1419 1504 alteri
1439 1467 1562 1512 cedat,

302 1526 346 1559 ut
374 1530 476 1569 quae
503 1520 734 1559 libramento
764 1526 885 1566 stant,
921 1519 1179 1568 inaequalitas
1212 1520 1366 1559 turbet:
1402 1521 1566 1558 accedet

302 1575 444 1614 humor
463 1574 628 1614 humori.
658 1585 762 1613 nunc
780 1575 882 1613 enim
904 1574 1043 1622 habet,
1065 1585 1143 1623 quo
1159 1573 1303 1613 ambiat
1317 1580 1460 1623 terras,
1482 1585 1562 1613 non

304 1641 384 1678 quo
413 1630 567 1669 obruat.
604 1629 793 1678 quicquid
823 1630 875 1667 illi
902 1624 1115 1676 adieceris,
1146 1639 1314 1668 necesse
1334 1629 1449 1668 estin
1471 1629 1562 1668 alie-

262 1689 285 1723 6
304 1695 396 1723 num
422 1686 553 1722 locum
575 1685 760 1722 exundet.
804 1684 908 1721 Vide
927 1693 1042 1731 ergo,
1069 1692 1118 1722 ne
1137 1689 1240 1722 terra
1258 1684 1402 1723 habeat
1421 1684 1562 1730 minus,

302 1744 346 1778 ut
371 1737 553 1777 validiori
578 1738 731 1776 infirma
759 1739 1001 1777 succumbat.
1031 1739 1189 1786 incipiet
1207 1748 1302 1786 ergo
1323 1744 1561 1786 putrescere,

303 1793 447 1832 dehinc
475 1793 605 1830 laxata
631 1793 688 1831 ire
715 1793 755 1830 in
783 1793 986 1832 humorem
1013 1797 1052 1831 et
1075 1793 1244 1831 adsidua
1263 1793 1352 1831 tabe
1372 1792 1561 1831 defluere.

302 1854 395 1887 tunc
413 1848 597 1886 exsilient
616 1847 690 1886 sub
711 1846 908 1886 montibus
929 1847 1091 1886 flumina
1107 1844 1301 1896 ipsosque
1315 1847 1449 1896 inpetu
1465 1857 1563 1895 qua-

260 1907 282 1942 7
301 1902 414 1941 tient:
443 1901 535 1940 inde
554 1911 651 1939 aura
668 1906 770 1939 tacta
785 1902 1009 1940 manabunt.
1055 1901 1190 1941 Solum
1205 1911 1320 1941 omne
1335 1911 1458 1949 aquas
1472 1902 1561 1939 red-

303 1957 388 2003 det,
419 1955 560 1994 summi
587 1956 802 1995 scaturient
829 1961 995 1994 montes.
1040 1956 1141 1995 sicut
1166 1957 1203 1995 in
1232 1955 1408 1995 morbum
1435 1960 1560 1993 trans-

301 2015 396 2050 eunt
415 2020 514 2049 sana
532 2015 571 2048 et
588 2010 711 2049 ulceri
729 2010 859 2049 vicina
879 2011 1146 2059 consentiunt,
1173 2016 1216 2062 vut
1232 2020 1412 2058 quaeque
1429 2010 1560 2057 proxi-

300 2076 366 2104 ma
382 2066 498 2104 terris
519 2064 732 2103 fluentibus
749 2064 910 2111 fuerint,
940 2065 1130 2113 ementur,
1151 2065 1349 2104 stillabunt
1363 2069 1401 2102 et
1416 2064 1560 2102 deinde

302 2124 460 2159 current
483 2124 523 2158 et
541 2119 673 2158 hiante
693 2119 871 2166 pluribus
895 2120 994 2158 locis
1016 2130 1115 2158 saxo
1139 2130 1210 2168 par
1231 2119 1370 2157 fretum
1391 2118 1504 2156 saliet
1522 2123 1562 2156 et

300 2174 425 2212 maria
450 2174 551 2213 inter
576 2183 622 2212 se
646 2178 857 2221 conponet.
895 2175 991 2212 nihil
1019 2179 1130 2212 erunt
1153 2171 1294 2220 Adria,
1325 2172 1418 2211 nihil
1439 2172 1560 2211 Siculi

301 2229 420 2266 maris
447 2229 604 2275 fauces,
635 2227 728 2266 nihil
757 2228 998 2278 Charybdis,
1028 2227 1120 2266 nihil
1144 2227 1299 2277 Scylla:
1330 2237 1465 2266 omnes
1489 2237 1559 2265 no·

301 2294 393 2321 vum
415 2293 523 2322 mare
545 2282 698 2322 fabulas
719 2282 858 2322 Obruet
877 2287 916 2321 et
936 2283 1018 2331 hic,
1045 2283 1111 2331 qui
1133 2287 1255 2321 terras
1276 2281 1412 2330 cingit,
1442 2291 1559 2322 ocea-
