1592 2580
314 145 499 186 NATUR.
521 144 733 195 QUAEST.
762 146 858 188 LIB.
874 147 924 188 V.
953 152 1082 191 3—-8,
1260 150 1344 193 259

139 248 208 288 VI.
240 248 300 289 De
319 258 427 298 aqua
446 247 565 287 dico?
592 247 716 297 ignis,
738 248 805 297 qui
826 247 959 288 omnia
974 248 1192 300 consumit,
1217 262 1343 302 quae-

58 303 150 343 dam
178 309 303 353 creat,
334 309 374 344 et
393 304 504 353 quod
524 304 649 343 videri
671 315 751 343 non
773 310 908 353 potest
927 305 1056 344 simile
1075 307 1178 355 veri,
1206 312 1341 348 tamen

55 371 197 400 verum
223 364 304 408 est,
333 359 520 399 animalia
546 359 638 409 igne
664 360 860 408 generari.
900 360 1031 401 Habet
1052 372 1147 411 ergo
1169 362 1247 402 vim
1268 363 1338 403 ali·

57 427 177 466 quam
203 415 321 455 talem
341 426 412 454 aer
429 420 469 454 et
486 415 577 455 ideo
598 416 719 455 modo
740 416 893 465 spissat
911 427 977 466 se,
1005 418 1127 457 modo
1147 420 1340 468 expandit

56 481 103 511 se
127 476 167 511 et
189 475 336 520 purgat
362 476 402 510 et
426 471 526 510 alias
555 471 771 520 contrahit,
800 472 952 512 diducit
980 483 1028 512 ac
1058 474 1203 514 differt.
1250 475 1339 515 Hoc

54 537 150 576 ergo
177 528 344 566 interest
368 527 470 566 inter
495 529 590 566 aera
617 531 657 566 et
683 533 864 576 ventum,
895 529 1006 577 quod
1026 529 1128 568 inter
1146 531 1277 569 lacum
1299 536 1340 570 et

52 581 214 622 flumen.
269 582 498 632 Aliquando
528 593 601 632 per
627 593 673 622 se
699 583 789 632 ipse
813 585 875 622 sol
896 594 1021 623 causa
1039 585 1148 624 venti
1167 591 1230 626 est
1249 586 1336 626 fun-

52 637 153 678 dens
172 639 366 687 rigentem
386 641 479 676 acra
499 643 539 678 et
557 649 608 677 ex
627 639 753 678 denso
775 644 1000 689 coactoque
1021 639 1244 690 explicans.

133 695 219 732 VII.
248 695 301 733 In
326 694 619 734 universum
649 694 708 733 de
736 694 904 734 ventis
934 694 1176 744 diximus,
1207 705 1373 739 nuncl

48 749 242 788 viritim
277 750 587 798 incipiamus
617 750 738 790 illos
768 755 1032 790 excutere:
1070 752 1245 791 fortasse
1265 753 1335 792 ad-

49 806 207 854 parebit
233 806 574 854 quemadmodum
600 805 716 855 fiant,
753 806 787 846 si
815 806 1064 856 adparuerit,
1105 808 1266 856 quando
1297 814 1336 848 et

47 861 159 900 unde
189 862 422 910 procedant.
476 861 688 900 Primum
716 872 836 910 ergo
870 863 1211 903 antelucanos
1240 864 1336 902 fla-

48 922 128 956 tus
163 917 520 966 inspiciamus,
559 917 628 966 qui
655 922 723 957 aut
749 928 801 956 ex
829 917 1061 957 fluminibus
1082 923 1150 958 aut
1168 930 1220 958 ex
1237 930 1332 958 con-

48 973 219 1012 vallibus
248 978 316 1012 aut
343 983 394 1011 ex
420 973 554 1022 aliquo
583 973 674 1011 sinu
693 974 884 1012 seruntur.
928 973 1068 1013 Nullus
1089 985 1140 1013 ex
1159 974 1222 1014 his
1242 985 1331 1024 per-
1347 980 1370 1014 2

46 1028 158 1068 tinax
189 1033 269 1076 est,
310 1029 385 1068 sed
413 1029 520 1067 cadit
547 1028 711 1068 fortiore
733 1028 811 1067 iam
833 1030 921 1068 sole
941 1039 1016 1068 nec
1037 1030 1112 1068 sert
1134 1031 1238 1069 ultra
1255 1036 1331 1070 ter—

0 1089 1 1100 *
46 1094 180 1123 rarum
202 1089 477 1134 conspectum.
520 1084 609 1123 Hoc
626 1089 833 1123 ventorum
849 1094 978 1133 genus
993 1085 1132 1134 incipit
1146 1096 1242 1124 vere
1257 1096 1332 1125 nec

47 1140 151 1179 ultra
180 1145 369 1179 aestatem
393 1140 510 1178 durat
527 1145 566 1178 et
592 1139 684 1178 inde
706 1140 879 1178 maxime
896 1139 1025 1188 venit,
1051 1141 1119 1179 ubi
1138 1152 1333 1190 aquarum

46 1195 260 1244 plurimum
270 1202 319 1238 ,et
337 1196 525 1235 montium
547 1199 619 1234 est.
650 1195 770 1244 plana
788 1196 881 1233 licet
896 1195 1101 1235 abundent
1115 1197 1246 1245 aquis,
1266 1206 1331 1236 ca-

45 1256 134 1291 rent
153 1262 269 1301 aura‚
299 1251 375 1290 hac
396 1251 508 1298 dico,
541 1261 644 1299 quae
664 1261 739 1299 pro
761 1256 881 1290 vento
902 1252 1020 1290 valet.

127 1308 232 1346 VIII.
271 1306 563 1355 „Quomodo
599 1316 695 1355 ergo
733 1306 856 1345 talis
896 1307 1055 1346 flatus
1099 1306 1368 1356 concipi—1

45 1368 143 1410 tur,
175 1373 318 1412 quem
341 1361 516 1401 Graeci
543 1362 827 1410 encolpiam
851 1364 1093 1401 vocant2‘⁴
1132 1362 1332 1412 Quicquid

46 1428 98 1456 ex
125 1428 170 1456 se
200 1418 368 1467 paludes
398 1422 436 1457 et
456 1417 622 1455 flumina
641 1418 863 1465 remittunt,
892 1417 932 1455 id
956 1422 1086 1456 autem
1107 1423 1147 1456 et
1165 1419 1330 1458 multum

46 1478 108 1512 est
127 1478 167 1512 et
182 1474 414 1520 adsiduum,
444 1483 514 1521 per
532 1471 636 1511 diem
652 1473 752 1511 solis
769 1472 998 1513 alimentum
1013 1477 1086 1511 est.
1116 1479 1233 1511 nocte
1249 1484 1330 1512 non

46 1529 279 1567 exhauritur
306 1534 346 1568 et
373 1528 574 1567 montibus
603 1529 800 1566 inclusum
824 1528 862 1566 in
883 1539 1001 1566 unam
1020 1529 1225 1577 regionem
1247 1530 1328 1569 col-

45 1584 190 1633 ligitur.
220 1595 308 1623 cum
328 1585 434 1623 illam
453 1583 619 1632 inplevit
639 1589 678 1622 et
696 1584 775 1622 iam
795 1594 840 1622 se
860 1595 938 1622 non
957 1584 1075 1632 capit,
1096 1584 1330 1633 exprimitur

47 1640 183 1689 aliquo
211 1646 251 1679 et
277 1640 316 1678 in
342 1650 462 1679 unam
488 1644 638 1688 partem
662 1639 865 1688 procedit:
895 1638 960 1677 hic
978 1644 1122 1679 ventus
1145 1645 1218 1679 est.
1256 1640 1326 1679 ita-

47 1706 127 1744 que
155 1706 204 1735 eo
231 1696 438 1742 incumbit,
470 1706 550 1743 quo
577 1695 738 1734 liberior
765 1694 895 1733 exitus
917 1694 1057 1733 invitat
1076 1700 1114 1734 et
1131 1695 1209 1734 loci
1228 1695 1327 1734 laxi-

46 1756 128 1799 tas,
159 1752 198 1790 in
219 1763 339 1801 quam
359 1756 596 1790 coacervata
617 1751 840 1788 decurrant.
884 1750 1013 1789 Huius
1039 1751 1097 1788 rei
1117 1761 1326 1799 argumen-
1342 1759 1364 1792 2

45 1812 127 1846 tum
148 1811 228 1854 est,
255 1807 364 1856 quod
385 1807 511 1855 prIma
530 1806 659 1844 noctis
682 1810 792 1854 parte
808 1816 886 1844 non
906 1806 1050 1855 spirat,
1070 1805 1209 1855 incipit
1222 1807 1328 1845 enim

46 1863 132 1901 fieri
159 1864 226 1901 illa
248 1862 450 1909 collectio,
485 1871 590 1910 quae
609 1862 716 1899 circa
736 1862 865 1900 lucem
885 1861 962 1899 iam
982 1862 1100 1910 plena
1120 1866 1192 1900 est.
1231 1873 1326 1901 one-

45 1923 131 1957 rata
157 1919 329 1968 quaerit,
368 1927 448 1966 quo
478 1917 648 1964 defluat,
685 1921 725 1955 et
751 1927 800 1955 eo
836 1916 1087 1965 potissimum
1120 1917 1220 1964 exit,
1258 1918 1327 1956 ubi

46 1975 258 2022 plurimum
277 1973 393 2013 vacui
414 1978 475 2012 est
490 1977 528 2012 et
542 1983 687 2020 magna
701 1982 749 2010 ac
764 1977 907 2020 patens
923 1983 1029 2011 area.
1059 1972 1180 2012 adicit
1193 1980 1326 2012 autem

47 2029 84 2067 ei
110 2030 294 2070 stimulos
323 2034 432 2068 ortus
459 2029 557 2067 solis
584 2028 732 2067 feriens
759 2027 933 2076 gelidum
953 2029 1058 2067 aera.
1096 2038 1188 2067 nam
1207 2029 1325 2068 etiam

47 2089 259 2135 antequam
278 2086 490 2134 adpareat,
517 2083 664 2122 lumine
684 2083 775 2132 ipso
795 2084 902 2122 valet
917 2089 955 2123 et
970 2083 1146 2122 nondum
1164 2085 1325 2133 quidem

46 2140 170 2180 radiis
187 2145 281 2181 aera
296 2141 468 2190 inpellit,
489 2140 566 2178 iam
581 2144 712 2178 tamen
728 2139 890 2178 lacessit
905 2144 943 2178 et
957 2138 1090 2179 inritat
1102 2140 1192 2178 luce
1209 2150 1323 2188 prae-

48 2196 192 2236 missa:
220 2208 312 2236 nam
339 2208 429 2236 cum
448 2196 537 2245 ipse
558 2194 776 2244 processit,
803 2194 880 2233 alia
900 2195 1086 2243 superius
1105 2195 1322 2243 rapiuntur,
1337 2203 1360 2238 3

49 2250 126 2290 alia
154 2252 424 2293 distrahuntur
450 2257 609 2300 tepore:
645 2251 737 2289 ideo
766 2261 848 2288 non
874 2251 978 2289 ultra
996 2250 1224 2289 matutinum
1245 2251 1322 2290 illis

49 2306 165 2347 datur
183 2307 319 2349 nuere.
349 2308 478 2349 omnis
499 2307 656 2347 illorum
673 2305 736 2346 vis
757 2311 978 2355 conspectu
991 2306 1090 2346 solis
1106 2306 1320 2356 exstingui—

1035 2367 1079 2404 17
1090 2362 1111 2388 *
