1592 2580
264 157 342 197 112
630 158 672 195 L.
701 157 889 196 ANNAEI
917 156 1162 196 SENECAE·

262 264 338 304 ret,
362 268 434 296 nec
453 257 558 296 utilis
578 261 617 296 et
636 256 805 296 salubris
827 257 958 296 cibus:
984 267 1075 295 nam
1095 258 1160 305 qui
1179 257 1412 296 beneficium
1432 257 1525 297 mihi

263 314 426 350 daturus
447 317 526 358 est,
557 312 676 350 debet
693 323 774 351 non
792 316 941 350 tantum
962 313 1176 359 prodesse,
1196 312 1270 349 sed
1288 313 1401 350 velle.
1429 311 1524 350 Ideo

262 377 335 404 nec
354 367 469 405 mutis
489 365 722 404 animalibus
745 367 956 414 quicquam
975 366 1158 405 debetur:
1188 370 1226 403 et
1246 377 1362 414 quam
1382 366 1525 404 multos

262 430 284 458 e
306 420 482 469 periculo
501 421 692 459 velocitas
715 421 807 468 equi
826 419 982 468 rapuit?
1000 430 1082 458 ‘nec
1097 420 1324 458 arboribus:
1355 425 1393 459 et
1407 430 1523 468 quam

224 477 405 514 4muttos
434 480 548 514 aestu
574 475 801 513 laborantes
831 484 1029 512 ramorum
1056 475 1232 522 opacitas
1260 474 1381 512 texit?
1425 475 1525 521 Quid

215 531 219 534 ”
262 535 391 568 autem
418 530 599 576 interest,
634 534 766 567 utrum
792 528 886 566 mihi
913 527 980 577 qui
1005 530 1131 567 nescit
1157 529 1347 577 profuerit
1379 539 1428 566 an
1458 529 1524 576 qui

263 585 366 622 scire
385 595 463 622 non
483 585 626 632 potuit,
649 594 737 622 cum
756 584 910 631 utrique
930 584 1031 621 velle
1049 583 1240 621 defuerit?
1278 583 1375 629 Quid
1395 587 1524 621 autem

262 639 441 684 interest,
472 643 600 677 utrum
629 648 690 676 me
719 637 857 676 iubeas
886 637 977 676 navi
994 643 1061 676 aut
1078 637 1260 675 vehiculo
1281 642 1347 675 aut
1364 637 1526 674 lanceae

262 693 408 731 debere
427 693 684 740 beneficium,
705 703 754 730 an
774 692 810 730 ei
831 693 896 740 qui
912 701 1040 740 aeque
1056 702 1172 739 quam
1187 691 1263 729 ista
1278 691 1525 739 propositum

260 747 535 788 benefaciendi
555 747 704 785 nullum
722 746 876 794 habuit,
906 746 979 784 sed
1002 746 1148 794 profuit
1168 749 1291 784 casu?

226 810 243 842 1
341 802 445 841 VIII.
474 801 716 839 Beneficium
735 799 876 848 aliquis
894 801 1077 839 nesciens
1099 799 1259 848 accipit,
1287 809 1402 838 nemo
1420 809 1443 837 a
1457 809 1523 837 ne-

262 857 423 894 sciente.
472 855 678 903 Quomodo
694 857 837 894 multos
857 855 1018 893 fortuita
1038 859 1178 893 sanant
1198 864 1270 892 nec
1291 854 1381 892 ideo
1400 863 1524 891 reme-

262 911 326 948 dia
341 915 450 949 sunt:
473 916 511 949 et
526 911 565 948 in
581 910 727 949 flumen
745 909 859 948 alicui
875 905 1070 948 cecidisse
1085 908 1231 957 frigore
1245 919 1387 956 magno
1404 918 1526 946 causa

262 966 440 1004 sanitatis
456 965 538 1004 fuit.
566 965 766 1013 quomodo
780 963 1039 1012 quorumdam
1055 963 1222 1011 flagellis
1239 968 1429 1010 quartana
1445 962 1523 1000 dis-

262 1030 382 1058 cussa
409 1024 469 1057 est
495 1024 534 1058 et
565 1025 694 1057 metus
721 1019 950 1067 repentinus
979 1018 1150 1056 animum
1177 1019 1215 1056 in
1246 1017 1361 1056 aliam
1391 1027 1524 1055 curam

261 1074 477 1112 avertendo
506 1078 715 1121 suspectas
743 1073 862 1111 horas
891 1073 1049 1119 fefellit,
1088 1082 1162 1110 nec
1193 1072 1282 1110 ideo
1313 1071 1523 1120 quicquam

259 1128 420 1175 horum,
450 1127 603 1166 etiamsi
631 1127 747 1166 saluti
772 1127 863 1173 fuit,
894 1127 1065 1165 salutare
1085 1131 1164 1164 est:
1195 1127 1252 1164 sic
1275 1125 1433 1174 quidam
1452 1135 1522 1163 no-

260 1182 322 1221 bis
343 1187 530 1230 prosunt,
560 1182 652 1220 dum
674 1182 830 1228 nolunt,
856 1181 974 1219 immo
995 1181 1088 1228 quia
1107 1180 1255 1220 nolunt.
1295 1190 1375 1229 nen
1393 1180 1522 1218 tamen

260 1237 350 1274 ideo
379 1236 455 1274 illis
483 1235 719 1274 benefiCIum
747 1236 956 1282 debemus,
988 1236 1096 1284 quod
1117 1235 1342 1283 perniciosa
1366 1234 1519 1272 iliorum

224 1293 245 1326 2
261 1290 427 1329 consilia
452 1291 609 1329 fortuna
628 1289 790 1328 deflexit
807 1291 847 1327 in
865 1290 1019 1328 melius.
1065 1292 1128 1326 An
1149 1290 1352 1328 existimas
1371 1298 1434 1326 nie
1454 1288 1521 1326 de-

260 1346 354 1383 bere
373 1346 406 1383 ei
429 1346 661 1394 quicquam,
691 1345 802 1382 cuius
822 1354 963 1382 manus
985 1355 1070 1382 cum
1092 1354 1155 1381 me
1172 1348 1338 1392 peteret,
1360 1352 1520 1390 percus-

260 1400 311 1438 sit
338 1400 492 1438 hostem
519 1409 667 1444 meum,
699 1399 766 1446 qui
790 1397 1014 1446 nocuisset,
1035 1398 1119 1438 ,nisi
1148 1401 1347 1437 errasset?
1392 1395 1522 1444 Saepe

259 1455 384 1493 hostis
405 1454 497 1492 dum
520 1458 656 1501 aperte
679 1453 851 1501 peierat,
872 1453 988 1491 etiam
1009 1452 1113 1490 veris
1133 1452 1300 1491 testibus
1319 1451 1523 1498 abrogavit

259 1509 379 1546 fidem
407 1514 445 1547 et
472 1518 583 1546 reum
610 1509 717 1546 velut
744 1506 914 1546 factione
934 1507 1239 1546 circumventum
1259 1505 1521 1544 miserabilem

221 1569 243 1602 3
259 1564 442 1601 reddidit.
491 1562 693 1610 Quosdam
725 1562 814 1609 ipsa
835 1571 938 1610 quae
955 1561 1159 1609 premebat
1177 1561 1351 1609 potentia
1366 1559 1518 1607 eripuit,

259 1622 298 1655 et
324 1617 476 1656 iudices
504 1627 622 1666 quem
648 1617 867 1654 damnaturi
890 1621 1000 1654 erant
1021 1625 1162 1664 causa,
1192 1617 1376 1653 damnare
1396 1614 1520 1662 gratia

258 1674 479 1710 noluerunt.
508 1682 588 1710 non
606 1676 736 1709 tamen
754 1670 794 1708 hi
811 1680 882 1709 reo
901 1670 1135 1709 beneficium
1153 1670 1363 1717 dederunt,
1384 1678 1518 1716 quam-

258 1728 318 1764 vis
338 1727 576 1774 profuerint,
605 1726 697 1773 quia
715 1725 834 1763 telum
858 1735 936 1773 quo
956 1726 1121 1763 missum
1140 1725 1208 1771 sit,
1238 1734 1317 1762 non
1333 1734 1409 1771 quo
1431 1733 1518 1770 per-

257 1780 410 1819 venerit
439 1780 640 1829 quaeritur
667 1784 705 1818 et
731 1778 966 1818 beneficium
993 1779 1042 1817 ab
1061 1779 1201 1817 iniuria
1221 1778 1421 1826 distinguit
1439 1786 1515 1814 non

222 1838 243 1871 4
258 1840 442 1882 eventus,
472 1834 545 1873 sed
565 1835 732 1872 animus.
773 1833 1039 1872 Adversarius
1054 1844 1187 1879 meus,
1216 1834 1308 1870 dum
1327 1831 1518 1870 contraria

258 1889 352 1928 dicit
377 1894 416 1927 et
442 1889 612 1928 iudicem
639 1888 825 1936 superbia
852 1888 1016 1927 offendit
1040 1893 1079 1926 et
1097 1889 1135 1926 in
1155 1897 1274 1926 unum
1293 1891 1431 1924 testem
1452 1886 1516 1930 [de

258 1948 334 1991 me]
361 1943 654 1990 remdemittit,
685 1953 845 1981 causam
872 1953 999 1980 meam
1029 1943 1164 1981 erexit.
1199 1951 1278 1980 non
1298 1949 1443 1988 quaero
1468 1949 1514 1976 an

259 2009 329 2047 pro
350 2008 412 2036 me
432 1998 638 2036 erraverit:
667 2002 804 2036 eontra
822 2007 884 2034 me
905 1996 1038 2036 voluit.

222 2063 240 2094 1
277 2080 281 2081 ν
337 2053 401 2091 IX.
437 2053 588 2101 Nempe
611 2055 655 2090 ut
680 2051 813 2100 gratus
843 2051 939 2099 sim,
974 2052 1075 2089 velle
1101 2050 1226 2088 debeo
1254 2048 1357 2086 idem
1386 2048 1515 2085 facere

259 2108 366 2154 quod
393 2107 477 2153 ille,
511 2112 554 2145 ut
579 2106 812 2144 beneficium
838 2106 967 2151 daret,
987 2103 1148 2143 debuit.
1202 2103 1301 2140 Num
1330 2102 1423 2149 quid
1457 2107 1516 2138 est

258 2161 431 2208 iniquius
459 2161 638 2207 homine,
667 2161 734 2208 qui
763 2171 852 2198 eum
882 2160 981 2207 odit,
1009 2168 1129 2206 aquo
1150 2158 1189 2195 in
1209 2157 1322 2195 turba
1341 2156 1514 2194 calcatus

259 2219 325 2252 aut
343 2226 554 2263 respersus
575 2220 641 2253 aut
657 2211 736 2262 quo
757 2215 878 2253 nollet
894 2213 1072 2262 inpulsus
1092 2216 1178 2250 est?
1213 2211 1321 2259 atqui
1342 2210 1436 2259 quid
1455 2214 1515 2247 est

260 2268 385 2317 aliud,
414 2271 522 2319 quod
547 2269 654 2308 illum
675 2266 1041 2318 queretwe‘eximat‚
1069 2276 1155 2307 cum
1175 2266 1212 2305 in
1232 2276 1275 2304 re
1295 2266 1344 2304 sit
1364 2263 1511 2309 iniuria,
