1598 2606
350 140 417 179 DE
442 139 723 179 BENEFICIIS
752 139 927 188 LIB.III.
961 144 1089 181 7—9.
1291 138 1344 179 41

147 241 249 281 VIII.
269 241 408 290 Itaque
423 252 502 281 non
523 240 623 279 haec
645 251 783 289 parum
800 240 946 280 idonea
963 251 1030 278 res
1045 239 1134 278 visa
1149 244 1225 288 est,
1241 250 1347 289 quae
1369 248 1388 283 1

70 297 334 338 deduceretur
355 297 406 335 ad
424 297 616 344 iudicem,
638 296 712 335 sed
734 307 849 336 nemo
869 295 962 335 huic
982 296 1039 334 rei
1060 294 1158 340 satis
1173 296 1345 336 idoneus

69 353 189 393 iudex
207 351 394 392 inventus
414 358 487 392 est.
517 353 626 400 quod
647 363 727 391 non
743 351 1024 398 admiraberis,
1046 351 1081 391 si
1101 351 1345 400 excusseris,

69 408 164 458 quid
190 408 397 447 habiturus
427 408 546 447 fuerit
578 408 832 452 difficultatis,
857 407 1042 458 quisquis
1077 407 1115 446 in
1146 406 1346 447 eiusmodi

66 475 177 503 reum
197 465 361 503 exisset.
410 464 585 503 Donavit
611 463 758 513 aliquis
788 474 971 513 magnam
1006 463 1240 513 pecuniam,
1272 464 1345 502 sed
1364 470 1386 504 2

67 519 200 568 dives,
231 520 304 559 sed
327 531 406 560 non
425 530 619 559 sensurus
647 520 891 570 inpendium.
938 518 1104 559 donavit
1123 519 1246 567 alius,
1272 519 1347 558 sed

66 580 148 615 toto
170 576 408 625 patrimonio
430 586 634 615 cessurus.
665 587 821 615 summa
840 575 981 615 eadem
1001 579 1084 622 est,
1103 575 1345 615 beneficium

0 625 1 635 ¹
64 631 170 670 idem
189 641 270 670 non
291 636 364 670 est.
411 630 648 670 Etiamnunc
672 632 806 670 adice.
843 631 908 671 hic
935 630 1146 680 pecuniam
1173 642 1247 681 pro
1276 631 1344 669 ad-

65 679 171 728 dicto
192 686 404 736 dependit,
437 687 510 726 sed
531 698 620 727 eum
640 689 744 726 illam
765 687 886 727 domo
910 686 1155 736 protulisset.
1190 687 1256 726 ille
1276 687 1345 725 de-

64 742 122 782 dit
139 743 344 791 eamdem,
374 743 449 782 sed
464 748 639 782 mutuam
660 742 832 792 sumpsit
850 748 918 782 aut
942 743 1100 792 rogavit
1118 749 1157 783 et
1179 753 1226 782 se
1247 741 1344 782 obli-

64 798 148 846 gari
182 798 330 847 ingenti
365 799 505 838 merito
542 810 689 848 passus
716 804 796 838 est:
835 799 979 838 eodem
1013 799 1221 838 existimas
1251 799 1344 838 loco

65 854 298 902 essentum,
333 855 400 904 qui
420 854 659 894 beneficium
679 866 730 893 ex
749 853 855 894 facili
881 854 1048 903 largitus
1069 859 1142 902 est,
1167 859 1206 893 et
1224 854 1345 902 hunc,

66 909 135 958 qui
162 910 319 959 accepit
348 915 391 949 ut
424 910 565 950 daret?
609 912 806 959 Tempore
835 910 1034 959 quaedam
1061 921 1207 959 magna
1232 910 1344 958 fiunt,
1364 911 1386 946 3

64 976 143 1003 non
160 976 335 1005 summat
369 965 606 1008 beneficium
631 971 692 1006 est
712 967 860 1006 donata
881 966 1106 1015 possessio,
1132 965 1245 1005 cuius
1268 966 1345 1004 fer-

62 1021 180 1060 tilitas
201 1022 338 1060 laxare
359 1022 489 1070 possit
508 1033 727 1070 annonam,
752 1022 991 1061 beneficium
1013 1026 1075 1060 est
1093 1033 1205 1061 unus
1225 1022 1262 1060 in
1289 1022 1344 1060 fa-

63 1087 126 1115 me
144 1076 271 1126 panis.
310 1077 548 1116 beneficium
568 1083 631 1117 est
647 1077 799 1116 donare
818 1077 1020 1126 regiones,
1044 1088 1118 1126 per
1139 1089 1241 1126 quas
1263 1089 1344 1116 ma-

61 1143 140 1181 gna
159 1132 322 1172 flumina
336 1137 375 1171 et
389 1132 630 1182 navigabilia
645 1133 871 1181 decurrant,
893 1132 1133 1172 beneficium
1154 1138 1216 1173 est
1229 1144 1344 1173 aren-

61 1188 167 1227 tibus
192 1189 257 1228 siti
290 1194 330 1228 et
358 1189 424 1229 vix
460 1189 641 1238 spiritum
671 1200 744 1238 per
772 1189 904 1228 siccas
933 1190 1072 1228 fauces
1105 1189 1345 1230 ducentibus

61 1247 286 1283 monstrare
304 1245 468 1283 fontem.
517 1245 613 1293 Quis
641 1245 744 1283 inter
771 1255 816 1284 se
844 1244 922 1284 ista
951 1245 1216 1294 conparabit?
1253 1246 1344 1295 quis

60 1300 290 1348 expendet?
318 1300 493 1339 difficilis
514 1306 576 1340 est
595 1301 803 1348 sententia,
825 1312 928 1351 quae
949 1312 1030 1340 non
1045 1311 1148 1348 rem,
1171 1302 1245 1341 sed
1265 1302 1342 1341 vim

61 1355 120 1393 rei
142 1356 309 1404 quaerit.
350 1356 490 1395 eadem
511 1356 604 1396 licet
623 1356 721 1402 sint,
755 1357 868 1395 aliter
890 1357 985 1396 data
1012 1368 1093 1396 non
1117 1357 1223 1396 idem
1246 1368 1357 1407 pen-¹

62 1411 169 1450 dent.
213 1412 332 1451 Dedit
360 1411 455 1450 mihi
482 1412 546 1450 hie
566 1412 826 1460 beneficium,
857 1412 932 1451 sed
950 1423 1031 1452 non
1051 1413 1240 1461 libenter,
1269 1414 1343 1452 sed
1362 1416 1385 1452 4

62 1465 226 1504 dedisse
245 1477 290 1505 se
312 1471 478 1515 questus
499 1472 581 1515 est,
613 1469 683 1506 sed
717 1468 934 1517 superbius
963 1479 1028 1507 me
1047 1479 1165 1518 quam
1187 1469 1344 1508 solebat

61 1522 239 1570 aspexit,
261 1521 336 1560 sed
354 1528 435 1561 tam
454 1523 567 1562 tarde
587 1524 713 1571 dedit,
734 1529 779 1563 ut
799 1525 888 1573 plus
912 1529 1190 1573 praestaturus
1213 1525 1341 1573 fuerit,

17 1592 19 1597 ·
61 1576 97 1614 si
131 1577 208 1617 cito
238 1573 447 1626 negasset:
476 1578 616 1617 horum
647 1580 851 1627 quomodo
879 1580 1003 1619 iudex
1025 1580 1138 1619 inibit
1156 1582 1341 1621 aestima-

60 1632 229 1680 tionem,
260 1643 350 1671 eum
373 1644 507 1672 sermo
529 1638 568 1673 et
587 1635 780 1675 dubitatio
811 1640 850 1675 et
867 1637 1000 1676 voltus
1028 1635 1157 1676 meriti
1175 1637 1341 1686 gratiam

63 1688 302 1728 destruant?

141 1744 206 1783 IX.
223 1743 326 1792 Quid
345 1745 455 1793 quod
471 1745 667 1793 quaedam
682 1746 879 1786 beneficia
893 1754 1098 1796 vocantur,
1118 1748 1212 1797 quia
1226 1748 1343 1788 nimis
1365 1754 1384 1787 1

61 1800 421 1849 concupiscuntur,
450 1801 648 1849 quaedam
666 1813 747 1842 non
769 1807 862 1843 sunt
881 1813 931 1842 ex
958 1803 1035 1843 hae
1054 1804 1209 1853 volgari
1232 1810 1339 1852 nota,

60 1855 134 1894 sed
153 1857 324 1904 maiora,
355 1856 510 1896 etiamsi
531 1857 660 1896 minus
683 1859 905 1908 adparent?
938 1859 1186 1899 Beneficium
1212 1871 1338 1900 vocas
1359 1865 1381 1898 2

60 1911 226 1951 dedisse
259 1912 431 1961 potentis
462 1913 597 1961 populi
624 1913 842 1962 civitatem,
871 1914 910 1954 in
942 1915 1244 1963 quatuordecim
1273 1917 1340 1955 de-

61 1966 228 2007 duxisse
249 1973 287 2007 et
306 1968 539 2007 defendisse
561 1970 703 2018 capitis
723 1981 855 2009 reum:
886 1971 982 2019 quid
999 1971 1111 2010 utilia
1131 1970 1342 2012 suasisse?

61 2021 155 2071 quid
183 2023 417 2071 retinuisse,
449 2034 499 2062 ne
529 2025 567 2063 in
596 2026 729 2064 scelus
754 2031 914 2065 rueret?
943 2027 1039 2074 quid
1068 2027 1243 2075 gladium
1271 2038 1338 2067 ex-

61 2078 243 2118 cussisse
257 2079 446 2118 morituro
458 2084 477 2118 ⁸?
498 2080 594 2129 quid
609 2081 842 2120 efficacibus
858 2082 1046 2121 remediis
1057 2082 1338 2133 [refocillasse]

59 2134 262 2183 lugentem
289 2140 329 2174 et
361 2146 464 2184 quos
498 2135 753 2176 desiderabat
778 2137 978 2177 volentem
1006 2139 1122 2187 sequi
1149 2139 1201 2178 ad
1234 2140 1338 2179 vitae

62 2189 272 2229 consilium
290 2190 531 2231 reduxisse?
560 2190 656 2240 quid
683 2191 896 2232 adsedisse
920 2203 1040 2242 aegro
1069 2200 1127 2242 et,
1155 2204 1244 2234 cum
1267 2206 1335 2234 v-a

62 2243 186 2285 litudo
207 2245 294 2286 eius
315 2256 363 2285 ac
383 2248 494 2286 salus
521 2248 732 2287 momentis
760 2253 980 2297 constaret,
1009 2249 1224 2301 excepisse
1249 2251 1334 2290 ido-

63 2309 139 2338 nea
157 2298 248 2341 cibo
267 2306 449 2352 tempora
468 2307 507 2344 et
526 2303 716 2344 cadentes
737 2314 862 2345 venas
882 2303 976 2347 vino
991 2306 1184 2346 refecisse
1201 2312 1239 2347 et
1253 2318 1335 2346 me
