1624 2626
306 168 387 209 124
548 168 591 207 L.
619 168 808 207 ANNAEl
837 166 1061 205 SENECAE
1089 167 1219 206 DIAL.
1247 167 1313 205 VI.

306 277 459 316 conpos
485 267 564 306 voti
582 267 709 305 factus
729 270 854 304 esset:
884 270 1084 313 precatum
1100 267 1204 304 enim
1232 277 1288 314 se,
1316 270 1370 311 ut,
1400 266 1434 304 si
1463 265 1556 313 quid

304 323 356 361 ob
375 323 573 369 ingentem
589 322 793 360 victoriam
810 320 980 358 invidiae
999 320 1169 359 dandum
1190 324 1308 367 esset,
1329 321 1370 358 id
1389 331 1462 360 suo
1485 331 1555 368 po-

261 383 284 416 4
302 377 378 416 tius
400 386 518 424 quam
536 375 696 424 publico
716 376 859 413 damno
881 375 1110 413 solveretur.
1137 375 1263 414 Vides
1279 385 1398 422 quam
1413 384 1556 422 magno

302 432 434 469 animo
457 430 613 469 tulerit?
636 428 791 469 orbitati
811 438 910 466 suae
928 429 1146 476 gratulatus
1166 433 1251 467 est..
1275 434 1315 468 et
1340 439 1457 476 quem
1475 439 1555 467 ma-

301 485 363 534 gis
384 488 538 533 poterat
558 494 790 532 permovere
805 487 911 521 tanta
924 482 1113 523 mutatio?
1144 482 1285 522 solatia
1304 482 1420 521 simul
1438 487 1557 531 atque

301 539 448 578 auxilia
466 538 649 587 perdidit.
680 549 760 577 non
780 537 943 585 contigit
958 541 1088 575 tamen
1106 538 1254 576 tristem
1268 536 1430 576 Paulum
1447 536 1557 574 Persi

300 594 448 632 videre.
1132 622 1133 625 ,

260 652 278 683 1
379 648 482 686 XIV.
511 647 609 695 Quid
630 656 734 686 nunc
752 651 791 684 te
811 655 881 694 per
899 643 1195 686 innumerabilia
1204 655 1434 693 magnorum
1453 644 1556 684 viro-

299 713 386 741 rum
405 702 588 749 exempta
607 701 748 740 ducam
769 705 808 738 et
823 709 1008 748 quaeram
1023 700 1203 748 miseros,
1224 700 1337 747 quasi
1356 711 1434 738 non
1456 699 1557 738 disfi-

299 757 414 795 cilius
440 756 492 794 sit
517 755 693 793 invenire
719 755 883 793 felices?
929 759 1051 803 quota
1076 754 1178 794 enim
1206 765 1388 802 quaeque
1416 755 1557 792 domus

299 821 430 859 usque
448 810 500 848 ad
519 810 664 848 exitum
689 808 872 847 omnibus
892 809 1069 856 partibus
1095 809 1179 847 suis
1199 808 1383 855 constitit,
1410 807 1450 846 in
1480 818 1559 856 qua

299 876 378 903 non
398 864 547 912 aliquid
565 864 759 903 turbatum
775 862 854 902 sit?
884 874 1006 902 unum
1021 863 1233 911 quemlibet
1247 873 1392 902 annum
1407 872 1560 911 occupa

299 923 407 957 etex
434 929 482 957 eo
510 919 760 966 magistratus
789 918 882 956 cita:
918 917 1081 957 Lucium
1109 916 1144 956 si
1170 917 1231 956 vis
1252 917 1436 956 Bibulum
1461 922 1499 956 et
1518 917 1558 956 C.

302 974 522 1012 Caesarem.
565 971 722 1011 videbis
747 972 848 1010 inter
874 973 1046 1019 collegas
1076 970 1367 1012 inimicissimos
1395 982 1558 1011 concor·

261 1032 283 1064 2
303 1028 391 1066 dem
408 1028 623 1066 fortunam:
649 1026 691 1064 L.
707 1025 848 1074 Bibuli,
868 1027 1041 1065 melioris
1059 1037 1175 1074 quarn
1191 1027 1363 1066 fortioris
1377 1026 1462 1072 viri,
1480 1026 1558 1064 duo

301 1081 501 1121 simulfilii
520 1080 712 1119 interfecti
731 1085 833 1127 sunt,
852 1081 1053 1130 Aegyptio
1082 1081 1240 1128 quidem
1255 1081 1364 1119 militi
1390 1080 1558 1119 ludibrio

299 1135 434 1183 habiti,
460 1140 601 1174 utnon
620 1135 748 1172 minus
775 1135 864 1182 ipsa
893 1135 1058 1173 orbitate
1077 1139 1215 1173 auctor
1234 1136 1319 1174 eius
1348 1134 1466 1182 digna
1491 1145 1557 1173 res

300 1190 472 1229 lacrimis
492 1194 610 1228 esset.
637 1188 802 1228 Bibulus
822 1194 963 1235 tamen,
993 1188 1061 1238 qui
1078 1193 1159 1228 toto
1178 1189 1342 1227 honoris
1370 1188 1432 1227 sui
1456 1199 1559 1228 anno

302 1245 353 1284 ob
372 1244 557 1285 invidiam
579 1244 754 1291 collegae
770 1243 876 1281 domi
894 1245 1070 1290 latuerat,
1092 1249 1253 1291 postero
1274 1244 1338 1281 die
1354 1254 1472 1292 quam
1491 1254 1558 1291 ge-

301 1299 450 1338 minum
471 1300 589 1337 funus
607 1298 870 1337 renuntiatum
890 1303 962 1345 est,
982 1298 1182 1346 precessit
1201 1299 1251 1336 ad
1271 1297 1387 1337 solita
1406 1298 1560 1345 imperii

301 1354 446 1392 officia.
483 1353 584 1400 Quid
603 1353 732 1394 minus
752 1357 884 1401 potest
898 1363 1014 1400 quam
1026 1363 1151 1393 ¹unum
1172 1352 1273 1390 diem
1295 1351 1450 1390 duobus
1469 1352 1560 1390 filiis

267 1450 276 1457 ,
303 1408 425 1447 dare?
451 1412 527 1449 tam
549 1408 626 1446 cito
652 1407 862 1446 liberorum
888 1408 1034 1445 luctum
1054 1407 1188 1454 finivit,
1219 1407 1286 1454 qui
1314 1407 1560 1445 consulatum

263 1469 285 1502 3
306 1473 408 1501 anno
429 1463 594 1500 luxerat.
634 1462 674 1500 C.
697 1461 842 1500 Caesar
872 1472 960 1500 cum
977 1461 1217 1500 Britanniam
1239 1465 1467 1508 peragraret
1487 1470 1561 1498 nec

302 1527 452 1556 oceano
466 1517 666 1556 continere
681 1516 900 1555 felicitatem
917 1527 1029 1554 suam
1042 1520 1191 1564 posset,
1207 1515 1328 1553 audiit
1337 1515 1562 1553 decessisse

301 1572 421 1610 filiam
451 1571 608 1619 publica
633 1581 770 1609 secum
798 1572 879 1609 fata
906 1571 1124 1608 ducentem.
1157 1570 1196 1608 in
1226 1570 1352 1608 oculis
1381 1575 1464 1608 erat
1486 1570 1561 1607 iam

303 1627 371 1665 Cn.
390 1626 601 1674 Pompeius
622 1636 701 1664 non
717 1635 846 1674 aequo
866 1626 1017 1663 laturus
1037 1625 1166 1663 animo
1184 1635 1421 1672 quemquam
1444 1624 1562 1662 alium

301 1690 395 1720 esse
414 1680 452 1719 in
471 1679 675 1728 republica
700 1690 884 1727 magnum
911 1684 949 1718 et
976 1679 1136 1717 modum
1166 1678 1408 1727 inpositurus
1437 1679 1560 1716 incre—

300 1732 454 1782 mentis,
475 1745 578 1783 quae
596 1735 731 1782 gravia
748 1734 803 1773 illi
817 1733 1049 1773 videbantur
1063 1734 1178 1772 etiam
1194 1744 1282 1771 cum
1301 1734 1339 1771 in
1355 1742 1562 1771 commune

302 1794 546 1830 crescerent:
584 1794 714 1827 tamen
740 1789 840 1827 intra
873 1789 1024 1826 tertium
1053 1787 1156 1827 diem
1184 1785 1562 1835 ,imperatoriaobiit

302 1843 434 1882 munia
455 1849 493 1882 et
515 1848 593 1882 tam
614 1843 691 1882 cito
712 1843 889 1882 dolorem
906 1842 1000 1880 vicit
1020 1853 1136 1890 quam
1157 1842 1286 1880 omnia
1304 1842 1468 1880 solebat.

262 1904 280 1935 1
380 1898 465 1936 XV.
485 1898 588 1945 Quid
600 1898 765 1936 aliorum
780 1898 848 1936 tibi
869 1897 1007 1935 funera
1023 1897 1231 1935 Caesarum
1245 1896 1441 1933 reseram?
1460 1905 1560 1943 quos

302 1951 342 1991 in
361 1951 438 1991 hoc
458 1953 550 1990 mihi
570 1952 729 1991 videtur
743 1953 896 1991 interim
910 1952 1059 1990 violare
1078 1952 1242 1998 fortuna,
1262 1956 1304 1989 ut
1323 1951 1381 1988 sic
1401 1959 1561 1998 quoque

303 2007 438 2054 generi
467 2007 638 2045 humano
659 2007 812 2055 prosint
838 2006 1092 2044 ostendentes
1118 2015 1167 2043 ne
1194 2015 1264 2043 eos
1295 2005 1464 2052 quidem,
1494 2003 1560 2051 qui

305 2060 366 2098 dis
386 2061 504 2108 geniti
524 2062 704 2109 deosque
728 2060 895 2109 genituri
923 2060 1110 2107 dicantur,
1138 2059 1196 2097 sio
1228 2070 1340 2097 suam
1367 2059 1561 2096 fortunam

262 2121 284 2154 2
303 2115 341 2152 in
362 2119 556 2163 potestate
582 2116 729 2154 habere
755 2114 1087 2164 quemadmodum
1114 2114 1292 2151 alienam.
1336 2112 1560 2155 DivusrAu-

303 2173 446 2216 gustus
455 2170 611 2208 amissis
622 2169 768 2217 liberis,
785 2168 1007 2217 nepotibus,
1023 2167 1217 2205 exhausta
1229 2168 1437 2205 Caesarum
1447 2166 1561 2205 turba

304 2223 517 2271 adoptione
533 2223 730 2262 desertam
745 2223 904 2269 domum
923 2221 1041 2269 fulsit.
1070 2221 1155 2260 tulit
1169 2227 1297 2260 tamen
1314 2221 1462 2260 sortiter
1477 2224 1562 2259 tan-

306 2287 423 2325 quam
443 2277 555 2315 cuius
575 2277 651 2316 iam
670 2287 737 2316 res
756 2277 945 2325 agebatur
970 2275 1162 2324 cuiusque
1187 2276 1355 2315 maxime
1379 2275 1561 2314 intererat
