1598 2606
374 207 442 248 DE
468 205 747 247 BENEFICIIS
771 207 867 248 LIB.
889 208 919 248 1.
946 213 981 250 3.
999 214 1037 250 4.
1319 209 1346 251 5

70 317 164 352 natu
190 309 421 360 adpellavit,
449 309 621 349 mediam
645 308 966 360 Euphrosynen,
994 310 1148 351 tertiam
1165 309 1344 352 Thalian.

67 368 218 408 Horum
245 365 447 405 nominum
474 365 861 415 interpretationem,
896 371 1017 415 prout
1043 367 1191 417 cuique
1213 368 1346 409 visum

68 428 148 472 est,
177 421 353 461 deflectit
372 427 411 461 et
431 422 482 460 ad
501 420 696 460 rationem
723 422 896 471 aliquam
918 427 1086 462 conatur
1106 424 1344 474 perducere,

67 490 157 519 cum
175 478 377 517 Hesiodus
397 477 543 527 puellis
564 478 648 516 suis
672 478 784 527 quod
801 477 926 518 voluit
944 489 1090 517 nomen
1106 479 1344 528 inposuerit.

65 535 204 584 Itaque
222 535 421 573 Homerus
445 532 514 572 uni
541 534 726 582 mutavit,
756 533 969 573 Pasithean
995 534 1214 584 adpellavit
1242 542 1281 575 et
1305 537 1344 575 in
1365 547 1386 583 7

65 590 355 630 matrimonium
377 589 585 639 produxit,
617 594 659 628 ut
691 589 798 629 scias
826 590 914 629 illas
933 591 1122 630 Vestales
1147 602 1229 631 non
1250 603 1346 632 esse

64 646 285 695 {virgines}
316 646 519 684 Inveniam
541 645 662 685 alium
689 651 870 695 poetam,
889 645 1000 696 apud
1019 657 1139 696 quem
1160 649 1344 697 praecin-

11 715 14 717 *
63 707 206 752 gantur
225 706 264 741 et
282 701 430 751 spissis
458 706 525 741 aut
542 701 782 753 Phryxiams
808 702 1017 751 prodeant.
1052 702 1159 752 Ergo
1184 709 1223 743 et
1239 703 1343 743 Mer-

63 757 200 797 curius
219 768 300 797 una
321 762 419 805 stat,
454 768 536 796 non
558 758 653 806 quia
671 758 868 797 beneficia
888 759 989 798 ratio
1011 760 1265 798 commendat
1279 760 1344 799 vel

62 814 209 862 oratio,
238 813 312 852 sed
333 813 427 862 quia
448 813 590 862 pictori
616 813 670 852 ita
697 814 830 852 visum
850 818 924 853 est.
969 814 1223 865 Chrysippus
1245 827 1344 865 quo·
1362 823 1386 858 8

64 879 163 918 que,
189 879 316 918 penes
339 879 458 918 quem
478 869 622 908 subtile
641 870 738 908 illud
757 879 926 908 acumen
946 875 1009 909 est
1027 874 1067 909 et
1085 870 1124 908 in
1140 871 1259 910 imam
1274 881 1344 921 pe-

62 930 226 965 netrans
245 925 470 974 veritatem,
493 925 561 973 qui
580 925 639 964 rei
660 925 841 974 agendae
861 935 986 965 causa
1005 926 1181 975 loquitur
1197 931 1238 966 et
1255 937 1345 966 ver-

60 980 124 1019 bis
142 991 225 1020 non
243 981 348 1020 ultra
367 991 488 1030 quam
510 981 562 1020 ad
582 981 824 1021 intellectum
844 981 942 1020 satis
967 986 1029 1020 est
1047 982 1188 1031 utitur,
1218 987 1346 1022 totum

60 1036 207 1076 librum
227 1047 344 1086 suurn
368 1036 431 1075 his
460 1037 620 1086 ineptiis
640 1037 789 1086 replet,
816 1037 871 1075 ita
890 1042 934 1076 ut
960 1037 1011 1075 de
1031 1038 1187 1077 ratione
1209 1038 1345 1088 dandi,

60 1092 286 1142 accipiendi
311 1092 591 1141 reddendique
614 1092 801 1130 beneficii
827 1102 960 1141 pauca
987 1092 1203 1132 admodum
1225 1093 1343 1143 dieat,

33 1167 36 1171 ·
61 1157 138 1187 nec
159 1147 222 1187 his
243 1147 420 1194 fabulas,
449 1147 524 1186 sed
551 1147 653 1185 haec
681 1146 827 1186 fabulis
857 1147 1009 1191 inserit.
1057 1148 1157 1187 Nam
1184 1154 1345 1198 praeter
1364 1161 1387 1197 9

59 1204 155 1252 ista,
181 1213 286 1253 quae
303 1204 482 1242 Hecaton
504 1201 772 1249 transscribit,
805 1205 885 1241 tres
908 1201 1162 1254 Chrysippus
1187 1205 1344 1245 Gratias

60 1258 115 1299 ait
132 1259 240 1299 Iovis
261 1263 301 1298 et
317 1258 573 1308 Eurynomes
594 1256 698 1296 filias
718 1268 835 1305 esse,
864 1262 994 1297 aetate
1014 1265 1146 1298 autem
1166 1260 1344 1301 minores

60 1325 182 1365 quam
196 1314 347 1362 Horas,
377 1313 453 1352 sed
479 1313 716 1352 meliuscula
743 1313 846 1352 faeie
875 1318 914 1352 et
939 1314 1030 1352 ideo
1058 1315 1208 1355 Veneri
1228 1317 1343 1358 datas

59 1369 240 1411 comites.
268 1369 406 1409 matris
429 1379 593 1419 quoque
610 1378 758 1408 nomen
778 1369 830 1407 ad
845 1379 930 1407 rem
949 1369 1100 1411 iudicat
1118 1372 1342 1421 pertinere:

58 1426 316 1477 Eurynomen
344 1426 448 1464 enim
475 1425 641 1473 dietam,
672 1423 765 1474 quia
793 1425 871 1464 late
908 1426 1082 1474 patentis
1111 1427 1345 1477 patrimonii

61 1483 113 1522 sit
131 1481 328 1520 beneficia
347 1481 547 1520 dividere:
584 1485 787 1529 tamquam
815 1481 931 1520 matri
959 1487 1053 1530 post
1077 1482 1182 1522 filias
1213 1485 1344 1524 soleat

59 1547 205 1577 nomen
224 1537 362 1585 inponi
383 1541 452 1575 aut
470 1540 616 1586 poetae
635 1546 732 1575 vera
751 1537 913 1576 nomina
930 1538 1114 1578 reddant.
1141 1539 1339 1588 Quemad·
1354 1554 1398 1589 10

59 1593 223 1633 modum
244 1591 533 1631 nomenclatori
553 1592 770 1632 memoriae
790 1593 882 1632 loco
904 1592 1076 1633 audacia
1105 1600 1169 1634 est
1194 1599 1235 1635 et
1257 1596 1341 1636 cui-

60 1659 221 1698 cunque
247 1658 393 1687 nomen
421 1658 501 1686 non
530 1652 665 1696 potest
694 1648 884 1698 reddere,
914 1648 1091 1699 inponit,
1119 1650 1175 1690 ita
1195 1656 1342 1701 poetae

60 1715 141 1744 non
161 1709 301 1754 putant
319 1703 370 1742 ad
390 1713 473 1742 rem
495 1703 695 1752 pertinere
721 1715 861 1743 verum
888 1704 1043 1753 dicere,
1072 1707 1147 1746 sed
1174 1712 1244 1747 aut
1271 1717 1341 1747 ne-

62 1760 248 1800 cessitate
276 1759 406 1799 coacti
435 1763 504 1798 aut
531 1759 680 1798 decore
708 1760 885 1808 corrupti
912 1761 954 1799 id
980 1771 1182 1811 quemque
1201 1763 1341 1803 vocari

62 1816 217 1865 iubent,
248 1815 359 1865 quod
378 1815 482 1854 belle
499 1815 594 1854 facit
612 1815 663 1853 ad
683 1825 857 1854 versum.
897 1827 972 1856 nec
998 1817 1075 1856 illis
1104 1819 1235 1858 fraudi
1265 1825 1339 1868 est,

61 1872 208 1921 [quaJsi
239 1871 392 1921 aliquid
428 1870 469 1909 in
504 1881 670 1910 censum
702 1870 934 1912 detulerint:
985 1874 1195 1922 proximus
1233 1874 1341 1914 enirn

61 1933 182 1977 poeta
201 1938 317 1967 suum
336 1925 425 1966 illas
446 1927 551 1966 ferre
571 1937 717 1966 nomen
737 1925 858 1967 iubet.
889 1928 967 1968 hoc
982 1933 1026 1968 ut
1040 1929 1148 1969 scias
1162 1930 1217 1969 ita
1233 1941 1340 1979 csse,

62 1993 158 2023 ecce
177 1983 333 2032 Thalia,
354 1983 405 2022 de
430 1993 510 2032 qua
531 1993 620 2022 cum
635 1982 807 2022 maxime
825 1984 970 2034 agitur,
992 1986 1102 2036 apud
1116 1986 1340 2026 Hesiodum

63 2038 200 2079 Charis
221 2044 302 2087 est,
336 2039 444 2088 apud
468 2039 684 2077 Homerum
703 2038 834 2078 Musa.

141 2095 210 2134 IV.
251 2094 332 2135 Sed
364 2106 416 2134 ne
449 2095 591 2133 faciam
632 2095 741 2144 quod
773 2095 1046 2144 reprehendo,
1085 2097 1219 2136 omnia
1249 2098 1338 2147 ista,
1358 2106 1378 2140 l

64 2161 167 2200 qnae
198 2149 254 2190 ita
281 2155 396 2190 extra
422 2161 507 2189 rem
535 2156 647 2199 sunt,
677 2155 721 2190 ut
743 2161 818 2190 nec
839 2152 946 2190 circa
964 2163 1049 2191 rem
1066 2153 1228 2201 quidem
1247 2155 1338 2203 sint,

61 2206 294 2256 relinquam.
331 2211 374 2246 tu
394 2207 515 2246 modo
537 2208 612 2247 no's
629 2211 760 2255 tuere,
784 2207 818 2245 si
836 2207 926 2256 quis
941 2207 1037 2247 mihi
1053 2209 1209 2258 obiciet,
1227 2211 1337 2259 quod

63 2262 330 2314 Chrysippum
356 2262 396 2301 in
426 2263 606 2302 ordinem
634 2263 853 2312 coegerim,
899 2274 1087 2312 magnum
1110 2265 1336 2306 mehercule

61 2317 208 2367 virum,
238 2319 312 2358 sed
344 2323 475 2358 tamen
503 2319 720 2367 Graccum,
751 2319 863 2358 cuius
892 2330 1060 2359 acumen
1082 2319 1198 2361 nimis
1217 2327 1337 2362 tenue

61 2373 284 2415 retunditur
308 2379 348 2415 et
373 2373 415 2415 in
443 2385 489 2415 se
517 2385 642 2426 saepe
668 2375 897 2425 replicatur.
950 2375 1067 2416 etiam
1094 2387 1183 2417 cum
1216 2389 1337 2428 agere
