1592 2580
284 146 352 185 DE
380 145 662 185 BENEFICIIS
694 145 789 184 LIB.
808 146 878 184 IV.
906 150 1084 187 29—32.
1273 141 1327 184 79

38 250 263 298 liscumque
292 252 372 296 est,
402 247 478 286 sub
505 246 649 286 umbra
680 257 844 286 suorum
869 247 1002 285 lateat.
1042 247 1094 286 Ut
1120 247 1211 286 loca
1237 256 1325 285 sor-

42 306 137 344 dida
166 314 414 353 repercussu
445 302 544 342 solis
565 302 844 352 inlustrantur,
872 303 926 341 ita
953 303 1103 342 inertes
1132 302 1327 342 maiorum

43 371 203 400 suorum
224 360 313 398 luce
334 358 635 408 resplendeant.

149 415 286 456 XXXI.
322 415 531 454 Excusare
562 414 641 453 hoc
666 414 756 453 loco
785 413 877 462 tibi,
905 414 959 453 mi
980 413 1200 461 Liberalis,
1225 413 1327 452 deos
1349 419 1363 453 l

43 473 147 512 volo.
177 471 376 511 interdum
392 470 496 508 enim
514 471 693 509 solemus
708 470 864 509 dicere:
887 470 983 519 quid
1003 469 1079 508 sibi
1099 470 1222 508 voluit
1236 480 1328 518 pro-

40 526 236 576 videntia,
265 537 370 576 quae
389 525 607 564 Aridaeum
636 537 762 575 regno
790 526 996 574 inposuit?
1030 525 1090 565 Illi
1113 530 1231 574 putas
1251 525 1330 565 hoc

42 583 205 622 datum?
236 582 338 631 patri
366 581 454 620 eius
489 582 624 620 datum
653 587 716 620 est
745 585 784 620 et
810 581 931 621 fratri.
970 581 1103 630 Quare
1123 582 1164 620 C.
1186 581 1330 620 Caesa-
1352 587 1374 620 2

41 649 126 677 rem
146 637 234 678 orbi
253 643 448 677 terrarum
469 637 681 686 praefecit,
711 637 911 677 hominem
936 637 1100 677 humani
1122 637 1331 686 sanguinis

43 693 339 742 avidissimum,
370 704 491 742 quem
519 705 600 732 non
628 694 743 732 aliter
773 693 901 732 fluere
934 694 975 732 in
1004 699 1227 743 conspectu
1254 704 1330 731 suo

43 749 224 798 iubebat,
255 760 374 798 quam
403 749 436 787 si
469 760 540 788 ore
569 754 814 799 excepturus
842 754 981 788 esset?
1017 749 1120 797 Quid
1142 753 1267 798 ergo?
1290 754 1333 788 tu

43 806 122 844 hoc
150 805 206 843 illi
233 805 367 843 datum
397 804 632 844 existimas?
669 805 772 854 patri
801 804 888 843 eius
914 805 1152 844 Germanico
1183 805 1332 852 datum,

45 872 122 900 avo
153 871 387 910 proavoque
415 865 454 899 et
481 866 572 899 ante
600 860 676 900 hos
703 861 792 899 aliis
818 872 900 899 non
930 861 1062 900 minus
1084 860 1203 899 claris
1224 861 1334 908 viris,

46 917 200 956 etiamsi
230 917 374 965 privati
399 927 600 965 paresque
629 917 716 955 aliis
738 916 858 955 vitam
886 921 1118 966 exegerunt.
1158 916 1260 965 Quid
1280 920 1335 964 tu,
1353 927 1377 960 3

48 983 137 1011 cum
163 972 408 1010 Mamercum
435 972 631 1011 Scaurum
659 974 867 1012 consulem
900 974 1076 1021 faceres,
1116 971 1336 1021 ignorabas

48 1027 279 1067 ancillarum
291 1038 454 1066 suarum
469 1028 578 1067 illum
594 1033 840 1067 menstruum
857 1039 926 1068 ore
942 1028 1076 1068 hiante
1092 1032 1338 1078 exceptare?

48 1083 241 1133 numquid
271 1085 375 1122 enim
401 1083 491 1132 ipse
511 1084 816 1123 dissimulabat?
843 1084 1039 1133 numquid
1061 1095 1186 1133 purus
1207 1083 1337 1122 videri

47 1140 235 1179 volebat?
274 1139 460 1178 Referam
487 1138 634 1178 dictum
663 1139 748 1178 eius
776 1139 816 1177 in
847 1150 913 1186 se,
950 1140 1058 1188 quod
1090 1139 1337 1179 circumferri

48 1195 206 1234 memini
232 1198 272 1232 et
289 1193 380 1243 ipso
404 1201 618 1244 praesente
637 1195 805 1234 laudari.
844 1195 1014 1234 Pollioni
1036 1196 1171 1235 Asinio
1190 1194 1335 1234 iacenti
1353 1203 1376 1236 4

51 1251 256 1291 obscoeno
280 1250 404 1290 verbo
432 1261 533 1289 usus
562 1251 719 1289 dixerat
748 1261 794 1289 se
815 1251 1010 1290 facturum
1033 1251 1090 1299 id,
1121 1251 1229 1301 quod
1255 1251 1337 1300 pati

50 1306 233 1345 malebat.
274 1311 312 1346 et
332 1317 422 1345 eum
439 1306 630 1346 Pollionis
651 1307 934 1346 adtractiorem
953 1307 1125 1346 vidisset
1146 1308 1336 1346 frontem:

50 1362 276 1410 „Quicquid
292 1362 432 1411 inquit,
442 1363 534 1400 mali
548 1363 641 1410 dixi,
659 1362 752 1401 mihi
763 1367 802 1401 et
813 1363 933 1412 capiti
944 1366 1074 1401 meo.“
1090 1363 1177 1402 Hoc
1189 1364 1336 1402 dictum

52 1429 168 1457 suum
188 1417 277 1466 ipse
298 1418 494 1457 narrabat.
534 1418 743 1458 Hominem
764 1423 844 1457 tam
865 1420 998 1467 palam
1018 1418 1268 1458 obscoenum
1288 1419 1338 1456 ad
1360 1426 1380 1458 5

53 1475 186 1511 fasces
208 1478 248 1512 et
273 1474 325 1511 ad
348 1474 520 1512 tribunal
547 1474 772 1513 admisisti?
809 1485 955 1523 nempe
977 1475 1072 1513 dum
1093 1479 1268 1512 veterem
1295 1474 1337 1512 il-

53 1530 134 1566 lum
155 1527 349 1567 Scaurum
369 1535 532 1568 senatus
552 1529 775 1579 principem
795 1530 968 1578 cogitas,
988 1528 1152 1579 indigne
1171 1530 1253 1568 fers
1273 1540 1340 1568 so-

54 1584 187 1624 bolem
206 1584 292 1622 eius
313 1583 457 1622 iacere.

165 1638 320 1678 XXXII.
354 1639 462 1678 Deos
495 1639 708 1680 verisimile
742 1647 824 1689 est,
856 1646 900 1680 ut
934 1640 1036 1680 alios
1065 1641 1338 1691 indulgentius
1359 1647 1377 1680 1

57 1699 226 1735 tractent
245 1699 411 1744 propter
430 1702 617 1744 parentes
638 1707 842 1746 avosque,
863 1698 965 1736 alios
987 1703 1151 1746 propter
1171 1699 1340 1737 suturam

58 1755 250 1800 nepotum
277 1757 625 1800 pronepotumque
651 1763 698 1791 ac
725 1754 845 1801 longe
873 1754 1126 1801 sequentium
1157 1759 1340 1803 postero-

58 1817 144 1846 rum
166 1806 354 1845 indolem.
398 1812 492 1846 nota
513 1807 616 1846 enim
638 1807 715 1846 illis
738 1813 802 1847 est
829 1808 966 1858 operis
987 1810 1050 1848 sui
1070 1810 1198 1848 series
1216 1810 1341 1848 omni—

58 1873 208 1911 umque
237 1862 314 1901 illis
340 1873 473 1902 rerum
500 1873 596 1902 suas
625 1874 698 1912 per
723 1875 867 1904 manus
895 1865 1086 1903 iturarum
1115 1865 1283 1904 scientia
1303 1865 1341 1903 in

61 1923 199 1967 aperto
221 1929 381 1967 semper
402 1924 482 1965 est,
512 1919 629 1958 nobis
657 1930 709 1958 ex
728 1920 863 1959 abdito
885 1921 994 1960 subit
1012 1926 1051 1959 et
1072 1931 1176 1969 quae
1195 1931 1342 1969 repen-

60 1973 142 2012 tina
164 1979 366 2023 putamus,
395 1975 471 2013 illis
499 1975 665 2023 provisa
681 1976 847 2015 veniunt
867 1987 914 2015 ac
934 1976 1154 2014 familiaria.
1195 1976 1282 2016 Sint
1302 1976 1342 2014 lii
1361 1979 1383 2012 2

61 2039 197 2078 reges,
220 2030 314 2079 quia
332 2031 506 2069 maiores
527 2040 666 2069 eorum
696 2035 806 2079 [non]
827 2032 1003 2079 suerunt,
1026 2032 1120 2080 quia
1140 2042 1215 2081 pro
1237 2043 1343 2071 sum-

62 2095 127 2123 mo
148 2086 314 2134 irnperio
334 2085 560 2125 habuerunt
579 2085 786 2133 iustitiam,
818 2087 1114 2135 abstinentiam,
1145 2087 1239 2136 quia
1261 2099 1341 2127 non

64 2140 347 2190 rempublicam
365 2141 453 2189 sibi,
476 2142 547 2181 sed
565 2152 610 2180 se
624 2141 869 2191 reipublicae
886 2143 1132 2182 dicaverunt.
1161 2144 1345 2192 Regnent

65 2194 124 2243 hi,
155 2197 250 2245 quia
274 2196 336 2235 vir
361 2197 492 2237 bonus
515 2198 675 2246 quidam
695 2202 788 2236 ante
802 2209 979 2247 proavus
994 2209 1134 2238 eorum
1155 2199 1246 2248 fuit,
1275 2202 1343 2249 qui

68 2250 239 2291 animum
267 2263 390 2301 supra
410 2253 606 2292 fortunam
623 2253 767 2302 gessit,
798 2254 867 2302 qui
886 2254 925 2292 in
947 2254 1203 2294 dissensione
1224 2255 1340 2302 civili,

71 2307 256 2361 quoniam
283 2308 337 2348 ita
363 2309 603 2359 expediebat
626 2309 891 2359 reipublicae,
918 2310 1024 2350 vinci
1045 2322 1163 2360 quarn
1179 2311 1342 2350 vincere
