1624 2626
322 191 376 233 80
699 189 741 228 L.
771 188 958 228 ANNAEI
987 187 1212 227 SENECAE

326 290 484 341 quando
511 290 641 338 palam
671 293 886 337 aperteque
917 283 1137 327 faciendum
1167 292 1247 335 est,
1273 287 1339 327 ubi
1366 287 1495 328 minor
1523 289 1585 329 vis

324 347 414 384 mali
443 347 605 394 patitur,
638 343 850 392 aliquando
887 352 937 379 ex
972 343 1145 390 occulto,
1180 342 1248 381 ubi
1282 343 1442 381 nimium
1476 345 1587 383 ardet

325 400 509 448 omnique
529 399 794 447 inpedimento
810 401 1067 444 exasperatur
1081 402 1119 435 et
1135 397 1288 435 crescit.
1314 398 1447 437 Refert
1463 409 1584 446 quan-

323 460 384 494 tas
406 454 511 492 vires
533 463 732 502 quamque
757 453 929 498 integras
949 450 1110 499 habeat,
1139 455 1320 489 utrumne
1339 453 1586 491 verberanda

323 515 362 548 et
388 509 542 557 agenda
567 512 672 546 retro
695 507 745 545 sit
771 517 819 544 an
841 505 982 543 cedere
1004 505 1039 542 ei
1063 504 1299 551 debeamus,
1326 506 1417 545 dum
1439 511 1585 555 tempe-

286 570 405 604 2stas
426 564 550 612 prima
575 560 770 607 desaevit,
798 570 848 598 ne
868 560 1042 597 remedia
1070 559 1159 607 ipsa
1179 570 1314 598 secum
1340 561 1449 600 ferat.
1487 561 1583 600 Con-

325 620 453 658 silium
481 628 552 667 pro
576 617 750 654 moribus
781 614 974 662 cuiusque
1002 613 1238 661 capiendum
1265 614 1348 652 erit.
1391 617 1584 664 quosdam

323 673 427 712 enim
454 683 594 722 preces
624 672 796 708 vincunt.
840 668 1216 717 quidam-insultant
1240 670 1465 718 instantque
1492 671 1583 709 sub-

321 728 469 767 missis.
508 727 703 774 quosdam
724 724 908 762 terrendo
929 723 1186 771 placabimus.
1230 724 1331 763 alios
1353 725 1584 774 obiurgatio,

323 783 421 821 alios
451 780 672 826 confessio,
703 779 803 817 alios
831 779 959 827 pudor
985 783 1126 826 coepto
1154 778 1312 826 deiecit,
1339 780 1438 818 alios
1463 790 1584 827 mora,

323 840 465 876 lentum
486 833 711 884 praecipitis
731 834 820 871 mali
838 833 1070 879 remedium,
1089 833 1139 871 ad
1159 834 1267 881 quod
1285 833 1499 872 novissime
1519 836 1583 873 de-

285 890 593 933 ascendendum
622 893 694 927 est.
741 889 866 927 Ceteri
899 888 1002 926 enim
1031 887 1210 926 adfectus
1239 888 1461 926 dilationem
1486 890 1583 927 reci-

322 947 433 995 piunt
454 949 492 983 et
519 943 646 982 curari
665 944 816 982 tardius
837 947 1027 991 possunt:
1056 942 1173 980 huius
1200 941 1358 981 incitata
1376 948 1413 982 et
1432 954 1477 982 se
1498 945 1586 992 ipsa

321 1002 481 1049 rapiens
500 1000 687 1038 violentia
706 1009 784 1037 non
805 998 991 1047 paulatim
1011 997 1208 1045 procedit,
1238 998 1309 1036 sed
1330 998 1421 1035 dum
1440 999 1585 1047 incipit,

322 1061 404 1094 tota
424 1059 497 1094 est.
526 1063 600 1092 nec
617 1053 783 1092 aliorum
802 1062 912 1091 more
929 1051 1108 1091 vitiorum
1129 1052 1311 1091 sollicitat
1331 1053 1495 1102 animos,
1514 1054 1586 1092 sed

322 1110 480 1148 abducit
502 1114 539 1148 et
566 1108 790 1157 inpotentes
811 1107 873 1146 sui
898 1107 1148 1155 cupidosque
1170 1107 1233 1144 vel
1257 1108 1474 1146 communis
1497 1108 1585 1146 mali

323 1165 511 1213 exagitat,
534 1174 608 1201 nec
629 1163 667 1200 in
687 1173 734 1201 ea
758 1166 904 1200 tantum
923 1161 962 1199 in
986 1172 1087 1210 quae
1109 1161 1336 1209 destinavit,
1365 1163 1437 1201 sed
1456 1163 1494 1201 in
1519 1173 1584 1202 oc-

286 1220 516 1258 4currentia
545 1218 672 1257 obiter
698 1217 800 1267 suri-t.
837 1216 973 1254 Cetera
993 1216 1084 1254 vitia
1111 1216 1300 1264 inpellunt
1328 1216 1499 1256 animos:
1528 1219 1586 1256 ira

323 1273 565 1322 praecipitat.
602 1273 718 1311 etiam
746 1272 780 1310 si
806 1272 993 1310 resistere
1021 1275 1158 1309 contra
1184 1271 1362 1310 adfectus
1390 1283 1485 1311 suos
1507 1283 1585 1311 non

322 1329 430 1376 licet,
452 1333 492 1367 at
510 1332 615 1367 certe
635 1326 856 1365 adfectibus
875 1327 973 1374 ipsis
991 1326 1082 1364 licet
1103 1330 1228 1364 stare=
1249 1325 1346 1363 haec
1365 1337 1443 1365 non
1467 1337 1584 1368 secus

323 1394 441 1431 quam
473 1383 634 1422 fulmina
667 1382 949 1434 procellaeqqe
974 1386 1013 1419 et
1041 1380 1074 1418 si
1102 1391 1181 1428 qua
1206 1381 1282 1418 alia
1307 1381 1587 1420 inrevocabilia

322 1442 430 1485 sunt,
450 1439 543 1486 quia
562 1447 642 1475 non
662 1441 771 1483 eunt,
793 1435 866 1474 sed
885 1435 1047 1483 cadunt,
1068 1435 1147 1473 vim
1167 1445 1277 1473 suam
1296 1436 1421 1483 magis
1441 1446 1487 1474 ac
1505 1447 1584 1474 ma-

286 1500 306 1531 5
321 1494 381 1541 gis
409 1492 544 1531 tendit.
590 1492 680 1530 Alia
699 1490 793 1529 vitia
818 1501 842 1528 a
861 1491 1033 1538 ratione,
1060 1490 1137 1527 hoc
1157 1500 1180 1527 a
1202 1491 1366 1528 sanitate
1388 1490 1586 1529 desciscit.

323 1548 398 1586 alia
419 1557 611 1586 accessus
634 1547 742 1584 lenes
765 1544 911 1583 habent
929 1549 966 1582 et
985 1545 1222 1583 incrementa
1245 1545 1436 1583 fallentia:
1463 1545 1502 1582 in
1528 1546 1586 1584 ira

323 1603 499 1641 deiectus
526 1602 743 1639 animorum
765 1605 838 1638 est.
875 1600 982 1638 nulla
1000 1600 1132 1647 itaque
1152 1609 1217 1637 res
1237 1605 1349 1647 urget
1370 1599 1495 1648 magis
1518 1601 1586 1638 ad—

322 1657 445 1695 tonita
472 1661 510 1695 et
536 1657 573 1694 in
596 1656 701 1693 vires
722 1665 818 1693 suas
845 1665 972 1703 prona
998 1659 1036 1692 et
1061 1654 1146 1692 sive
1167 1654 1378 1701 successit,
1402 1654 1585 1702 superba,

324 1712 409 1749 sive
436 1712 661 1757 frustratur,
691 1710 844 1748 insana.
889 1719 940 1746 ne
965 1709 1127 1757 repulsa
1162 1709 1320 1757 quidem
1350 1710 1388 1746 in
1414 1710 1586 1748 taedium

323 1771 428 1813 acta,
455 1766 522 1804 ubi
550 1764 820 1803 adversarium
839 1764 995 1802 fortuna
1013 1763 1219 1810 subduxit,
1243 1763 1280 1800 in
1306 1773 1350 1802 se
1377 1764 1465 1812 ipsa
1484 1775 1585 1802 mor-

323 1831 392 1859 sus
409 1831 505 1859 suos
521 1820 648 1858 vertit.
676 1819 757 1857 Nec
777 1819 906 1865 refert,
929 1823 1114 1867 quantum
1130 1819 1180 1856 sit
1198 1828 1248 1856 ex
1265 1828 1342 1866 quo
1360 1819 1586 1857 surrexerit.
1623 1826 1624 1846 ³

323 1886 374 1914 ex
394 1864 606 1913 levissimis
629 1875 731 1912 enim
753 1874 792 1911 in
813 1874 983 1911 maxima
1002 1873 1144 1911 evadit.
1621 1915 1622 1918 Ἴ

285 1940 303 1972 1
402 1930 448 1970 ΙΙ.
490 1930 641 1968 Nullam
674 1927 810 1967 transit
841 1933 1024 1975 aetatem,
1054 1929 1199 1966 nullum
1231 1927 1429 1966 hominum
1461 1938 1585 1975 genus
1621 1923 1622 1926 ’

323 1983 482 2032 excipit.
520 1984 720 2032 Quaedam
747 1988 884 2031 gentes
912 1983 1105 2021 beneficio
1130 1983 1317 2030 egestatis
1339 1994 1416 2022 non
1438 1993 1585 2020 novere
1619 1982 1621 2018 l

322 2040 527 2077 luxuriam.
566 2038 778 2087 quaedam,
809 2038 901 2086 quia
924 2038 1120 2076 exercitae
1140 2041 1178 2075 et
1203 2048 1330 2084 vagae
1352 2042 1461 2085 sunt,
1488 2037 1584 2076 effu·
1616 2069 1619 2105 ¹

323 2103 418 2140 gere
438 2093 642 2140 pigritiam.
680 2093 824 2142 quibus
844 2093 1014 2131 incultus
1033 2101 1120 2129 mos
1146 2092 1395 2140 agrestisque
1414 2093 1493 2131 vita
1512 2098 1584 2137 est,

324 2146 635 2196 circumscriptio
662 2148 796 2196 ignota
815 2151 875 2186 est
894 2152 932 2186 et
950 2147 1058 2185 fraus
1077 2150 1116 2184 et
1136 2146 1414 2196 quodcumque
1436 2147 1474 2185 in
1497 2148 1582 2185 foro

313 2202 467 2240 'malum
483 2203 671 2241 nascitur:
691 2202 798 2241 nulla
815 2213 913 2251 gens
930 2206 1000 2249 est,
1022 2211 1137 2249 quam
1155 2211 1234 2239 non
1250 2201 1307 2239 ira
1322 2201 1490 2249 instiget,
1505 2205 1583 2239 tam

323 2256 424 2294 inter
444 2257 583 2295 Graios
607 2267 724 2305 quam
741 2257 843 2295 inter
859 2257 1048 2295 barbaros
1064 2260 1229 2307 potens,
1251 2267 1329 2294 non
1348 2257 1474 2294 minus
1495 2266 1581 2305 per-

319 2310 475 2351 niciosa
503 2312 611 2360 leges
646 2312 908 2353 metuentibus
945 2321 1062 2361 quam
1097 2310 1239 2359 quibus
1276 2311 1360 2350 iura
1386 2310 1586 2359 distinguit
1611 2321 1613 2332 >
