1592 2580
306 180 385 222 286
678 181 719 219 L.
746 180 935 220 ANNAEI
960 180 1184 221 SENECAE

307 279 357 316 de
377 278 520 326 quibus
541 279 660 327 paulo
684 284 774 318 ante
795 279 928 326 retuli,
958 277 1088 318 inania
1105 280 1228 320 indito
1250 279 1421 319 clamore
1441 291 1559 320 sonu-

307 336 458 371 erunt.“

271 390 291 422 1
386 386 467 424 XX.
495 386 768 426 Veniamus
796 398 925 427 nunc
953 387 1011 426 ad
1030 398 1133 435 eos,
1164 389 1246 437 qui
1265 390 1426 428 omnia
1444 388 1562 436 ista,

308 451 434 490 quae
469 442 650 489 retuli,
693 442 740 480 in
777 452 932 482 causa
966 453 1081 482 esse
1117 442 1351 483 dixerunt
1389 449 1472 482 aut
1506 454 1565 482 ex

306 496 383 534 his
427 497 595 544 plura:
640 497 957 536 Democritus
999 499 1143 546 plura
1184 503 1332 546 putat.
1379 499 1432 537 ait
1462 499 1565 536 enim

306 555 478 598 „motum
500 551 712 600 aliquando
734 551 873 599 spiritu
888 551 991 599 fleri,
1014 553 1227 601 aliquando
1244 563 1366 602 aqua,
1388 554 1563 601 aliquan-

307 607 358 644 do
379 608 585 654 utroque.“
620 611 659 645 et
679 606 719 645 id
738 606 814 645 hoc
833 607 951 645 modo
973 607 1245 656 prosequitur:
1286 607 1455 656 „Aliqua
1470 618 1564 656 pars

305 666 433 698 terrae
454 671 631 699 concava
650 666 723 699 est.
752 661 790 699 in
810 661 911 699 hanc
927 671 1055 710 aquae
1072 663 1130 700 vis
1147 661 1322 700 confluit.
1351 672 1400 700 ex
1416 661 1490 700 hac
1504 667 1566 701 est

307 715 456 763 aliquid
474 720 591 753 tenue
611 719 649 754 et
667 715 809 754 ceteris
828 716 1028 765 liquidius.
1057 716 1134 755 hoc
1154 727 1240 755 cum
1262 716 1565 765 superveniente

307 770 497 817 gravitate
516 770 704 808 reiectum
725 775 804 818 est,
834 770 948 809 terris
970 771 1139 809 inliditur
1158 776 1197 810 et
1215 771 1301 810 illas
1321 775 1462 810 movet.
1492 781 1565 809 nec

308 825 411 863 enim
433 823 614 863 fluctuari
636 830 768 873 potest
788 825 873 864 sine
893 831 1001 864 motu
1020 825 1125 873 eius,
1155 826 1193 864 in
1215 826 1322 875 quod
1341 825 1564 874 inpingitur.

271 883 293 916 2
308 878 537 918 Etiamnunc
558 880 758 928 quomodo
779 880 829 918 de
850 880 990 928 spiritu
1004 881 1231 919 dicebamus
1244 910 1253 927 ,
1281 881 1331 920 de
1346 891 1451 929 aqua
1467 891 1563 929 quo-

310 944 387 983 que
414 934 624 973 dicendum
652 939 734 973 est:
770 934 838 974 ubi
865 935 904 973 in
930 946 1050 974 unum
1078 936 1207 974 locum
1236 936 1413 974 coniecta
1440 940 1502 974 est
1528 942 1565 975 et

309 999 453 1037 capere
472 1000 516 1027 se
536 989 671 1036 desiit,
699 988 832 1038 aliquo
856 989 1044 1028 incumbit
1063 995 1102 1029 et
1121 991 1245 1038 primo
1269 990 1368 1028 viam
1391 990 1565 1038 pondere

308 1043 453 1092 aperit,
482 1044 625 1082 deinde
653 1044 800 1093 inpetu.
835 1054 908 1082 nec
936 1044 1038 1082 enim
1058 1045 1166 1083 exire
1185 1044 1259 1083 nisi
1279 1056 1351 1093 per
1370 1045 1563 1083 devexum

308 1103 439 1146 potest
466 1098 534 1137 diu
561 1099 714 1137 inclusa
739 1109 814 1138 nec
840 1099 878 1137 in
907 1099 1097 1138 directum
1117 1099 1260 1138 cadere
1278 1100 1480 1139 moderate
1500 1104 1567 1137 aut

269 1157 292 1191 3
308 1154 394 1191 sine
414 1153 680 1192 concussione
699 1163 855 1200 eorum,
885 1164 956 1202 per
977 1164 1080 1202 quae
1100 1155 1162 1192 vel
1181 1153 1220 1192 in
1241 1165 1343 1203 quae
1362 1154 1477 1193 cadit.
1524 1153 1565 1192 Si

307 1218 421 1255 vero,
452 1218 539 1246 cum
559 1209 635 1245 iam
653 1208 740 1256 rapi
757 1208 905 1256 coepit,
929 1209 1059 1256 aliquo
1076 1208 1164 1247 loco
1181 1209 1358 1248 subsistit
1372 1213 1410 1246 et
1425 1209 1489 1246 illa
1505 1208 1564 1246 vis

306 1262 479 1300 fluminis
507 1263 544 1300 in
566 1272 610 1300 se
627 1263 806 1301 revoluta
825 1267 904 1310 est,
934 1261 972 1300 in
993 1262 1257 1301 continentem
1275 1267 1417 1301 terram
1436 1263 1563 1310 repel-

306 1317 395 1355 litur
414 1321 452 1355 et
470 1317 593 1362 illam,
616 1328 695 1365 qua
713 1323 823 1365 parte
842 1317 1010 1355 maxime
1029 1318 1191 1366 pendet,
1219 1318 1401 1366 exagitat.
1450 1317 1562 1355 Prae-

306 1377 415 1410 terea
442 1371 656 1419 aliquando
678 1372 898 1410 madefacta
917 1372 1032 1410 tellus
1051 1371 1205 1420 liquore
1224 1372 1380 1420 penitus
1400 1377 1563 1420 accepto

306 1426 421 1465 altius
450 1427 552 1464 sedit
577 1431 617 1465 et
643 1426 789 1465 fundus
817 1426 905 1474 ipse
928 1426 1100 1465 vitiatur:
1129 1432 1222 1466 tunc
1244 1437 1292 1465 ea
1311 1437 1403 1475 pars
1422 1427 1564 1474 premi-

304 1486 390 1528 tur,
416 1480 454 1519 in
484 1491 601 1529 quam
624 1480 793 1520 maxime
811 1491 999 1529 aquarum
1018 1482 1259 1530 vergentium
1279 1481 1437 1529 pondus
1457 1481 1564 1519 incli-

268 1543 290 1576 4
307 1541 383 1575 nat.
430 1534 597 1584 Spiritus
615 1546 712 1574 vero
731 1546 1025 1584 nonnumquam
1044 1536 1192 1585 inpellit
1210 1536 1338 1574 undas
1359 1540 1414 1583 et,
1446 1536 1479 1574 si
1499 1546 1564 1574 ve-

305 1590 525 1630 hementius
551 1590 704 1638 institit,
734 1602 820 1630 eam
847 1590 1000 1630 scilicet
1027 1596 1175 1639 partem
1202 1596 1328 1630 terrae
1347 1595 1497 1638 movet,
1525 1591 1565 1629 in

308 1656 426 1693 quam
456 1650 616 1684 coactas
649 1656 776 1693 aquas
808 1646 946 1685 intulit.
995 1656 1288 1694 nonnumquam
1329 1645 1367 1683 in
1410 1650 1566 1684 terrena

305 1699 446 1738 itinera
473 1699 674 1739 coniectus
704 1705 742 1738 et
768 1700 913 1739 exitum
941 1711 1136 1748 quaerens
1169 1705 1302 1739 movet
1334 1700 1489 1738 omnia=
1527 1706 1587 1739 ct⁴

304 1759 410 1793 terra
437 1765 598 1804 quoque
626 1755 880 1803 penetrabilis
908 1755 1035 1794 ventis
1062 1760 1124 1794 est
1150 1760 1188 1794 et
1207 1755 1366 1804 spiritus
1386 1754 1564 1794 subtilior

306 1814 385 1857 est,
416 1820 541 1858 quam·
560 1815 603 1848 ut
632 1810 759 1858 possit
787 1810 961 1857 excludi,
999 1814 1038 1848 et
1064 1809 1343 1857 vehementior,
1380 1819 1495 1858 quam
1521 1813 1564 1847 ut

270 1873 291 1905 5
307 1863 492 1903 sustineri
511 1864 730 1903 concitatus
751 1874 797 1902 ac
819 1864 1025 1913 rapidus.“
1067 1864 1238 1904 Omnes
1258 1865 1384 1903 istas
1407 1875 1433 1912 p
1445 1874 1467 1902 ο
1480 1874 1499 1902 s
1511 1873 1562 1901 se

306 1928 423 1958 esse
469 1929 654 1958 causas
700 1919 950 1968 Epicurus
997 1919 1063 1958 ait
1109 1921 1386 1968 pluresque
1433 1917 1561 1956 alias

305 1978 513 2022 temptat
549 1978 587 2012 et
613 1973 733 2022 alios,
761 1974 827 2022 qui
854 1974 1002 2022 aliquid
1021 1985 1139 2012 unum
1160 1984 1208 2012 ex
1227 1973 1312 2012 istis
1332 1982 1424 2011 esse
1444 1972 1560 2010 adfir-

305 2033 528 2075 maverunt,
559 2027 737 2077 corripit,
767 2039 854 2067 cum
882 2030 933 2068 sit
958 2030 1122 2068 arduum
1149 2029 1199 2067 de
1227 2028 1306 2076 his,
1340 2038 1442 2076 quae
1468 2037 1561 2066 con-

270 2083 457 2124 §iectura
484 2083 690 2132 sequenda
714 2088 824 2132 sunt,
853 2082 1002 2132 aliquid
1023 2084 1116 2122 certi
1137 2082 1371 2132 promittere.
1417 2082 1560 2130 „Ei-go,

306 2141 349 2176 ut
374 2137 445 2185 ait,
478 2142 608 2186 potest
632 2142 776 2177 terram
796 2148 1034 2177 conmovere
1051 2148 1172 2187 aqua,
1201 2136 1233 2175 si
1254 2141 1386 2184 partes
1407 2137 1559 2185 aliquas

306 2192 402 2231 eluit
429 2197 467 2231 et
494 2192 660 2240 abrasit,
687 2193 829 2241 quibus
849 2193 964 2232 desiit
983 2202 1105 2243 posse
1123 2190 1342 2231 extenuatis
1363 2190 1558 2237 sustineri,

306 2247 416 2294 quod
431 2247 590 2296 integris
609 2248 816 2287 ferebatur.
852 2247 986 2288 Potest
1000 2253 1141 2286 terram
1155 2256 1394 2284 conmovere
1407 2246 1444 2284 in
1450 2255 1557 2294 pres-

306 2300 368 2341 sio
385 2301 564 2351 spiritus:
590 2303 759 2343 fortasse
775 2303 876 2342 enim
891 2312 960 2342 aer
974 2302 1050 2341 alio
1065 2302 1228 2341 intrante
1243 2301 1363 2351 [acre]
1381 2300 1556 2350 agitatur.
