1624 2626
271 159 322 200 28
386 158 516 198 DIAL.
537 157 584 196 11.
621 158 689 196 AD
713 157 950 196 SERENUM
968 157 1063 196 NEC
1081 157 1315 197 INIURIAM
1334 157 1429 196 NEC

272 259 324 298 illi
351 259 450 297 inter
476 259 587 306 ipsos
615 256 866 305 magistratus
893 262 1033 305 gerunt
1059 262 1097 296 et
1125 262 1366 307 praetextam
1387 259 1536 297 fasces-

273 324 350 363 que
371 324 417 351 ac
437 313 604 351 tribunal
624 313 842 359 imitantur,
872 311 911 349 hi
932 313 1069 351 eadem
1089 313 1126 351 in
1151 323 1292 361 campo
1314 314 1480 361 foroque
1500 318 1539 352 et

270 370 308 406 in
329 368 438 406 curia
456 368 560 406 serio
581 367 730 405 ludunt.
776 366 829 404 illi
849 367 887 404 in
909 366 1086 405 litoribus
1107 378 1252 406 arenae
1271 373 1464 415 congestu
1485 367 1536 406 si-

271 424 443 461 mulacra
463 423 649 460 domuum
669 422 858 468 excitant,
887 420 926 458 hi
946 426 986 459 ut
1004 432 1187 470 magnum
1206 422 1354 470 aliquid
1374 427 1538 469 agentes

270 478 309 516 in
329 476 526 525 lapidibus
549 486 596 514 ae
616 475 832 524 parietibus
854 480 892 514 et
914 476 1025 514 tectis
1046 476 1254 515 moliendiS
1278 475 1462 524 occupati
1479 481 1539 515 tu-

272 533 372 571 telae
393 542 605 580 corporum
625 531 784 568 inventa
803 531 841 568 in
862 530 1076 578 periculum
1101 535 1314 570 verterunt.
1352 541 1446 578 ergo
1468 540 1540 578 pai·

273 587 405 636 pueris
427 586 663 634 longiusque
684 585 924 634 progressiS,
941 585 1067 623 sedin
1086 586 1162 623 alia
1180 585 1408 633 maioraque
1429 595 1542 623 error

234 640 344 680 3est.
381 641 467 679 Non
498 640 678 679 inmerito
706 641 840 688 itaque
870 639 1010 678 horum
1037 639 1295 678 contumelias
1317 639 1478 687 sapiens
1498 644 1540 678 ut

273 697 384 734 iocos
411 695 566 743 accipit.
619 700 656 733 et
683 694 896 742 aliquando
925 694 1013 732 illos
1040 699 1239 742 tamquam
1268 704 1415 742 pueros
1435 696 1538 732 malo

271 760 484 799 poenaque
512 750 697 788 admonet
715 749 898 798 [adficit]‚
931 759 1009 787 non
1043 748 1135 797 quia
1161 750 1314 797 accepit
1345 749 1538 796 iniuriam,

272 805 346 844 sed
368 805 459 853 quia
481 804 655 842 fecerunt
674 809 712 842 et
730 809 771 842 ut
791 803 974 841 desinant
994 804 1137 841 facere.
1189 803 1246 840 sic
1275 803 1378 841 enim
1407 808 1445 841 et
1472 813 1540 851 pe-

273 870 367 898 cora
387 858 550 896 verbere
570 859 789 904 domantur,
810 867 882 895 nec
902 858 1108 896 irasciinur
1126 856 1214 903 illis,
1232 868 1319 896 cum
1339 866 1538 897 sessorem

270 918 572 959 recusaverunt,
607 913 679 951 sed
709 912 1007 961 conpescimus‚
1041 917 1084 951 ut
1111 911 1226 951 dolor
1253 911 1540 950 contumaciam

270 968 414 1007 vincat.
463 968 568 1015 Ergo
589 973 628 1006 et
648 967 743 1004 illud
762 967 932 1005 solutum
953 966 1077 1013 scies,
1108 967 1215 1014 quod
1236 966 1350 1004 nobis
1372 965 1541 1014 opponi-

272 1028 352 1061 tur:
390 1032 559 1069 „quare‚
593 1022 627 1060 si
654 1032 734 1059 non
755 1021 909 1069 accepit
927 1020 1107 1073 iniuriam
1127 1021 1289 1069 sapiens
1309 1031 1382 1059 nec
1403 1026 1539 1060 contu·

272 1077 446 1122 meliam,
470 1075 581 1124 punit
599 1086 670 1114 eos
692 1075 759 1124 qui
789 1077 1024 1115 fecerunt2“
1066 1086 1146 1114 non
1173 1076 1276 1114 enim
1309 1085 1354 1114 se
1386 1075 1539 1114 ulcisci·

273 1137 347 1179 tur,
369 1132 442 1169 sed
460 1131 549 1169 illos
570 1131 764 1169 emendat.

237 1191 255 1223 1
352 1186 450 1224 XIII.
480 1185 580 1233 Quid
600 1190 660 1223 est
679 1190 820 1231 autem,
839 1195 961 1232 quare
975 1183 1077 1222 hanc
1094 1185 1209 1223 animi
1227 1184 1445 1223 firmitatem
1461 1195 1540 1223 non

274 1241 414 1280 credas
434 1241 474 1278 in
496 1239 619 1278 virum
639 1241 856 1288 sapientem
877 1239 1039 1286 cadere,
1070 1249 1157 1276 cum
1179 1239 1247 1277 tibi
1265 1239 1304 1277 in
1330 1239 1416 1277 aliis
1435 1239 1538 1277 idem

273 1300 422 1342 notare,
443 1295 514 1333 sed
534 1304 614 1332 non
634 1305 684 1332 ex
704 1294 842 1332 eadem
863 1303 984 1331 causa
1003 1295 1143 1331 liceat?
1181 1293 1270 1341 quis
1302 1293 1405 1332 enim
1427 1293 1540 1341 phre-

272 1349 401 1388 netico
423 1349 606 1386 medicus>
620 1349 829 1387 irascitur?
879 1348 968 1396 quis
998 1347 1253 1386 febricitantis
1281 1353 1320 1386 et
1349 1359 1373 1386 a
1399 1348 1541 1395 frigida

235 1409 257 1442 2
272 1403 458 1453 prohibiti
478 1402 686 1441 maledicta
704 1404 743 1441 in
763 1403 905 1440 malam
933 1408 1083 1450 partem
1110 1403 1279 1451 achpit?
1326 1403 1441 1440 Hunc
1471 1402 1539 1440 ad-

273 1461 417 1498 fectum
444 1458 638 1496 adversus
667 1457 793 1496 omnis
830 1457 948 1496 habet
981 1456 1164 1505 sapiens,
1200 1468 1319 1506 quem
1345 1457 1540 1495 adversus

273 1524 415 1562 aegros
436 1524 532 1552 suos
553 1512 751 1560 medicus,
780 1523 947 1560 quorum
967 1522 1040 1550 nec
1060 1512 1281 1558 obscoena,
1312 1511 1346 1550 si
1365 1510 1541 1549 remedio

273 1573 401 1616 egent,
424 1572 668 1607 contrectare
688 1577 760 1605 nec
778 1567 967 1614 reliquias
989 1571 1026 1605 et
1045 1566 1173 1604 effusa
1193 1567 1333 1606 intueri
1353 1566 1540 1614 dedigna-

273 1629 335 1662 tur
355 1634 428 1662 nec
448 1634 519 1672 per
539 1623 709 1661 furorem
732 1622 989 1660 saevientium
1012 1621 1198 1668 excipere
1229 1621 1428 1659 convicia=
1467 1620 1543 1658 scit

275 1678 436 1726 sapiens
455 1677 580 1716 omnis
601 1678 675 1715 hos
696 1677 763 1725 qui
783 1677 904 1724 togati
926 1677 1209 1724 purpuratique
1229 1676 1433 1723 incedunt,
1471 1685 1541 1712 va·

273 1734 399 1770 lentes
420 1734 631 1778 coloratos,
666 1733 768 1770 male
789 1742 910 1770 sanos
934 1741 1038 1778 esse,
1074 1741 1176 1779 quos
1205 1742 1284 1770 non
1307 1731 1417 1768 aliter
1435 1729 1544 1768 videt

275 1798 394 1835 quam
414 1798 556 1835 aegros
576 1787 884 1834 intemperantis.
919 1786 1052 1834 itaque
1073 1796 1122 1824 ne
1142 1789 1350 1824 succenset
1370 1784 1541 1832 quidem,

275 1843 309 1880 si
330 1842 424 1890 quid
451 1843 491 1880 in
515 1842 653 1880 morbo
685 1842 921 1889 petulantius
950 1842 1037 1879 ausi
1058 1846 1149 1880 sunt
1166 1841 1360 1879 adversus
1381 1840 1541 1878 meden-

275 1903 363 1943 tem,
385 1901 423 1934 et
444 1907 521 1945 quo
541 1897 672 1935 animo
693 1897 868 1935 honores
890 1906 1027 1934 eorum
1047 1896 1166 1935 nihilo
1188 1894 1378 1941 aestimat,
1400 1894 1542 1932 eodem

239 1948 261 1982 3
278 1962 415 2000 parum
452 1951 670 1990 honorifice
707 1952 821 1990 sacta.
878 1951 1214 1998 Quemadmodum
1252 1960 1331 1988 non
1370 1949 1544 1996 placebit

277 2005 363 2051 sibi,
386 2005 419 2043 si
440 2007 545 2044 illum
564 2006 769 2044 mendicus
791 2006 972 2052 coluerit,
1002 2016 1075 2044 nec
1103 2004 1376 2043 contumeliam
1395 2003 1541 2042 iudica-

275 2061 340 2108 bit,
363 2060 396 2098 si
415 2060 468 2098 illi
487 2061 603 2099 homo
626 2060 752 2109 plebis
774 2061 930 2099 ultimae
950 2060 1130 2099 salutanti
1148 2063 1319 2097 mutuam
1340 2057 1542 2097 salutatio-

275 2125 365 2153 nem
384 2126 463 2153 non
483 2116 715 2154 reddiderit:
738 2115 796 2154 sic
817 2119 883 2162 [se]
906 2126 955 2153 ne
975 2114 1165 2162 suspiciet
1185 2113 1354 2162 quidem,
1379 2114 1413 2151 si
1433 2113 1540 2150 illum
1562 2123 1566 2127 ’

276 2170 384 2208 multi
404 2169 546 2208 divites
568 2171 832 2218 suspexerint.
872 2171 946 2209 scit
964 2169 1066 2208 enim
1085 2167 1172 2206 illos
1192 2166 1287 2206 nihil
1306 2178 1330 2206 a
1348 2167 1540 2205 mendicis

277 2224 446 2271 differre,
468 2224 584 2262 immo
605 2225 829 2263 miseriores
850 2235 954 2264 esse.
994 2224 1047 2262 illi
1067 2222 1169 2261 enim
1189 2222 1346 2269 exiguo,
1366 2221 1406 2259 hi
1419 2222 1541 2260 multo

277 2284 405 2329 egent.
452 2283 490 2318 et
508 2290 648 2318 rursus
668 2290 748 2318 non
767 2284 957 2328 tangetur,
977 2278 1012 2317 si
1031 2278 1138 2317 illum
1156 2287 1228 2316 rex
1245 2277 1451 2315 Medorum
1470 2276 1538 2314 At·
