1624 2626
307 178 361 220 82
677 176 720 215 L.
748 175 938 214 ANNAEI
967 175 1192 214 SENECAE

304 285 344 319 et
366 288 414 316 ea
432 275 675 324 deprimens,
696 285 799 323 quae
816 274 937 321 mergi
957 274 1032 312 nisi
1049 283 1138 313 cum
1156 279 1356 322 mergente
1371 286 1450 314 non
1469 286 1562 323 pos—

269 338 292 372 3
308 337 411 371 sunt.
462 331 563 378 Quid
589 334 710 378 ergo?
745 340 886 368 sanum
912 328 1015 367 hunc
1042 329 1183 376 aliquis
1203 335 1341 376 vocat,
1372 331 1439 378 qui
1456 331 1564 368 velut

307 389 540 434 tempestate
569 389 773 432 correptus
805 394 883 422 non
912 382 940 420 it
970 383 1043 421 sed
1076 384 1204 431 agitur
1228 388 1266 421 et
1291 384 1434 423 furenti
1459 386 1562 422 malo

307 441 455 478 servit?
478 449 552 477 nec
574 439 732 477 mandat
748 437 935 476 ultionem
954 447 1077 484 suam,
1099 437 1168 475 sed
1189 437 1276 484 ipse
1295 438 1379 476 eius
1402 443 1564 476 exactor

307 494 437 532 animo
458 493 635 532 simulac
649 504 766 530 manu
782 491 907 530 saevit
923 491 1215 529 carissimorum
1230 502 1445 540 eorumque
1461 503 1563 539 quae

270 554 292 588 4
307 560 400 587 mox
418 548 564 586 amissa
584 547 748 586 fleturus
770 552 842 593 est,
864 546 1064 583 carnifex?
1086 545 1191 584 hunc
1209 546 1350 594 aliquis
1367 547 1565 584 adfectum

305 603 436 642 virtuti
460 603 678 641 adiutorem
705 601 966 648 comitemque
990 600 1075 646 dat,
1113 600 1277 638 consilia
1309 601 1395 638 sine
1422 601 1565 648 quibus

306 658 430 695 virtus
446 657 540 694 nihil
557 657 666 704 gerit,
687 655 985 694 obturbantem?
1009 655 1185 692 caducae
1199 654 1458 704 sinistraeque
1475 657 1567 694 sunt

305 712 410 750 vires
431 719 469 749 et
486 710 524 748 in
543 711 686 748 malum
710 720 822 748 suum
842 709 1015 756 validae,
1047 709 1086 746 in
1107 719 1207 756 quas
1225 719 1385 756 aegrum
1406 710 1565 748 morbus

270 775 290 807 5
307 772 345 805 et
365 765 545 803 accessio
566 764 701 802 erexit.
741 764 827 803 Non
856 769 917 802 est
942 774 1036 811 ergo
1065 763 1173 811 quod
1196 773 1259 801 me
1276 769 1391 811 putes
1409 769 1565 811 tempus

305 821 342 858 in
364 819 623 867 supervacuis
643 829 888 864 consumere,
911 818 1020 866 quod
1037 817 1146 866 iram,
1166 818 1279 865 quasi
1299 817 1440 856 dubiae
1459 818 1566 866 apud

304 874 484 912 homines
505 872 701 921 opinionis
722 873 784 920 sit,
802 873 997 919 infamem,
1018 882 1106 910 cum
1125 872 1268 920 aliquis
1287 873 1337 910 sit
1351 877 1389 910 et
1408 873 1565 921 quidem

306 929 356 966 de
378 928 608 966 inlustribus
625 927 896 976 philosophis,
926 926 992 975 qui
1013 926 1066 964 illi
1086 926 1232 965 indicat
1250 938 1394 974 operas
1415 932 1453 965 et
1469 932 1563 965 tam—

306 993 424 1030 quam
449 983 581 1020 utilem
611 992 658 1020 ac
685 982 845 1030 spiritus
874 981 1229 1020 subministrantem
1256 981 1292 1019 in
1325 981 1494 1029 proelia,
1527 981 1565 1019 in

305 1041 417 1075 actus
440 1047 590 1083 rerum,
619 1036 668 1074 ad
689 1047 803 1074 omne
823 1036 1104 1084 quodcumque
1126 1036 1256 1074 calore
1275 1037 1406 1084 aliquo
1427 1045 1564 1083 geren-

269 1101 291 1135 6
306 1092 398 1128 dum
420 1095 491 1138 est,
511 1094 638 1128 vocet.
672 1090 729 1128 Ne
749 1101 864 1139 quem
881 1091 988 1127 fallat
1006 1094 1205 1137 tamquam
1224 1090 1354 1137 aliquo
1375 1095 1565 1137 tempore,

306 1146 438 1192 aliquo
459 1145 548 1183 loco
577 1145 799 1192 profutura,
827 1144 1073 1183 ostendenda
1099 1148 1160 1182 est
1186 1143 1317 1182 rabies
1345 1145 1429 1182 eius
1449 1144 1563 1184 effre·

306 1205 397 1238 nata
429 1203 467 1237 et
493 1199 667 1237 adtonita
698 1199 991 1247 adparatusque
1024 1198 1077 1236 illi
1109 1198 1338 1237 reddendus
1364 1203 1425 1237 est
1455 1209 1565 1245 suus,

307 1254 433 1292 eculei
459 1259 498 1292 et
523 1253 707 1291 fidiculae
745 1258 783 1291 et
809 1253 1009 1300 ergastula
1035 1257 1074 1290 et
1104 1262 1243 1290 cruces
1273 1257 1311 1290 et
1338 1252 1567 1291 circumdati

307 1308 481 1347 defossis
516 1307 751 1355 corporibus
783 1308 896 1355 ignes
928 1311 966 1345 et
993 1306 1187 1344 cadavera
1219 1317 1378 1355 quoque
1406 1307 1565 1346 trahens

307 1373 453 1409 uncus,
481 1362 591 1400 varia
610 1361 858 1400 vinculorum
884 1371 1049 1409 genera,
1074 1360 1182 1399 varia
1203 1371 1435 1408 poenarum,
1463 1363 1566 1399 lace-

305 1417 479 1455 rationes
504 1416 789 1463 membmrum,
813 1415 1091 1464 inscriptiones
1121 1415 1259 1453 frontis
1288 1421 1326 1454 et
1347 1415 1566 1454 bestiarum

306 1472 519 1509 inmanium
543 1481 701 1509 caveae.
742 1471 841 1509 inter
859 1470 957 1508 haec
984 1471 1240 1508 instrumenta
1261 1471 1487 1508 conlocetur
1508 1470 1567 1507 ira

308 1527 434 1564 dirum
466 1525 652 1574 quiddam
679 1529 798 1573 atque
825 1524 1027 1563 horridum
1055 1524 1251 1571 stridens,
1286 1524 1468 1562 omnibus
1495 1535 1567 1572 per

310 1591 411 1629 quae
435 1580 524 1619 furit
542 1580 689 1618 tetrior.

273 1642 292 1674 1
389 1635 456 1673 IV.
490 1635 541 1673 Ut
555 1635 605 1672 de
620 1634 760 1673 ceteris
777 1633 937 1672 dubium
954 1633 1014 1680 sit,
1035 1631 1132 1672 nulli
1147 1637 1252 1671 certe
1269 1633 1438 1671 adfectui
1455 1633 1568 1680 peior

309 1693 370 1727 est
387 1690 526 1736 voltus,
549 1699 664 1736 quem
683 1689 721 1726 in
739 1689 937 1736 prioribus
956 1688 1064 1726 libris
1082 1687 1364 1735 descripsimus
1381 1697 1566 1734 asperum

309 1749 347 1782 et
367 1740 496 1782 acrem
517 1749 555 1782 et
573 1753 677 1781 nunc
697 1744 895 1782 subducto,
917 1748 1113 1781 retrorsus
1139 1743 1355 1789 fugatoque
1375 1743 1567 1788 sanguine

308 1798 535 1846 pallentem,
566 1808 671 1835 nunc
692 1798 731 1835 in
759 1808 805 1836 os
827 1797 931 1835 omni
953 1798 1084 1835 calore
1103 1807 1149 1834 ac
1172 1795 1310 1844 spiritu
1336 1806 1451 1834 verso
1474 1796 1564 1834 sub-

308 1851 570 1891 rubicundum
590 1857 628 1890 et
649 1852 812 1891 similem
833 1857 1007 1899 cruento,
1026 1851 1139 1890 venis
1160 1850 1415 1896 tumentibus,
1441 1851 1566 1888 oculis

309 1918 413 1946 nunc
432 1907 595 1956 trepidis
615 1911 655 1946 et
672 1906 962 1953 exsilientibus,
984 1917 1086 1944 nunc
1106 1906 1144 1944 in
1165 1915 1243 1944 uno
1266 1905 1403 1942 obtutu
1424 1905 1568 1943 defixis

274 1971 295 2003 2
310 1966 348 1999 et
375 1961 638 2000 haerentibus.
689 1961 802 2000 adice
835 1961 1008 1999 dentium
1034 1962 1133 1998 inter
1166 1969 1210 1998 se
1245 1959 1495 1998 arietatorum
1529 1964 1568 1997 et

311 2016 482 2063 aliquem
499 2026 591 2054 esse
609 2015 846 2064 cupientium
865 2026 942 2055 non
963 2014 1078 2053 alium
1095 2024 1235 2053 sonum
1251 2024 1366 2062 quam
1384 2018 1446 2051 est
1459 2014 1567 2061 apris
1597 2033 1602 2039 ·

310 2070 390 2108 tela
408 2081 482 2109 sua
501 2070 642 2109 adtritu
660 2070 904 2109 acuentibus.
947 2070 1060 2108 adice
1085 2068 1335 2107 articulorum
1365 2067 1565 2116 crepitum,

314 2135 402 2163 cum
421 2134 465 2163 se
479 2123 592 2172 ipsae
613 2132 752 2164 manus
771 2125 955 2173 frangunt
972 2128 1010 2163 et
1025 2124 1220 2172 pulsatum
1237 2123 1397 2170 saepius
1415 2127 1567 2170 pectus,

315 2178 510 2218 anhelitus
531 2180 691 2218 crebros
711 2183 937 2228 tractosque
953 2179 1067 2217 altius
1085 2177 1263 2225 gemitus,
1283 2176 1464 2215 instabile
1473 2186 1564 2216 cor-

314 2243 412 2281 pus,
452 2232 601 2271 incerta
632 2235 751 2273 verba
784 2234 923 2273 subitis
957 2231 1303 2272 exclamationibus
1318 2261 1328 2278 ‚
1363 2230 1566 2270 trementia

314 2287 424 2327 labra
450 2287 722 2337 interdumque
750 2298 966 2338 conpressa
994 2291 1033 2326 et
1061 2286 1185 2326 dirum
1213 2286 1398 2335 quiddam
1419 2285 1564 2325 exsibi-
