1592 2580
316 168 382 208 DE
411 164 690 230 BENEFICIIS
718 165 813 204 LIB.
830 164 900 203 IV.
931 169 1089 204 11—13.
1294 161 1348 203 67

61 269 294 316 insolubile,
317 278 405 306 cum
427 266 623 306 creditum
643 266 795 305 nullum
815 275 896 305 non
917 265 1021 303 solvi
1043 269 1111 304 aut
1130 261 1263 314 possit
1281 269 1351 303 aut

64 328 220 367 debeat.
265 324 383 364 Adeo
410 323 650 362 beneficium
680 321 860 361 utilitatis
888 331 1020 368 ,causa
1052 320 1233 359 dandum
1267 330 1348 359 non
1368 326 1391 359 2

64 388 145 431 est,
173 386 217 421 ut
236 391 382 430 saepe,
411 378 749 428 quemadmodum
770 377 872 425 dixi,
902 387 992 416 cum
1012 376 1160 416 damno
1190 374 1258 415 aut
1278 386 1348 426 pe-

63 439 188 479 riculo
209 436 385 476 dandum
406 435 470 474 sit.
502 433 569 473 Sic
589 433 812 472 latronibus
829 432 1143 473 circumventum
1160 432 1350 480 defendo,

63 500 108 535 ut
124 499 208 534 tuto
228 492 400 533 transire
422 491 685 540 permittatur.
731 500 844 528 reum
863 490 991 539 gratia
1020 489 1270 528 laborantem
1290 493 1351 527 tu-

65 562 136 591 eor
162 555 202 589 et
229 548 434 587 hominum
473 546 694 596 potentium
738 546 951 585 factionem
979 545 1019 584 in
1053 555 1117 584 me
1145 549 1353 591 convente,

67 617 167 657 quas
188 605 243 644 illi
265 604 479 643 detraxero
502 603 668 648 sordeS‚
700 601 776 640 sub
797 600 1102 640 accusatoribus
1122 600 1254 640 isdem
1274 600 1353 639 for—

65 669 175 703 tasse
194 665 449 710 sumpturus,
481 669 573 698 cum
605 657 715 696 abire
744 657 784 695 in
813 662 968 707 partem
999 658 1166 696 alteram
1195 656 1351 706 possim

67 724 106 758 et
124 728 294 758 securus
317 719 504 765 spectare
524 715 655 753 aliena
676 714 906 753 certamina.
949 713 1135 762 spondeo
1155 723 1230 762 pro
1251 711 1353 751 iudi-
1374 721 1397 756 3

68 779 158 814 cato
186 778 227 812 et
253 771 469 821 suspensis
491 769 610 809 amici
635 769 754 808 bonis
782 770 958 808 libellum
985 768 1116 808 deicio
1147 768 1355 807 creditori-

67 831 144 869 bus
166 830 254 868 eius
275 839 338 866 me
358 826 620 875 obligaturus.
648 831 692 864 ut
712 826 868 875 possim
889 835 1053 864 servare
1068 825 1355 874 proscriptum,

70 887 159 935 ipse
181 882 487 934 proscriptionis
515 882 739 931 periculum
767 881 884 920 adeo.
931 881 1058 920 Nemo
1084 881 1356 920 Tusculanum

71 947 139 981 aut
157 940 402 980 Tiburtinum
423 942 636 987 paraturus
657 937 902 977 salubritatis
924 947 1050 976 causa
1069 942 1108 976 et
1129 936 1272 976 aestivi
1293 946 1357 974 se·

72 1008 216 1037 cessus
238 1001 360 1046 quoto
381 1005 513 1033 annuo
542 998 750 1043 empturus
779 993 830 1031 sit
858 993 1056 1042 disputat:
1087 1003 1177 1032 cum
1205 991 1357 1039 emerit,

71 1054 264 1093 tuendum
283 1056 359 1091 est.
405 1050 558 1088 Eadem
591 1049 632 1089 in
661 1048 861 1088 beneficio
895 1049 997 1087 ratio
1032 1053 1107 1087 est.
1152 1059 1244 1087 nam
1267 1057 1357 1086 cum
1377 1053 1400 1087 4

73 1107 403 1157 interrogaveriS‚
438 1106 535 1155 quid
570 1105 736 1154 reddat,
767 1104 1050 1153 respondebo:
1079 1104 1229 1143 bonam
1261 1114 1357 1142 con-

74 1165 292 1205 scientiam.
341 1162 445 1211 Quid
476 1161 622 1200 reddat
653 1160 920 1199 beneficium?
966 1160 1031 1198 dic
1050 1165 1093 1199 tu
1112 1159 1230 1207 mihi,
1261 1158 1358 1209 quid

73 1221 216 1260 reddat
239 1219 408 1266 iustitia,
440 1217 538 1266 quid
557 1217 806 1264 innocentia,
836 1216 933 1265 quid
961 1216 1195 1264 magnitudo
1226 1215 1358 1261 animi,

75 1277 170 1326 quid
201 1275 410 1326 pudicitia,
441 1272 540 1323 quid
566 1273 850 1322 temperantia,
880 1272 916 1311 si
947 1271 1165 1321 quicquam
1198 1276 1360 1321 praeter

75 1335 207 1382 ipsas,
235 1334 342 1382 ipsas
363 1340 445 1369 non
470 1329 589 1378 petis.
632 1329 676 1367 In
697 1328 796 1378 quid
822 1327 998 1367 mundus
1021 1328 1136 1366 vices
1165 1338 1261 1367 suas
1290 1325 1359 1365 ab·
1381 1339 1402 1370 5

77 1389 223 1428 solvit?
250 1389 291 1426 in
321 1386 419 1435 quid
446 1386 510 1424 sol
547 1385 653 1424 diem
682 1384 863 1424 extendit
889 1389 929 1423 et
957 1382 1182 1423 contrahit?
1228 1382 1363 1422 omnia

77 1445 153 1484 ista
170 1443 370 1483 beneficia
389 1445 495 1480 sunt.
511 1440 625 1480 'fiunt
644 1441 747 1480 enim
763 1440 883 1479 nobis
899 1440 1122 1489 profutura.
1149 1437 1360 1488 Quomodo

78 1499 216 1539 mundi
236 1497 414 1538 officium
433 1501 496 1535 est
515 1497 788 1545 circumagere
806 1507 941 1535 rerum
962 1495 1164 1543 ordinem,
1193 1504 1363 1545 quomo-

80 1557 132 1595 do
154 1554 274 1603 solis,
303 1553 394 1592 loca
409 1556 564 1592 mutare
591 1563 643 1591 ex
662 1552 808 1602 quibus
837 1551 1005 1600 oriatur,
1034 1551 1074 1589 in
1104 1562 1208 1600 quae
1234 1550 1362 1597 cedat,

81 1618 119 1651 et
138 1611 238 1649 haec
259 1609 450 1649 salutaria
467 1607 588 1647 nobis
609 1608 743 1647 facere
762 1609 851 1647 sine
871 1607 1071 1657 praemio:
1098 1607 1152 1646 ita
1172 1606 1248 1646 viri
1272 1605 1360 1644 offi-

82 1668 186 1706 cium
206 1670 269 1705 est
287 1666 389 1704 inter
411 1664 488 1702 alia
506 1667 546 1702 et
565 1663 803 1703 beneficium
831 1664 942 1704 dare.
992 1663 1122 1712 Quare
1149 1673 1246 1712 ergo
1268 1661 1363 1700 dat?

82 1734 133 1762 ne
151 1733 232 1762 non
252 1722 338 1768 det,
368 1730 420 1758 ne
440 1719 698 1759 occasionem
717 1719 996 1759 benefaciendi
1017 1719 1173 1769 perdat.

162 1778 265 1817 XIII.
290 1776 421 1816 Vobis
450 1776 635 1825 voluptas
668 1779 731 1814 est
757 1775 896 1815 inertis
930 1775 1018 1824 otii,
1048 1776 1183 1814 faeere
1217 1785 1361 1823 corpu·
1388 1785 1404 1817 1

85 1835 239 1874 sculum
258 1838 298 1872 et
316 1832 571 1871 securitatem
594 1831 737 1880 sopitis
757 1830 997 1870 simillimam
1015 1831 1208 1880 adpetere
1229 1837 1268 1869 et
1288 1830 1364 1869 sub

86 1892 212 1930 densa
230 1889 373 1928 umbra
391 1888 545 1927 latitare
566 1887 874 1936 tenerrimisque
900 1886 1230 1936 cogitationibus,
1262 1897 1364 1935 quas

86 1946 406 1995 tranquillitatem
427 1943 599 1990 vocatis,
632 1943 752 1981 animi
771 1943 985 1982 marcentis
1005 1941 1208 1982 oblectare
1227 1947 1365 1991 torpo-

86 2013 171 2041 rem
189 2007 229 2041 et
250 2001 349 2040 cibis
372 1999 687 2050 potionibusque
706 1998 809 2038 intra
827 1999 1034 2045 hortorum
1056 1997 1249 2037 latebram
1277 2007 1365 2037 cor-

88 2068 189 2106 pora
207 2057 367 2106 ignavia
394 2055 583 2105 pallentia
603 2054 809 2103 saginare:
839 2055 957 2094 nobis
974 2054 1163 2102 voluptas
1184 2059 1247 2093 est
1267 2053 1366 2093 dare
1384 2059 1406 2094 2

88 2113 285 2152 beneficia
302 2113 368 2151 vel
389 2112 614 2159 laboriosa,
642 2110 737 2149 dum
756 2111 922 2150 aliorum
949 2110 1110 2148 labores
1133 2110 1278 2158 levent,
1299 2109 1365 2147 vel

91 2170 338 2218 periculosa,
368 2168 463 2207 dum
493 2168 595 2207 alios
625 2166 815 2216 periculis
845 2165 1073 2212 extrahant,
1102 2166 1170 2204 vel
1186 2165 1367 2204 rationes

91 2230 251 2264 nostras
268 2224 554 2272 adgravatura‚
585 2223 679 2261 dum
703 2222 872 2261 aliorum
891 2222 1153 2260 necessitates
1181 2225 1220 2261 et
1242 2230 1364 2270 angu-

91 2278 191 2319 stias
209 2281 354 2320 laxent.
401 2279 504 2328 Quid
531 2289 623 2318 mea
651 2278 816 2317 interest
844 2289 894 2317 an
921 2277 1114 2326 recipiam
1145 2276 1370 2316 beneficia?
1386 2282 1410 2318 3

94 2334 212 2376 etiam
228 2346 318 2377 cum
335 2345 550 2386 recepero,
581 2335 716 2374 danda
736 2338 840 2374 sunt.
887 2333 1133 2374 Beneficium
1154 2332 1240 2374 eius
1257 2343 1364 2374 com-

1098 2387 1151 2430 5*
