1624 2626
309 193 389 234 206
570 193 612 231 L.
639 169 827 232 ANNA'EI
855 192 1078 233 SENECAE
1105 196 1234 235 mAL.
1248 197 1295 236 x.

309 291 562 339 tatissimum,
593 291 702 340 quod
719 290 925 339 vigilantes
943 292 1258 342 dormientesque
1277 293 1416 333 eodem
1431 296 1555 344 gradu

310 346 497 393 facimus,
524 345 729 394 occupatis
748 357 827 384 non
847 346 1011 394 adparet
1027 347 1102 386 nisi
1121 347 1160 386 in
1179 349 1268 386 fine.

273 407 293 440 1
386 401 435 439 Χ.
463 400 602 448 Quod
629 400 873 449 proposui
898 401 940 438 si
967 400 1011 439 in
1040 407 1209 450 partes
1239 402 1383 440 velim
1407 407 1453 441 et
1479 413 1554 442 ar-

310 460 539 504 gumenta
565 455 827 501 diducere,
857 455 1007 494 multa
1024 455 1138 494 mihi
1156 462 1442 506 occurrent,
1471 468 1556 506 per

311 520 437 558 quae
464 510 668 558 probem
694 508 1044 548 brevissimam
1064 520 1178 549 esse
1199 515 1555 559 occupatorum

310 565 468 602 vitam.
516 563 677 603 Solebat
703 563 834 602 dicere
860 563 1076 612 Fabianus,
1104 576 1182 603 non
1201 576 1251 603 ex
1269 565 1330 603 his
1351 565 1552 604 cathedra-

308 618 377 656 riis
394 617 661 667 philosophis,
680 618 752 656 sed
769 628 819 656 ex
834 618 937 657 veris
953 623 990 656 et
1005 619 1193 667 antiquis:
1227 621 1366 658 Contra
1380 620 1556 667 adfectus

309 675 453 722 inpetu,
482 684 557 711 non
575 673 777 711 subtilitate
788 674 1062 721 puqnandum,
1081 685 1150 713 nec
1168 676 1318 713 minutis
1332 675 1554 722 volneribus,

308 727 378 766 sea
405 729 562 765 incursu
589 727 833 765 avertendam
859 729 978 766 aciem
996 739 1069 766 non
1080 729 1265 777 probam:
1298 730 1556 768 cavillationes

308 783 408 820 enim
426 781 609 820 contundi
625 782 777 828 debere,
803 792 878 820 non
897 783 1078 821 vellicari.
1131 783 1272 820 Tamen
1294 788 1335 822 ut
1353 782 1427 821 illis
1445 793 1555 821 error

311 836 570 884 exprobretur
585 846 703 883 suus,
735 835 923 884 docendi,
950 847 1028 875 non
1044 841 1188 875 tantum
1205 837 1438 885 deplorandi
1453 842 1555 876 sunt.

273 890 361 931 21n
388 890 487 928 tria
513 894 734 938 tempora
757 889 861 929 vita
891 891 1155 929 dividitur:
1195 892 1303 940 quod
1326 891 1417 939 fuit,
1448 892 1556 940 quod

311 949 389 992 est,
420 944 524 993 quod
551 944 721 983 futurum
747 949 818 983 est.
865 955 917 982 ex
937 944 998 983 his
1019 946 1127 994 quod
1147 946 1316 994 agimus,
1345 946 1464 984 breve
1483 950 1556 994 est,

311 999 421 1047 quod
440 997 562 1036 acturi
582 1009 740 1045 sumus,
769 998 947 1044 dubium,
970 1000 1077 1047 quod
1098 999 1268 1048 egimus,
1293 1005 1452 1038 certum.
1480 999 1555 1038 hoc

311 1058 372 1091 est
395 1053 515 1100 enim,
547 1051 584 1090 in
617 1052 724 1101 quod
751 1053 906 1090 fortuna
929 1053 989 1091 ius
1010 1054 1198 1101 perdidit,
1229 1055 1336 1102 quod
1354 1054 1392 1092 in
1412 1054 1555 1093 nullius

311 1106 511 1145 arbitrium
529 1107 664 1144 reduci
682 1111 824 1155 potest.
855 1106 930 1144 hoc
950 1107 1126 1146 amittunt
1145 1108 1337 1156 occupati.
1366 1119 1438 1148 nec
1454 1109 1556 1147 enim

311 1161 385 1200 illis
406 1165 521 1199 vacat
541 1161 748 1209 praeterita
765 1161 980 1209 respicere,
1008 1166 1045 1200 et
1064 1162 1097 1199 si
1112 1167 1243 1209 vacet,
1268 1163 1477 1201 iniucunda
1496 1167 1556 1201 est

274 1224 296 1258 3
310 1215 571 1263 poenitendae
589 1215 645 1253 rei
663 1214 895 1253 recordatio.
924 1215 1031 1254 inviti
1051 1215 1182 1264 itaque
1199 1217 1247 1254 ad
1263 1221 1440 1264 tempora
1455 1218 1555 1254 male

311 1274 450 1307 exacta
468 1269 637 1307 animum
655 1274 842 1307 revocant
861 1280 934 1307 nec
954 1270 1098 1308 audent
1116 1280 1163 1307 ea
1181 1275 1432 1319 retemptare,
1458 1281 1555 1318 quo-

310 1335 397 1362 rum
424 1323 535 1371 vitia,
564 1324 677 1362 etiam
699 1333 801 1372 quae
827 1324 959 1371 aliquo
979 1325 1197 1372 praesentis
1216 1325 1429 1372 voluptatis
1448 1326 1555 1363 leno-

312 1378 415 1416 cinio
437 1378 772 1426 subripiebantur‚
792 1379 1038 1416 retractando
1058 1383 1278 1426 patescunt.
1317 1379 1438 1417 Nemo
1451 1409 1460 1426 ,
1479 1379 1556 1417 nisi

312 1443 338 1470 a
357 1444 436 1481 quo
456 1430 586 1472 omnia
605 1437 692 1471 acta
712 1436 803 1470 sunt
821 1432 896 1470 sub
915 1442 1082 1471 censura
1101 1443 1192 1479 sua,
1224 1444 1324 1481 quae
1345 1444 1557 1481 numquam

276 1490 298 1525 4
312 1487 472 1534 fallitur,
509 1486 674 1525 libenter
706 1497 750 1525 se
780 1486 820 1523 in
854 1488 1103 1534 praeteritum
1134 1491 1345 1535 retorquet.
1395 1487 1463 1526 Ille
1490 1488 1556 1535 qui

312 1543 432 1580 multa
450 1540 655 1580 ambitiose
675 1539 892 1588 concupiit,
917 1542 1088 1589 superbe
1107 1542 1358 1590 contempsit,
1378 1542 1554 1590 inpoten—

311 1600 371 1634 ter
389 1595 499 1643 vicit,
518 1596 709 1634 insidiose
729 1595 901 1643 decepit,
923 1606 1040 1634 avare
1058 1597 1204 1644 rapuit,
1228 1597 1392 1644 prodige
1408 1596 1555 1643 effudit,

312 1660 480 1688 necesse
498 1654 559 1688 est
584 1649 809 1688 memoriam
829 1660 940 1687 suam
957 1650 1108 1688 timeat:
1136 1652 1242 1698 atqui
1265 1651 1444 1690 haecfest
1461 1660 1555 1699 pars

311 1703 501 1753 temporis
519 1704 642 1743 nostri
661 1714 776 1742 sacra
796 1714 843 1742 ac
863 1704 1061 1752 dedicata,
1083 1704 1209 1743 omnis
1226 1705 1418 1743 humanos
1439 1714 1555 1743 casus

314 1769 593 1807 supergressa,
616 1763 726 1797 extra
742 1768 903 1806 regnum
919 1759 1096 1797 fortunae
1112 1758 1323 1805 subducta,
1346 1769 1461 1806 quam
1476 1769 1555 1797 non

312 1813 468 1861 inopia,
505 1824 585 1852 non
618 1818 765 1860 metus,
805 1824 885 1852 non
909 1813 1135 1852 morborum
1166 1814 1346 1851 incursus
1374 1813 1554 1860 exagitet.

312 1867 412 1906 haec
430 1877 504 1905 nec
523 1868 668 1906 turbari
687 1878 761 1906 nec
780 1867 878 1916 eripi
895 1873 1044 1915 potest:
1074 1872 1261 1916 perpetua
1281 1867 1366 1905 eius
1385 1872 1423 1905 et
1440 1867 1555 1906 intre-

313 1922 406 1970 pida
433 1921 640 1971 possessio
667 1927 739 1961 est.
784 1923 925 1970 singuli
950 1927 1098 1961 tantum
1124 1922 1229 1969 dies,
1256 1925 1295 1959 et
1318 1921 1357 1959 hi
1383 1932 1456 1970 per
1473 1931 1554 1959 mo·

313 1981 463 2024 menta,
501 1982 729 2025 praesentes
762 1982 870 2015 sunt:
907 1981 948 2015 at
978 1976 1172 2025 praeteriti
1192 1976 1384 2023 'temporis
1406 1985 1554 2021 omnes,

316 2040 401 2068 cum
425 2031 637 2079 iusseritis,
666 2031 849 2078 aderunt,
881 2031 932 2070 ad
948 2031 1145 2070 arbitrium
1161 2035 1267 2068 tuum
1287 2029 1428 2078 inspici
1447 2039 1491 2068 se
1508 2040 1555 2067 ac

278 2097 300 2130 5
316 2084 478 2123 detineri
498 2087 711 2134 patientur,
736 2087 843 2134 quod
862 2087 993 2124 facere
1013 2084 1211 2132 occupatis
1228 2095 1306 2123 non
1321 2088 1447 2122 vacat.
1486 2083 1553 2122 Se-

316 2148 432 2176 curae
447 2145 485 2178 et
501 2141 653 2190 quietae
667 2141 806 2179 mentis
823 2145 884 2179 est
897 2140 935 2178 in
952 2149 1085 2179 omnes
1099 2138 1202 2177 vitae
1218 2149 1315 2177 suae
1329 2142 1461 2187 partes
1475 2138 1554 2176 dis-

315 2203 494 2231 currere=
531 2200 810 2244 occupatorum
839 2195 974 2242 animi,
1007 2194 1113 2232 velut
1139 2193 1212 2231 sub
1244 2194 1336 2241 iugo
1362 2193 1454 2240 sint,
1485 2191 1554 2230 fle-

314 2251 421 2285 ctere
440 2258 484 2285 se
503 2259 549 2287 ac
566 2250 766 2298 respicere
785 2261 863 2289 non
884 2253 1062 2298 possunt.
1092 2247 1171 2285 abit
1188 2248 1303 2295 igitur
1319 2247 1400 2286 vita
1417 2256 1554 2285 eorum

315 2301 354 2339 in
378 2302 616 2350 profundum
634 2310 672 2345 et
697 2309 740 2344 ut
756 2305 851 2344 nihil
869 2303 1049 2353 prodest,
1074 2301 1165 2341 licet
1185 2306 1370 2351 quantum
1388 2300 1481 2340 libet
1498 2301 1554 2339 in-
