1624 2626
277 177 410 218 DIAL.
429 177 480 216 V.
517 176 584 216 DE
610 176 702 215 IRA
729 175 823 215 LIB.
852 175 918 214 111.
944 180 1101 216 22—25.
1277 171 1331 214 99

14 275 16 279 ’
55 280 156 320 ranti
176 278 321 319 deinde
340 277 640 317 excusationem
660 276 810 316 obstitit
828 280 884 315 et:
914 276 1092 325 „fruere,
1113 274 1258 325 inquit,
1277 275 1331 313 mi

54 336 198 383 Pollio,
220 336 391 374 fruere.“
418 338 458 372 et
480 344 569 372 cum
582 333 719 381 Pollio,
741 331 906 371 diceret:
926 331 1001 381 „,si
1020 331 1148 380 iubes,
1171 331 1329 380 Caesar,

56 392 186 431 statim
206 391 260 429 illi
281 391 400 429 domo
416 399 505 427 mea
519 388 805 427 interdicam.“‘
833 387 943 436 „Hoc
958 398 1033 435 me,
1054 388 1191 436 inquit,
1213 392 1329 436 putas

55 448 268 492 facturum,
300 456 388 485 cum
409 456 484 494 ego
511 455 585 483 vos
605 444 645 483 in
666 444 830 493 gratiam
855 443 1146 482 reduxeri1n2“
1185 442 1331 482 Fuerat

55 503 159 542 enim
187 502 403 552 aliquando
429 500 632 548 Timageni
658 500 784 539 Pollio
812 499 936 538 iratus
965 509 1041 538 nec
1067 500 1187 538 ullam
1213 499 1330 538 aliam
1367 523 1373 530 κ

54 558 247 597 habuerat
267 568 429 596 causam
449 556 671 604 desinendi,
695 566 814 604 quam
834 555 943 603 quod
960 554 1107 594 Caesar
1128 561 1328 603 coeperat.

135 614 274 653 XXIV.
305 614 417 652 Dicat
436 613 569 661 itaque
590 612 666 650 sibi
689 612 871 660 quisque,
895 610 1079 660 quotiens
1095 610 1326 650 lacessitur:
1344 613 1363 647 1

54 669 246 719 numquid
267 669 466 718 potentior
486 679 574 707 sum
590 667 801 716 Philippo?
817 667 870 706 illi
891 671 1021 706 tamen
1041 667 1191 716 inpune
1208 667 1329 705 male-

54 726 200 764 dictum
227 730 301 763 est.
343 724 536 772 numquid
564 724 603 762 in
631 723 751 762 domo
778 732 868 760 mea
895 723 986 771 plus
1014 734 1182 771 possum
1211 733 1330 771 quam

52 786 135 820 toto
165 781 262 820 orbe
289 785 484 819 terrarum
519 779 635 817 divus
663 779 870 828 Augustus
905 778 1059 827 potuit?
1099 779 1165 817 ille
1198 782 1330 817 tamen

54 841 264 876 contentus
299 836 371 874 fuit
404 846 428 873 a
459 835 727 874 conviciatore
767 845 843 873 suo
877 833 1081 872 secedere.
1136 833 1237 881 Quid
1270 836 1368 872 est2

55 902 178 941 quare
198 902 273 939 ego
295 890 400 930 servi
419 890 496 929 mei
516 890 661 928 clarius
678 900 920 938 responsum
940 893 978 928 et
996 890 1331 928 contumaciorem

54 948 206 987 voltum
235 952 275 986 et
301 957 382 985 non
412 946 707 995 pervenientem
735 955 868 993 usque
895 945 947 983 ad
973 955 1036 983 me
1055 945 1330 985 murmuratio-

54 1013 144 1042 nem
173 1002 342 1051 ssagellis
376 1007 415 1040 et
447 1001 698 1050 conpedibus
732 1001 918 1048 expiem?
960 1000 1049 1048 quis
1078 1011 1186 1049 sum,
1215 999 1330 1039 cuius

53 1069 171 1097 aures
191 1057 295 1096 laedi
315 1058 427 1095 nefas
447 1057 524 1095 sit?
551 1056 791 1105 ignoverunt
806 1054 916 1094 multi
931 1055 1135 1095 hostibus:
1157 1066 1232 1104 ego
1249 1068 1329 1096 non

51 1115 257 1162 ignoscam
279 1112 420 1162 pigris,
450 1111 772 1160 neglegentibus,
801 1111 1002 1160 garrulis?
1027 1111 1196 1150 Puerum
1217 1117 1328 1151 aetas
1343 1119 1366 1153 3

51 1173 231 1216 excuset,
249 1168 434 1207 feminam
455 1178 599 1216 sexus,
621 1171 853 1206 extraneum
872 1167 1045 1215 libertas,
1066 1167 1329 1207 domesticum

51 1224 305 1264 familiaritas.
345 1224 458 1262 Nunc
485 1224 654 1272 primum
684 1222 866 1262 offendit:
898 1222 1117 1271 cogitemus
1139 1224 1330 1272 quamdiu

50 1279 256 1330 placuerit.
292 1290 415 1329 saepe
435 1284 473 1318 et
498 1279 597 1317 alias
618 1278 802 1317 offendit:
827 1279 1001 1318 feramus
1023 1280 1133 1328 quod
1153 1279 1222 1318 diu
1240 1279 1327 1318 tuli-

50 1346 153 1374 mus.
192 1334 340 1374 amicus
361 1340 441 1374 est:
463 1334 556 1373 fecit
575 1334 683 1384 quod
705 1334 839 1374 noluit.
875 1333 1076 1373 inimicus:
1106 1335 1199 1374 fecit
1219 1335 1328 1385 quod

52 1391 199 1430 debuit.
239 1390 487 1430 Prudentiori
516 1391 745 1429 credamus:
776 1390 943 1431 stultiori
961 1391 1218 1432 remittamus.
1255 1394 1366 1440 pro4

53 1456 307 1495 quocumque
339 1447 436 1485 illud
468 1446 584 1485 nobis
624 1446 962 1495 respondeamus,
985 1446 1326 1498 vsapientissimos

55 1511 217 1550 quoque
241 1502 350 1540 viros
374 1503 496 1540 multa
522 1502 774 1550 delinquere,
801 1500 999 1540 neminem
1026 1512 1120 1541 esse
1145 1508 1223 1542 tam
1253 1503 1326 1541 cir·

54 1561 347 1611 cumspectum‚
382 1558 494 1595 cuius
531 1568 610 1596 non
639 1557 843 1606 diligentia
875 1556 1090 1605 aliquando
1126 1558 1202 1600 sibi
1236 1559 1327 1607 ipsa

53 1611 230 1659 excidat,
259 1613 455 1651 neminem
474 1618 551 1651 tam
573 1617 780 1660 maturum,
802 1612 914 1652 cuius
934 1624 1014 1652 non
1035 1614 1265 1662 gravitatem
1285 1613 1325 1652 in

52 1667 219 1715 aliquod
247 1667 437 1706 fervidius
465 1668 610 1706 factum
639 1679 758 1707 casus
785 1668 983 1717 inpingat,
1021 1669 1218 1708 neminem
1246 1674 1327 1709 tam

51 1723 230 1762 timidum
251 1723 506 1770 offensarum,
528 1724 595 1772 qui
615 1734 694 1762 non
713 1724 751 1762 in
773 1724 872 1772 illas,
893 1725 986 1763 dum
1007 1726 1113 1773 vitat,
1134 1726 1297 1764 incidat.

133 1779 254 1817 XXV.
287 1779 494 1826 Quomodo
514 1778 663 1817 homini
684 1780 828 1828 pusillo
849 1781 1033 1820 solatium
1048 1780 1087 1819 in
1107 1782 1220 1820 malis
1242 1781 1324 1828 fuit,
1344 1786 1362 1819 l

53 1834 170 1873 etiam
190 1845 423 1883 magnorum
443 1834 619 1873 virorum
644 1835 812 1874 titubare
839 1836 1049 1884 fortunam,
1079 1842 1117 1875 et
1136 1837 1327 1885 aequiore

53 1889 184 1928 animo
204 1890 326 1929 filium
343 1890 381 1928 in
399 1891 543 1939 angulo
561 1889 681 1939 flevit,
698 1891 765 1939 qui
779 1891 877 1931 vidit
891 1891 1037 1931 acerba
1054 1893 1193 1930 funera
1209 1893 1325 1932 etiam

53 1956 104 1983 ex
129 1946 240 1994 regia
267 1946 378 1984 duci:
407 1945 466 1984 sic
494 1945 626 1984 animo
654 1947 844 1995 aequiore
871 1948 946 1987 sert
973 1947 1022 1986 ab
1052 1947 1187 1996 aliquo
1208 1949 1325 1996 laedi,

52 2001 102 2039 ab
121 2001 255 2050 aliquo
276 2002 493 2049 contemni,
524 2001 761 2050 cuicumque
788 2003 897 2041 venit
920 2003 960 2041 in
987 2008 1157 2041 mentem
1178 2004 1325 2042 nullam

52 2066 145 2094 esse
175 2062 322 2096 tantam
356 2058 588 2106 potentiam,
622 2057 662 2095 in
695 2069 814 2106 quam
846 2069 926 2097 non
961 2064 1145 2098 occurrat
1170 2059 1323 2099 iniuria.

52 2111 167 2159 Quod
193 2112 228 2150 si
260 2113 376 2151 etiam
406 2112 706 2162 prudentissimi
735 2118 919 2162 peccant,
964 2113 1076 2152 cuius
1104 2125 1184 2153 non
1212 2118 1361 2155 error2

50 2167 201 2206 bonam
219 2178 381 2207 causam
399 2169 545 2207 habet?
585 2168 862 2217 Respiciamus
884 2168 1067 2218 quotiens
1087 2170 1321 2210 adulescen-

51 2223 107 2261 tia
132 2227 271 2262 nostra
297 2224 336 2262 in
365 2225 499 2263 officio
529 2235 669 2272 parum
696 2223 864 2272 diligens
893 2224 1028 2272 suerit,
1063 2224 1103 2264 in
1137 2237 1322 2266 sermone

52 2288 194 2327 parum
211 2279 411 2328 modesta,
439 2280 479 2318 in
497 2281 590 2319 vino
613 2290 751 2328 parum
770 2285 1008 2329 temperans.
1046 2282 1081 2320 si
1106 2282 1228 2322 iratus
1248 2288 1321 2329 est,

55 2334 194 2374 demus
211 2334 264 2374 illi
281 2337 463 2386 spatium,
485 2347 565 2386 quo
582 2336 780 2386 dispicere
800 2335 897 2386 quid
911 2337 1047 2376 fecerit
1061 2338 1208 2385 possit:
1233 2338 1321 2388 ipse

1063 2397 1084 2433 7
1101 2392 1121 2417 ἡ(
