1624 2626
0 363 4 540 l

0 541 3 637 ι

214 171 282 209 AD
302 167 543 208 MARCIAM
571 167 637 207 DE
667 165 1064 206 CONSOLATIONE.
1095 171 1150 206 10.
1173 171 1226 206 11.
1289 163 1363 205 121

90 270 261 322 pectoris
285 268 596 318 dispensandae.
636 267 747 316 Quae
775 266 921 307 deinde
948 267 1026 306 ista
1045 278 1144 306 suae
1163 267 1370 317 publicae-

91 337 170 377 que
189 325 436 365 condicionis
463 324 611 364 oblivio
641 328 729 363 est?
764 323 944 362 Mortalis
973 328 1065 362 nata
1093 334 1150 372 es,
1178 323 1368 362 mortales

87 381 293 432 peperisti.
334 387 449 430 putre
477 380 568 429 ipsa
585 380 831 428 fluidumque
851 389 1001 427 corpus
1030 384 1069 418 et
1096 380 1232 419 causis
1250 389 1368 428 repe—

88 438 159 478 tita
177 437 350 487 sperasti
374 442 455 476 tam
482 436 667 474 inbecilla
695 434 859 474 materia
882 435 1013 474 solida
1040 440 1080 474 et
1107 440 1271 474 aeterna
1299 444 1368 483 ge-

87 499 220 534 stasse
234 497 254 531 2³
307 491 492 532 Decessit
510 491 615 530 filius
638 497 742 538 tuus,
771 491 813 530 id
832 495 912 539 est,
934 491 1162 530 decucurrit
1189 491 1242 530 ad
1260 490 1369 529 hunc
1383 491 1406 525 2

87 550 220 597 finem,
240 548 292 587 ad
313 559 432 597 quem
453 558 557 597 quae
576 547 756 587 feliciora
770 552 886 596 partu
905 549 974 586 tuo
994 551 1368 598 putas‚properant.

87 606 166 644 huc
185 605 315 644 omnis
346 605 424 643 ista
450 614 554 653 quae
581 603 620 642 in
648 605 736 643 foro
765 602 900 652 litigat,
925 602 965 641 in
995 602 1156 642 theatris
1178 603 1369 651 [desidet],

86 662 127 700 in
145 660 303 710 templis
324 665 510 709 precatur
526 659 641 699 turba
659 658 811 708 dispari
830 658 958 708 gradu
976 659 1097 698 vadit.
1127 663 1167 698 et
1187 668 1291 708 quae
1311 658 1370 697 di-

87 717 177 766 ligis
199 715 434 764 [veneraris]
457 721 495 754 et
523 725 628 764 quae
653 714 843 764 despicis,
870 725 974 754 unus
994 713 1235 763 exaequabit
1255 713 1370 752 cinis.

86 773 175 812 Hoc
193 771 381 811 videlicet
398 772 465 810 illa
482 771 659 822 Pythicis
689 771 861 810 oraculis
890 771 1093 820 adscripta
1110 770 1274 810 NOSCE
1294 770 1370 808 TE.

89 827 216 876 Quid
247 832 326 866 est
358 827 532 867 homo?
570 826 777 876 quodlibet
804 837 998 876 quassum
1025 837 1097 865 vas
1125 831 1165 866 et
1193 825 1411 876 quolibet3

90 884 229 932 fragile
248 883 406 922 iactatu.
445 894 525 923 non
545 886 784 932 tempestate
803 893 960 931 magna,
988 886 1031 921 ut
1057 881 1280 931 dissiperis,
1310 886 1373 921 est

90 950 207 988 opus.
245 939 487 988 ubicumque
506 938 753 986 arietaveris,
781 938 966 978 solveris.
994 938 1105 988 quid
1132 943 1195 977 est
1222 938 1372 976 homo't³

88 994 316 1034 inbecillum
339 1005 487 1044 corpus
509 999 547 1033 et
573 995 722 1043 fragile,
743 994 908 1041 nudum,
936 998 1080 1042 suapte
1103 998 1245 1032 natura
1266 994 1369 1032 iner—

89 1061 165 1098 me,
186 1050 341 1089 alienae
355 1051 446 1099 opis
462 1050 659 1099 indigens,
681 1050 734 1088 ad
750 1049 880 1089 omnis
900 1050 1085 1088 fortunae
1107 1049 1371 1088 contumelias

90 1106 326 1156 proiectum,
347 1117 436 1145 cum
464 1106 567 1145 bene
594 1107 768 1145 lacertos
797 1105 987 1153 exercuit,
1019 1104 1234 1144 cuiuslibet
1260 1105 1371 1144 ferae

90 1162 292 1211 pabulum,
314 1162 525 1201 cuiuslibet
534 1162 702 1209 victima,
725 1172 776 1200 ex
791 1160 959 1200 infirmis
976 1160 1195 1210 ssuidisque
1206 1165 1371 1200 contex-

90 1223 172 1257 tum
191 1223 230 1257 et
247 1217 498 1257 lineamentis
526 1217 792 1257 exterioribus
813 1217 992 1266 nitidum,
1019 1216 1191 1265 frigoris,
1221 1222 1371 1266 aestus,

90 1273 240 1313 laboris
259 1272 474 1322 inpatiens,
494 1274 585 1323 ipso
601 1283 743 1313 rursus
760 1273 839 1312 situ
851 1278 892 1312 et
910 1273 990 1313 otio
1007 1273 1152 1312 iturum
1171 1274 1211 1311 in
1226 1273 1371 1321 tabem,

91 1329 275 1368 alimenta
294 1335 476 1369 metuens
496 1341 582 1377 sua,
604 1341 775 1379 quorum
793 1329 956 1369 modum
977 1331 1033 1377 [in
1047 1331 1161 1380 copia
1180 1330 1374 1369 excedens

90 1387 163 1432 vel]
183 1386 220 1423 in
242 1384 380 1434 inopia
395 1387 602 1443 rumpitur,
631 1386 775 1424 anxiae
795 1384 1073 1434 sollicitaeque
1099 1386 1258 1432 tutelae,
1280 1395 1372 1434 pre-

94 1440 189 1480 carii
209 1441 370 1490 spiritus
387 1447 426 1480 et
440 1443 543 1480 male
557 1441 772 1480 haerentis.
811 1441 936 1490 *qua*
953 1446 1108 1490 partum
1118 1441 1372 1490 repentinum
1387 1442 1410 1478 4

93 1496 248 1535 auditus
265 1497 471 1545 inproviso
492 1509 618 1537 sonus
639 1498 803 1537 auribus
823 1498 960 1546 gravis
981 1497 1140 1536 excutit.
1172 1497 1248 1536 soli
1268 1507 1372 1536 sem-

93 1562 168 1601 per
192 1551 269 1590 sibi
287 1553 562 1592 nutrimentum
580 1554 765 1593 vitiosum
783 1559 822 1593 et
840 1553 989 1593 inutile.
1025 1554 1215 1592 miramur
1233 1553 1273 1591 in
1293 1553 1372 1592 hoc

93 1612 274 1654 mortem,
303 1618 407 1656 quae
433 1610 552 1648 unius
573 1609 767 1658 singultus
785 1621 890 1658 opus
919 1613 1007 1648 est?
1044 1608 1239 1658 numquid
1266 1609 1373 1648 enim

94 1667 138 1703 ut
158 1663 355 1712 concidat,
374 1665 507 1713 magni
524 1676 590 1704 res
610 1666 825 1704 molimenti
844 1670 933 1705 est?
974 1665 1078 1705 odor
1093 1665 1147 1703 illi
1168 1675 1374 1714 saporque

93 1723 134 1758 et
150 1719 347 1758 lassitudo
369 1724 408 1759 et
426 1719 560 1769 vigilia
573 1725 612 1759 et
629 1721 771 1760 humor
791 1726 830 1760 et
848 1722 961 1760 cibus
981 1726 1021 1761 et
1040 1721 1128 1760 sine
1149 1721 1295 1770 quibus
1316 1721 1372 1759 vi-

92 1785 188 1814 vere
198 1786 277 1814 non
291 1780 435 1823 potest,
456 1777 657 1815 mortifera
676 1782 781 1816 sunt.
819 1788 1074 1827 quocumque
1094 1777 1273 1816 semovit
1293 1781 1373 1815 sta-

92 1831 160 1870 tim
179 1830 416 1870 infirmitatis
438 1843 538 1871 suae
565 1833 781 1881 conscium,
809 1845 888 1873 non
910 1844 1029 1872 omne
1049 1834 1204 1872 coelum
1226 1833 1373 1881 ferens,

94 1897 287 1935 aquarum
303 1887 544 1926 novitatibus
561 1887 738 1938 flatuque
752 1900 832 1928 non
849 1889 1051 1928 familiaris
1069 1899 1191 1928 aurae
1207 1893 1247 1927 et
1260 1893 1373 1928 tenu-

92 1942 242 1982 issimis
266 1943 401 1982 causis
420 1949 540 1992 atque
558 1943 848 1987 offensionibus
871 1944 1108 1993 morbidum,
1130 1948 1258 1993 putre,
1279 1953 1373 1984 cau-

93 1999 255 2046 sarium‚
277 1998 373 2038 fletu
394 2000 514 2038 vitam
535 2000 797 2048 auspicatum,
827 2012 915 2040 cum
935 2000 1090 2039 interim
1112 2004 1286 2049 quantos
1312 2005 1372 2040 tu-

92 2055 238 2093 multus
258 2054 335 2093 hoc
365 2060 441 2094 tam
469 2061 738 2104 contemptum
767 2057 912 2095 animal
936 2060 1098 2095 movet?
1134 2055 1174 2094 in
1202 2060 1372 2104 quantas

94 2110 355 2159 cogitationes
376 2111 540 2151 oblitum
562 2112 810 2151 condicionis
831 2122 930 2152 suae
956 2112 1094 2150 venit?
1129 2111 1370 2161 Inmortalia,
1388 2118 1411 2151 5

93 2170 255 2205 aeterna
264 2167 417 2206 volutat
436 2168 566 2207 animo
587 2173 626 2207 et
644 2168 683 2206 in
703 2173 872 2217 nepotes
889 2171 1219 2217 pronepotesque
1233 2167 1372 2216 dispo-

94 2221 170 2270 nit,
199 2232 287 2261 cum
308 2222 463 2262 interim
490 2224 612 2272 longa
633 2229 842 2263 conantem
869 2234 961 2262 eum
985 2234 1094 2263 mors
1121 2223 1310 2272 opprimit
1335 2228 1374 2263 et

93 2275 184 2326 hoc,
204 2277 314 2326 quod
335 2284 523 2320 senectus
542 2285 723 2329 vocatur,
743 2279 1078 2329 paucissimorum
1098 2279 1286 2320 circuitus
1302 2290 1371 2319 an-

95 2342 248 2373 norum.
