1592 2580
306 174 374 213 DE
401 172 680 213 BENEFICIIS
708 172 803 215 LIB.
820 175 907 213 VII.
934 179 1109 216 27—31.
1270 173 1350 215 153

73 288 155 317 see.
201 276 406 316 Meliorem
434 275 543 315 illum
562 275 687 315 facies
709 275 895 324 serendo,
923 276 1064 325 utique
1084 274 1264 326 peiorem
1281 286 1350 316 ex·

74 331 316 383 probrando.
353 342 435 370 non
458 336 522 370 est
543 332 652 380 quod
672 332 840 371 frontem
859 332 946 371 eius
965 332 1152 370 indures:
1181 332 1289 380 sine,
1319 333 1355 371 si

75 388 172 438 quid
191 394 253 427 est
266 387 433 437 pudoris
447 386 619 436 residui,
640 392 786 427 servet.
832 386 965 437 Saepe
984 387 1144 426 dubiam
1160 397 1354 426 verecun—

74 445 180 483 diam
203 454 287 483 vox
317 442 579 483 conviciantis
607 442 754 482 clarior
771 443 890 492 rupit.
926 453 1044 482 nemo
1064 443 1106 482 id
1127 453 1222 483 esse
1243 443 1355 492 quod

12 539 13 542 ,
75 500 150 538 iam
169 499 327 539 videtur
347 499 467 538 timet.
496 499 699 548 deprenso
723 499 856 548 pudor
874 497 1073 538 emittitur.

11 552 13 562 ¹
153 554 290 594 XXIX.
318 554 479 593 Perdidi
499 554 752 594 beneficium.
797 553 1001 604 Numquid
1017 564 1121 604 quae
1141 564 1354 595 consecra·
1371 557 1390 591 1

72 611 222 659 v1mus,
251 610 478 659 perdidisse
508 621 584 650 nos
614 610 812 649 dicimus?
845 610 946 649 inter
973 614 1210 650 consecrata
1232 610 1355 650 bene-

73 666 207 706 ficium
225 671 306 715 est,
336 664 492 706 etiamsi
509 666 612 705 male
631 666 861 715 respondit,
885 664 990 705 bene
1011 666 1224 706 conlatum.
1266 667 1355 706 Non

72 727 136 761 est
162 721 245 770 ille,
275 723 434 771 qualem
457 722 730 771 speravimus:
759 721 884 761 simus
906 732 1002 771 nos,
1028 722 1168 771 quales
1192 721 1353 770 fuimus,

8 774 9 800 ³
73 778 110 816 ei
126 777 353 817 dissimiles.
385 777 573 818 damnum
587 787 668 816 non
683 788 788 818 nunc
803 778 969 817 facturn:
997 777 1195 827 adparuit.
1223 778 1354 826 ingra-

72 840 138 872 tus
157 844 239 873 non
259 833 346 872 sine
365 838 504 873 nostro
526 833 683 882 pudore
701 833 954 883 protrahitur,
982 833 1171 881 quoniam
1192 833 1354 884 quidem

73 881 239 938 querela
258 889 396 928 amissi
414 889 599 928 beneficii
618 900 700 929 non
720 889 822 928 bene
837 889 918 928 dati
934 888 1093 938 signum
1107 893 1183 928 est.
1223 889 1353 937 Quan—
1368 888 1391 923 2

72 950 116 985 tu
253 955 414 993 sumus,
444 955 607 984 causam
626 945 714 984 eius
735 945 845 994 apud
865 955 942 984 nos
962 955 1150 994 agamus.
1180 945 1355 984 fortasse

72 986 307 1052 ηοηθόἲιιίῑ,
324 1001 496 1039 sortasse
512 999 722 1050 ignoravit,
739 1001 913 1040 fortasse
928 1001 1106 1040 facturus
1122 1004 1197 1040 est.
1226 999 1354 1048 Quae-

0 1099 3 1110 ,
73 1055 175 1095 dani*
191 1056 354 1096 nomina
378 1056 486 1095 bona
511 1057 642 1096 lentus
668 1067 716 1095 ae
743 1056 909 1106 sapiens
938 1055 1113 1095 creditor
1138 1056 1253 1103 feeit,
1287 1056 1355 1106 qui

72 1112 261 1151 sustinuit
285 1122 335 1150 ae
358 1123 470 1151 mora
493 1111 604 1152 fovit.
651 1111 762 1151 Idem
780 1112 898 1152 nobis
920 1112 1148 1151 faciendum
1170 1117 1253 1151 est:
1281 1123 1352 1150 nu-

0 1210 1 1213 *
71 1168 235 1207 triamus
254 1167 375 1206 fidem
397 1168 638 1216 languidam.

153 1223 274 1262 XXX.
312 1222 470 1262 Perdidi
498 1223 752 1262 beneficium.
805 1222 952 1270 Stulte,
990 1233 1071 1262 non
1100 1223 1207 1263 nosti
1234 1223 1353 1263 detri-
1375 1226 1390 1258 1

72 1279 193 1318 menti
211 1278 267 1318 tui
287 1279 488 1328 tempora:
517 1279 748 1328 perdidisti,
779 1278 854 1318 sed
873 1289 963 1318 cum
983 1279 1117 1318 dares.
1153 1289 1259 1318 nunc
1283 1290 1352 1328 pa-

71 1336 150 1373 lam
164 1334 323 1373 'faetum
350 1339 424 1374 est.
467 1334 596 1373 Etiam
618 1334 658 1373 in
677 1334 759 1382 his,
789 1345 896 1384 quae
915 1334 1102 1374 videntur
1121 1335 1161 1373 in
1183 1335 1354 1384 perdito,

71 1389 290 1429 moderatio
319 1390 531 1439 plurimum
559 1389 728 1440 profuit:
758 1395 803 1429 ut
820 1401 1036 1439 corporum
1055 1390 1110 1429 ita
1130 1390 1353 1430 animorum

70 1445 240 1484 molliter
258 1445 354 1484 vitia
372 1445 579 1484 tractanda
597 1450 703 1485 sunt.
732 1456 858 1495 saepe
880 1446 990 1495 quod
1010 1446 1204 1494 explicari
1217 1449 1353 1496 potuit,

71 1500 291 1549 pertinacia
314 1499 507 1540 trahentis
536 1501 749 1550 abruptum
778 1506 851 1540 est.
899 1501 1002 1549 Quid
1025 1511 1130 1550 opus
1151 1507 1214 1540 est
1232 1502 1352 1540 male-

71 1555 218 1595 dictis?
247 1555 344 1604 quid
365 1556 568 1606 querelis?
597 1556 695 1606 quid
713 1556 1005 1596 insectatione?
1033 1567 1159 1606 quare
1178 1557 1287 1596 illum
1307 1557 1351 1596 li—

0 1607 2 1613 ’
72 1611 218 1650 heras?
254 1622 380 1660 quare
402 1612 591 1651 dimittis?
625 1612 661 1652 si
687 1613 866 1661 ingratus
893 1618 975 1659 est,
1005 1611 1083 1651 iam
1103 1612 1199 1651 nihil
1221 1613 1351 1652 debet.

71 1666 182 1715 Quae
206 1667 306 1705 ratio
334 1672 397 1707 est
424 1667 668 1707 exacerbare
694 1678 805 1715 eum,
835 1668 874 1706 in
906 1678 1024 1717 quem
1047 1679 1192 1717 magna
1215 1674 1350 1708 contu·
1372 1672 1394 1706 2

70 1722 187 1770 leris,
221 1727 266 1762 ut
291 1733 343 1761 ex
366 1723 494 1762 amieo
517 1722 638 1763 dubio
659 1723 729 1762 fiat
746 1734 826 1763 non
850 1723 997 1763 dubius
1018 1724 1201 1763 inimicus
1222 1729 1262 1763 et
1280 1735 1350 1773 pa-

69 1777 282 1818 trocinium
309 1777 385 1817 sibi
411 1783 549 1817 nostra
570 1779 732 1818 infamia
752 1784 916 1827 quaerat
934 1790 1009 1818 nee
1030 1779 1163 1818 desit?
1205 1779 1351 1819 Nescio

72 1833 169 1882 quid
188 1838 271 1881 est,
302 1834 412 1883 quod
431 1844 542 1882 eum,
563 1835 626 1873 eui
647 1840 796 1874 tantum
812 1835 967 1882 debuit,
987 1836 1092 1874 serre
1107 1846 1187 1873 non
1204 1835 1350 1884 potuit:

69 1889 210 1928 subest
225 1889 395 1937 aliquid:
417 1900 534 1929 nemo
550 1901 630 1930 non
646 1890 866 1939 superioris
884 1891 1114 1939 dignitatem
1131 1891 1351 1939 querendo,

69 1944 224 1983 etiamsi
246 1956 327 1983 non
350 1944 592 1994 inquinavit,
620 1946 835 1994 adspersit.
867 1957 943 1985 nee
965 1946 1179 1995 quisquam
1199 1946 1351 1995 fingere

71 2005 281 2040 contentus
314 2005 377 2040 est
407 2001 535 2050 levia,
570 2011 660 2040 eum
691 2001 965 2050 magnitudine
999 2001 1199 2042 mendacii
1230 2001 1351 2042 fidem

71 2061 247 2104 quaerat.

136 2111 286 2151 XXXI.
323 2111 476 2160 Quanto
503 2111 571 2151 illa
595 2110 736 2151 melior
762 2112 848 2160 via,
879 2124 960 2161 qua
979 2117 1164 2152 servatur
1182 2112 1236 2151 illi
1257 2123 1348 2162 spe·
1370 2122 1389 2155 1

72 2165 156 2205 eies
174 2167 446 2214 amicitiaeet,
479 2167 512 2206 si
531 2169 676 2206 reverti
696 2168 748 2206 ad
764 2168 973 2207 sanitatem
987 2168 1100 2216 velit,
1122 2168 1240 2208 etiam
1253 2169 1348 2208 ami·

73 2221 181 2260 citia!
216 2222 351 2262 Vincit
377 2223 504 2262 malos
534 2223 718 2272 pertinax
744 2222 902 2262 bonitas
932 2235 1007 2263 nee
1028 2225 1242 2274 quisquam
1268 2229 1349 2263 tam

72 2276 160 2314 duri
186 2277 399 2327 infestique
428 2279 625 2317 adversus
646 2279 848 2327 diligenda
867 2279 985 2317 animi
1005 2285 1084 2328 est,
1112 2285 1154 2319 ut
1172 2276 1288 2319 etiam
1307 2282 1348 2319 in

72 2331 252 2370 iniuriam
277 2333 407 2373 bonos
429 2345 508 2373 non
529 2338 652 2381 amet,
680 2334 826 2383 quibus
846 2334 925 2373 hoe
946 2346 1108 2385 quoque
1128 2335 1259 2384 eoepit
1278 2336 1345 2374 de·

71 2385 185 2436 bere,
207 2389 316 2437 quod
334 2390 482 2439 inpune
500 2400 580 2429 non
596 2390 726 2430 solvit.
771 2389 835 2429 Ad
853 2390 919 2429 illa
933 2391 1068 2441 itaque
1085 2391 1346 2441 cogitationes
1367 2397 1388 2430 2
