1592 2580
290 179 474 218 NATUR.
497 177 710 227 QUAEST.
740 179 835 219 LlB.
858 179 920 218 lll.
950 185 1102 220 9—11.
1256 178 1339 220 219

55 286 136 329 est,
169 280 247 320 iam
273 278 395 319 mixta
418 284 523 319 sunt.
562 279 692 318 Habet
718 289 815 328 ergo
846 285 953 319 terra
971 279 1199 319 humorem=
1233 279 1340 319 hunc
1360 286 1382 320 5

54 335 249 386 exprimit.
290 335 412 374 habet
437 337 552 374 aera:
585 334 692 374 hunc
720 335 862 374 umbra
883 335 1039 375 hiberni
1061 335 1221 384 frigoris
1241 336 1338 375 den-

54 398 136 441 sat,
155 397 199 432 ut
216 391 337 431 saciat
355 391 575 430 humorem.
605 390 698 440 ipsa
717 401 884 440 quoque
901 392 1104 432 mutabilis
1125 396 1189 431 est
1206 392 1246 431 in
1266 391 1340 430 hu-

53 458 229 487 morem:
258 453 402 486 natura
424 457 499 486 sua
517 447 650 486 utitur.

128 504 194 543 XI.
223 503 353 551 „Quid
373 507 498 551 ergo?
538 502 695 551 inquis,
716 502 759 540 si
781 507 1064 552 perpetuae
1083 508 1204 542 sunt
1222 512 1342 541 cau-
1358 509 1376 542 1

53 570 161 606 sae,
190 559 378 607 quibus
402 558 615 597 flumina
635 558 871 597 oriuntur
889 568 945 597 ac
964 559 1157 607 fontes,
1179 568 1342 607 quare

52 614 340 664 aliquando
374 614 657 661 siccantur,
702 614 983 663 aliquando
1025 614 1209 663 quibus
1244 625 1340 653 non

53 671 261 710 fuerunt
297 669 450 718 locis,
480 673 725 709 exeunt⁴3“
768 669 902 719 Saepe
930 675 1041 709 motu
1069 676 1260 709 terrarum
1281 669 1340 709 iti-

52 737 151 766 nera
177 725 387 765 turbantur
413 730 453 764 et
477 725 593 765 ruina
618 725 868 764 interscindit
887 735 1049 764 cursum
1068 725 1207 775 aquis,
1237 735 1342 774 quae

53 786 234 821 retentae
251 792 383 821 novos
404 781 535 820 exitus
557 785 755 830 quaerunt
782 786 821 819 et
841 781 973 829 aliquo
995 781 1172 830 inpetum
1195 781 1344 820 faciunt

54 842 122 876 aut
147 836 277 886 ipsius
308 836 570 886 quassatione
598 842 729 876 terrae
759 836 919 876 aliunde
939 837 1016 876 alio
1038 837 1341 875 transferuntur.
1357 845 1380 878 2

52 893 177 943 Apud
204 903 280 932 nos
310 893 414 932 solet
440 891 622 939 evenire,
659 898 703 932 ut
730 893 881 932 amisso
911 891 1042 931 canali
1071 902 1147 931 suo
1176 891 1344 932 flumina

53 949 224 998 primum
244 948 529 997 refundantur,
553 947 719 997 deinde,
740 947 836 997 quia
854 948 1118 997 perdiderunt
1136 947 1263 996 viam,
1284 948 1341 986 fa-

54 1004 172 1044 ciant.
214 1004 302 1043 Hoc
331 1004 531 1043 accidisse
559 1004 614 1043 ait
630 1003 935 1053 Theophrastus
966 1003 1004 1042 in
1025 1003 1176 1054 Coryco
1195 1008 1342 1050 monte,

53 1060 94 1098 in
116 1070 196 1110 quo
216 1065 310 1109 post
326 1064 521 1100 terrarum
538 1063 752 1099 tremorem
770 1069 878 1098 nova
898 1058 961 1098 vis
982 1059 1148 1098 sontium
1168 1059 1343 1098 emersit.

55 1114 157 1155 Sunt
177 1115 245 1165 qui
259 1114 360 1154 alias
378 1125 542 1165 quoque
563 1125 709 1154 causas
725 1115 966 1154 intervenire
986 1115 1218 1164 opinantur,
1240 1124 1345 1163 quae
1359 1118 1382 1153 3

52 1176 219 1211 evocent
240 1181 369 1221 aquas
390 1176 459 1210 aut
481 1182 505 1210 a
524 1181 646 1210 cursu
666 1181 742 1210 suo
764 1170 936 1210 deiciant
956 1175 996 1210 et
1027 1175 1221 1209 avertant.
1255 1170 1346 1209 Fuit

54 1226 273 1277 aliquando
308 1237 502 1276 aquarum
536 1226 656 1275 inops
683 1227 882 1274 Haemus,
918 1226 993 1265 sed
1020 1236 1111 1265 cum
1141 1225 1346 1265 Gallorum

53 1292 155 1331 gens
184 1292 208 1321 a
227 1282 457 1322 Cassandro
486 1281 661 1321 obsessa
688 1282 727 1320 in
755 1281 865 1321 illum
887 1292 932 1320 se
953 1281 1192 1321 contulisset
1218 1286 1258 1320 et
1277 1281 1344 1320 sil·

52 1347 127 1377 vas
148 1337 383 1386 cecidisset,
415 1337 559 1386 ingens
580 1348 775 1387 aquarum
798 1338 917 1387 copia
935 1337 1142 1385 adparuit,
1165 1347 1267 1387 quas
1288 1336 1344 1375 vi-

55 1392 201 1432 delicet
233 1393 274 1432 in
311 1394 540 1432 alimentum
574 1403 693 1432 suum
726 1403 893 1432 nemora
925 1393 1127 1432 ducebant
1142 1422 1152 1440 ,
1197 1392 1344 1442 quibus

55 1447 211 1488 eversis
229 1448 392 1497 humor,
415 1449 483 1498 qui
499 1449 618 1487 desiit
636 1447 676 1487 in
692 1447 856 1487 arbusta
876 1448 1080 1496 consumi,
1101 1448 1344 1496 superfusus

57 1509 131 1543 est.
179 1503 290 1542 Idem
314 1504 368 1542 ait
394 1509 434 1543 et
461 1504 568 1543 circa
594 1503 845 1552 Magnesiam
875 1503 1089 1542 accidisse.
1134 1502 1216 1542 Sed
1242 1513 1344 1552 pace
1363 1505 1387 1540 4

54 1558 319 1608 Theophrasti
347 1559 502 1598 dixisse
521 1559 656 1606 liceat,
686 1570 765 1598 non
788 1564 850 1597 est
868 1558 946 1597 hoc
968 1559 1051 1597 veri
1072 1558 1221 1608 simile,
1252 1558 1346 1611 quia

56 1615 140 1653 sere
166 1615 437 1663 aquosissima
465 1619 560 1653 sunt
586 1624 867 1664 quaecumque
884 1613 1204 1654 umbrosissima.
1235 1613 1347 1663 quod

56 1681 138 1709 non
159 1671 355 1718 eveniret,
378 1671 412 1709 si
432 1681 559 1720 aquas
580 1670 744 1709 arbusta
764 1670 981 1718 siccarent,
1014 1669 1162 1719 quibus
1180 1670 1345 1708 alimen-

57 1731 139 1765 tum
159 1735 211 1764 ex
235 1726 419 1774 proximo
441 1730 514 1765 est.
558 1724 766 1764 fluminum
786 1735 882 1764 vero
902 1726 964 1764 vis
986 1735 1036 1764 ex
1056 1725 1193 1765 intimo
1213 1731 1347 1764 manat

56 1782 243 1829 ultraque
265 1782 488 1830 concipitur
508 1791 628 1830 quam
647 1780 853 1820 radicibus
874 1781 1037 1829 evagari
1058 1781 1160 1820 licet.
1190 1780 1346 1820 Deinde

58 1836 244 1876 succisae
263 1836 430 1875 arbores
450 1837 542 1885 plus
563 1836 742 1876 humoris
763 1836 1006 1875 desiderant.
1037 1847 1120 1875 non
1140 1836 1245 1875 enim
1258 1840 1343 1875 tan-

56 1898 138 1932 tum
160 1892 220 1940 id,
250 1903 330 1941 quo
354 1892 507 1939 vivant,
538 1891 612 1931 sed
642 1903 722 1941 quo
744 1897 930 1931 crescant
948 1891 1121 1931 trahunt.
1161 1892 1271 1930 Idem
1291 1892 1346 1930 ait
1363 1895 1386 1930 5

59 1946 167 1987 circa
183 1948 420 1995 Arcadiam,
445 1958 550 1996 quae
570 1947 668 1986 urbs
689 1946 728 1986 in
750 1947 865 1986 Creta
884 1948 1016 1986 insula
1035 1948 1125 1995 fuit,
1154 1948 1286 1987 sontes
1305 1952 1346 1986 et

57 2003 169 2043 rivos
203 2003 432 2043 substitisse
446 2033 456 2050 ,
492 2003 587 2052 quia
613 2002 779 2042 desierit
815 2003 893 2041 coli
924 2007 1030 2041 terra
1065 2003 1197 2042 diruta
1230 2002 1343 2050 urbe,

58 2064 206 2108 postea
238 2069 334 2098 vero
369 2069 488 2107 quam
521 2058 696 2097 cultores
726 2058 971 2107 perceperit,
1006 2069 1136 2107 aquas
1181 2068 1346 2107 quoque

59 2113 307 2163 percepisse.
331 2125 495 2153 causam
513 2114 702 2152 siccitatis
720 2113 823 2152 hanc
842 2113 975 2163 ponit,
999 2115 1110 2163 quod
1129 2112 1347 2163 obriguerit

61 2169 276 2209 constricta
291 2171 407 2210 tellus
423 2180 498 2208 nee
514 2169 688 2218 potuerit
701 2168 849 2208 imbres
864 2170 1054 2218 inagitata
1066 2171 1344 2209 transmittere.

61 2224 271 2272 Quomodo
299 2236 396 2274 ergo
430 2224 615 2264 videmus
640 2225 835 2274 plurimos
863 2225 904 2264 in
929 2224 1032 2264 locis
1060 2224 1344 2265 desertissimis
1363 2228 1386 2265 6

64 2281 224 2320 fontes?
260 2281 376 2330 plura
401 2281 577 2330 denique
603 2279 830 2319 invenimus
846 2310 856 2328 ,
888 2291 992 2330 quae
1020 2286 1188 2330 propter
1213 2291 1344 2331 aquas

67 2335 144 2375 coli
172 2341 393 2386 coeperunt
413 2348 533 2386 quam
554 2346 658 2386 quae
677 2345 807 2386 aquas
823 2336 973 2376 habere
993 2337 1217 2386 coeperint,
1248 2337 1345 2386 quia
