1624 2626
258 153 336 196 186
499 153 543 191 L.
565 150 755 190 ANNAEI
782 149 1008 189 SENECAE
1035 139 1167 202 DIAL.
1183 148 1252 187 ix.

257 250 730 303 gravissimaedducens.
766 249 888 288 Nemo
911 248 1089 297 duraret,
1118 249 1152 287 si
1171 259 1303 288 rerum
1321 249 1507 287 adversa-

256 319 342 347 rum
360 307 539 346 eamdem
559 306 636 343 vim
656 304 876 343 adsiduitas
900 303 1064 342 haberet
1083 314 1200 352 quam
1227 304 1376 351 primus
1394 303 1508 342 ictus.

214 369 236 403 3
258 363 402 401 Omnes
433 371 519 399 cum
547 361 705 398 fortuna
732 358 904 406 copulati
927 368 1084 396 sumusz
1112 359 1278 396 aliorum
1305 369 1427 397 aurea
1446 369 1510 396 ca-

256 423 347 456 tena
375 421 454 464 est,
483 414 648 454 aliorum
682 414 793 459 laxa,
821 413 987 451 aliorum
1019 417 1104 451 arta
1135 417 1174 451 et
1206 412 1382 451 sordida.
1437 413 1511 451 sed

257 471 353 521 quid
371 472 518 509 refert?
553 469 692 507 eadem
711 468 893 506 custodia
910 467 1120 506 universos
1141 467 1400 505 circumdedit
1415 467 1510 505 adli-

256 527 418 574 gatique
445 528 537 563 sunt
563 525 679 562 etiam
704 523 771 571 qui
795 522 1086 570 adligaverunt,
1114 521 1190 560 nisi
1212 523 1311 560 forte
1330 526 1372 559 tu
1390 521 1510 560 levio-

255 591 338 619 rem
354 581 394 618 in
412 579 572 618 sinistra
588 583 765 616 catenam
783 581 919 624 putas:
936 576 1053 614 alium
1069 576 1263 623 honores,
1284 576 1401 614 alium
1412 586 1511 624 opes

258 620 444 673 vinciuffl.
478 633 674 682 quosdam
700 631 904 678 nobilitas,
931 631 1126 680 quosdam
1144 630 1339 669 humilitas
1360 630 1511 678 premit.

258 689 494 738 quibusdam
521 688 651 726 aliena
670 697 790 735 supra
810 690 929 734 eaput
954 685 1119 734 imperia
1137 690 1246 732 sunt,
1277 684 1512 733 quibusdam

259 755 346 782 sua.
385 743 581 792 quosdam
610 740 728 779 exilia
753 751 832 778 uno
859 741 950 780 loco
976 745 1127 787 tenent,
1148 740 1352 788 quosdam
1379 749 1510 778 sacer-

215 807 239 840 4
258 798 377 837 dotia.
416 795 549 835 Omnis
577 797 656 834 vita
676 796 876 833 servitium
905 800 978 834 est.
1014 795 1347 833 Adsuescendum
1365 798 1427 833 est
1443 794 1512 832 ita-

259 863 338 901 que
355 851 577 890 condicioni
596 861 694 888 suae
712 854 752 889 et
770 861 888 898 quam
902 850 1100 888 minimum
1117 849 1166 887 de
1185 849 1251 887 illa
1271 849 1514 897 querendum

258 913 297 946 et
326 906 516 955 quicquid
541 905 660 944 habet
695 905 802 943 circa
838 915 884 943 se
920 904 1137 952 commodi,
1176 903 1513 952 adprendendum.

257 961 354 1000 nihil
376 966 455 999 tam
478 960 666 998 acerbum
695 965 776 1005 est,
805 959 842 996 in
864 969 943 1007 quo
964 969 1043 997 non
1065 969 1218 1007 aequus
1238 959 1391 996 animus
1411 958 1513 996 sola·

258 1017 354 1054 tium
381 1015 565 1055 inveniat.
603 1013 780 1061 Exiguae
808 1024 930 1062 saepe
958 1014 1076 1051 areae
1103 1013 1141 1051 in
1166 1014 1310 1052 multos
1328 1024 1427 1051 usus
1447 1013 1513 1050 de-

258 1070 468 1109 scribentis
496 1073 578 1106 arte
604 1073 813 1116 patuerunt
844 1073 883 1106 et
916 1068 1095 1115 quamvis
1132 1073 1343 1115 angustum
1374 1067 1516 1115 pedem

259 1123 469 1173 dispositio
499 1123 590 1160 fecit
617 1121 879 1159 habitabilem.
917 1121 1061 1159 adhibe
1090 1122 1281 1160 rationem
1309 1122 1514 1159 difficulta-

258 1179 384 1218 tibus:
412 1181 582 1226 possunt
601 1181 639 1214 et
658 1177 758 1214 dura
775 1176 916 1214 molliri
934 1181 974 1214 et
994 1180 1161 1223 angusta
1178 1176 1303 1214 laxari
1324 1181 1362 1214 et
1379 1176 1516 1223 gravia

218 1243 239 1274 5
259 1233 358 1272 scite
389 1231 550 1271 ferentis
579 1231 707 1269 minus
738 1241 928 1278 premere.
966 1231 1052 1268 Non
1073 1232 1165 1268 sunt
1182 1236 1387 1279 praeterea
1405 1230 1514 1277 cupi-

261 1288 404 1326 ditates
436 1287 475 1324 in
502 1286 762 1334 longinquum
794 1285 1023 1332 mittendae,
1061 1285 1134 1322 sed
1165 1286 1203 1323 in
1236 1285 1406 1323 vicinum
1439 1285 1515 1322 illis

259 1342 396 1390 egredi
422 1341 711 1390 permittamus,
751 1339 936 1388 quoniam
972 1339 1118 1377 includi
1154 1349 1204 1377 ex
1235 1344 1317 1378 toto
1345 1350 1425 1377 non
1450 1350 1515 1387 pa-

259 1397 417 1435 tiuntur.
453 1395 602 1434 relictis
621 1395 704 1442 his,
726 1405 833 1443 quae
849 1398 916 1432 aut
935 1405 1013 1431 non
1034 1399 1205 1442 possunt
1223 1393 1310 1432 fieri
1328 1398 1395 1432 aut
1415 1394 1515 1432 diffi-

260 1451 385 1489 culter
405 1455 592 1499 possunt,
622 1459 749 1498 prope
777 1448 908 1497 posita
928 1449 1095 1497 speique
1115 1452 1274 1487 nostrae
1292 1448 1518 1486 adludentia

260 1516 492 1554 sequamur,
521 1504 595 1543 sed
615 1504 786 1542 sciamus
808 1503 941 1542 omnia
964 1514 1093 1551 aeque
1112 1503 1215 1541 levia
1233 1513 1346 1550 esse,
1373 1502 1516 1541 extrin-

260 1570 379 1598 secus
400 1559 580 1597 diversas
611 1558 732 1596 facies
759 1557 960 1605 habentia,
998 1558 1192 1596 introrsus
1221 1558 1366 1606 pariter
1403 1568 1515 1595 vana..

260 1625 334 1652 nec
360 1614 607 1652 invideamus
635 1613 750 1651 altius
779 1613 990 1651 stantibus:
1021 1622 1122 1660 quae
1150 1613 1312 1651 excelsa
1332 1611 1515 1650 videban-

221 1675 243 1709 6
260 1674 340 1715 tur,
371 1672 583 1717 praerupta
601 1671 704 1705 sunt.
741 1667 798 1705 Illi
817 1678 976 1715 rursus,
1006 1678 1108 1715 quos
1127 1678 1217 1707 sors
1237 1666 1370 1715 iniqua
1387 1667 1426 1704 in
1449 1677 1516 1703 an—

261 1723 368 1771 cipiti
390 1723 540 1772 posuit,
568 1722 733 1760 tutiores
753 1726 868 1760 erunt
887 1721 1112 1770 superbiam
1133 1721 1375 1760 detrahendo
1395 1720 1516 1758 rebus

260 1788 333 1826 per
352 1788 397 1816 se
417 1777 601 1825 superbis
631 1781 670 1815 et
693 1778 888 1815 fortunam
909 1787 1041 1823 suam,
1071 1787 1188 1824 quam
1214 1776 1382 1814 maxime
1410 1779 1517 1823 pote-

259 1837 371 1880 runt,
399 1832 438 1870 in
459 1833 619 1880 planum
640 1832 869 1870 deferendo.
916 1831 1024 1869 multi
1047 1831 1205 1878 quidem
1233 1832 1346 1877 sunt,
1373 1829 1518 1878 quibus

261 1886 490 1925 necessario
523 1886 766 1924 haerendum
799 1886 850 1924 sit
876 1887 914 1923 in
942 1885 1098 1933 fastigio
1126 1895 1219 1932 suo,
1254 1894 1304 1922 ex
1332 1894 1410 1933 quo
1439 1895 1518 1922 non

261 1946 434 1988 possunt
452 1941 527 1979 nisi
547 1940 727 1979 cadendo
749 1939 1110 1979 descendere2-sed
1125 1939 1203 1978 hoc
1223 1939 1354 1986 ipsum
1374 1943 1518 1977 testen-

260 2000 323 2032 tur
347 1995 559 2034 maximum
590 2005 690 2033 onus
719 2005 831 2033 suum
860 2005 971 2040 esse,
1007 1994 1115 2042 quod
1142 1992 1228 2031 aliis
1256 2002 1399 2040 graves
1427 2002 1519 2030 esse

262 2055 469 2096 cogantur,
490 2059 565 2088 nec
584 2050 815 2090 sublevatos
836 2059 900 2096 se,
925 2049 998 2088 sed
1016 2049 1197 2087 suffixos.
1218 2047 1383 2094 iustitia,
1410 2057 1517 2084 man—

262 2104 468 2141 suetudine
498 2105 690 2151 humana,
726 2104 836 2151 larga
868 2108 907 2142 et
928 2103 1107 2151 vbenigna
1137 2111 1257 2140 manu
1283 2106 1520 2150 praeparent

260 2159 381 2196 multa
399 2159 450 2195 ad
465 2159 668 2205 fecundos
688 2169 806 2197 casus
823 2158 1039 2206 praesidia,
1059 2158 1227 2204 quorum
1245 2166 1319 2204 spe
1339 2156 1519 2194 securius

261 2212 471 2261 pendeant.
525 2213 621 2250 nihil
655 2218 785 2252 tamen
811 2223 940 2260 aeque
971 2213 1047 2250 hos
1082 2210 1131 2265 ab
1158 2210 1221 2248 his
1249 2209 1366 2248 animi
1392 2210 1517 2248 flucti-

262 2267 338 2306 bus
358 2266 634 2315 vindicaverit‚
659 2278 777 2317 quam
806 2276 964 2315 semper
982 2266 1152 2314 aliquem
1172 2265 1422 2304 incrementis
1443 2270 1516 2304 ter-
