1624 2626
288 135 355 176 DE
374 131 814 183 TRANQmLLerrE
832 130 993 171 ΑΝΙΜΙ.
1013 136 1071 173 16.
1091 135 1147 173 ιτ.
1277 128 1357 172 195

75 236 339 284 desiderium,
357 236 459 275 haec
478 235 624 284 nostri,
645 237 686 274 et
705 235 780 274 erit
796 234 921 274 altera
935 232 1100 274 alterius
1119 232 1356 274 remedium.

76 295 209 335 odium
229 293 370 332 turbae
389 292 547 332 sanabit
566 291 764 340 solitudo,
782 290 958 330 taedium
979 290 1208 330 solitudinis
1227 291 1358 330 turba.

73 351 168 390 Nec
186 350 235 388 in
262 349 434 388 eadem
456 347 716 387 intention
731 358 755 386 e
773 346 1066 396 aequaliter
1083 345 1395 387 retinenda—4

72 416 211 446 mens
232 410 331 453 est,
351 404 444 444 sed
461 404 523 443 ad
541 403 687 443 iocos
707 402 1020 442 devocanda.
1058 401 1157 441 Cum
1175 403 1358 452 puerulis

74 462 261 502 Socrates
292 461 434 500 ludere
466 471 549 500 non
585 459 873 507 erubescebat,
906 463 946 497 et
964 457 1062 497 Cato
1081 458 1175 497 vino
1195 459 1360 498 laxabat

72 517 248 557 animum
268 517 375 556 curis
400 516 573 565 publicis
594 515 817 564 fatigatum,
837 519 878 554 et
897 513 1036 563 Scipio
1055 513 1295 563 triumphale
1313 514 1357 553 il-

73 574 144 613 lud
162 583 210 612 ac
228 573 396 611 militare
416 582 566 621 corpus
586 571 712 610 movit
731 570 783 609 ad
801 580 1004 619 numeros,
1025 581 1105 609 non
1126 570 1298 610 molliter
1311 581 1358 610 se

73 630 293 678 infringens
305 658 314 676 ‚
334 633 378 667 ut
397 639 505 667 nunc
524 638 614 667 mos
634 631 698 666 est
715 627 832 666 etiam
852 627 1019 666 incessu
1036 626 1130 675 ipso
1150 627 1254 665 ultra
1272 637 1356 666 mu-

72 685 237 725 liebrem
257 683 462 724 mollitiam
481 683 722 731 fluentibus,
750 682 824 722 sed
848 686 891 722 ut
910 681 1065 731 antiqui
1082 682 1138 721 illi
1157 682 1232 721 viri
1252 683 1357 722 sole-

73 741 170 780 bant
195 741 297 780 inter
322 741 454 779 lusum
482 751 530 779 ac
550 741 655 778 festa
673 744 856 788 tempora
872 738 1028 778 virilem
1047 737 1088 776 in
1108 738 1272 779 modum
1291 738 1358 778 tri-

76 797 266 847 pudiare,
300 806 382 834 non
411 794 552 835 facturi
579 795 877 841 detrimentum,
914 793 1071 834 etiamsi
1099 794 1150 833 ab
1172 793 1359 834 hostibus

77 853 162 892 suis
191 855 481 901 spectarentur.
523 851 666 890 Danda
685 854 748 889 est
765 850 907 889 animis
926 849 1136 889 remissio:
1170 849 1359 890 meliores
1374 859 1396 891 5

77 909 339 957 acrioresque
364 907 535 957 requieti
565 911 740 955 surgent.
782 911 827 946 ut
852 905 1049 945 fertilibus
1068 906 1176 954 agris
1197 917 1278 945 non
1299 912 1362 946 est

78 964 356 1014 imperandum
371 964 494 1011 ,cito
528 963 634 1002 enim
663 962 754 1001 illos
775 961 985 1001 exhauriet
1003 972 1222 1009 numquam
1240 961 1361 1001 inter-

76 1021 203 1059 missa
234 1019 458 1059 fecunditas
470 1049 482 1066 ‚
515 1019 570 1057 ita
602 1018 824 1057 animorum
851 1017 1011 1066 inpetus
1032 1017 1230 1057 adsiduus
1246 1018 1363 1057 labor

77 1077 245 1125 franget.
275 1076 383 1114 vires
402 1073 599 1124 recipient
616 1075 781 1123 paulum
800 1072 968 1112 resoluti
987 1078 1027 1112 et
1048 1073 1199 1113 emissi.
1228 1073 1361 1113 nasci-

75 1138 141 1171 tur
160 1142 212 1170 ex
231 1131 473 1170 adsiduitate
491 1130 675 1170 laborum
695 1129 918 1168 animorum
938 1129 1139 1169 hebetatio
1160 1130 1362 1179 quaedam

77 1193 118 1227 et
136 1189 317 1237 languor.
344 1187 428 1226 Nec
443 1187 494 1226 ad
509 1185 589 1225 hoc
604 1190 713 1225 tanta
727 1185 932 1225 hominum
948 1185 1149 1234 cupiditas
1164 1186 1360 1234 tenderet,
1377 1192 1399 1227 6

77 1244 155 1283 nisi
174 1244 394 1282 naturalem
415 1242 629 1292 quamdam
647 1243 896 1291 voluptatem
916 1241 1082 1281 haberet
1095 1241 1237 1281 lusus
1227 1252 1360 1282 locus-

80 1310 171 1350 que.
215 1310 387 1348 quorum
420 1299 614 1348 frequens
645 1308 748 1337 usus
784 1291 903 1336 olnne
931 1297 1075 1337 animis
1095 1298 1258 1347 pondus
1279 1309 1363 1338 om-

79 1366 253 1405 nemque
279 1355 360 1394 vim
389 1354 549 1403 eripiet:
585 1365 679 1393 nam
698 1359 738 1394 et
757 1364 924 1393 somnus
943 1353 1154 1393 refectioni
1171 1365 1362 1394 necessa—

78 1410 163 1450 rius
182 1415 262 1450 est:
285 1411 392 1450 hunc
409 1415 541 1450 tamen
563 1421 724 1459 semper
743 1410 778 1449 si
791 1422 870 1459 per
885 1408 990 1448 diem
1007 1415 1251 1459 noctemque
1268 1420 1363 1449 con-

80 1466 232 1514 tinues,
260 1477 368 1505 mors
388 1467 473 1505 erit
515 1468 680 1506 multum
699 1466 884 1514 interest,
912 1466 1090 1505 remittas
1110 1465 1287 1515 aliquid,
1311 1476 1362 1504 an

83 1523 234 1561 solvas.
269 1521 419 1570 Legum
439 1522 669 1561 conditores
690 1522 816 1561 festos
836 1523 1092 1562 instituerunt
1111 1523 1219 1570 dies,
1247 1527 1291 1561 ut
1310 1522 1363 1560 ad
1378 1522 1398 1558 7

82 1577 316 1616 hilaritatem
337 1577 520 1616 homines
542 1578 702 1627 publice
723 1582 981 1627 cogerentur,
1000 1583 1202 1628 tamquam
1223 1588 1363 1617 neces-

83 1634 232 1672 sarium
242 1633 447 1672 laboribus
457 1632 757 1682 interponentes
768 1639 1141 1683 temperamentum.
1171 1639 1210 1674 et
1219 1634 1364 1682 magni,

81 1693 126 1728 ut
153 1689 256 1736 dixi,
290 1689 365 1727 viri
394 1688 557 1738 quidam
586 1689 663 1728 sibi
689 1694 916 1729 menstruas
939 1691 1057 1729 certis
1079 1690 1222 1729 diebus
1242 1689 1365 1728 ferias

83 1745 248 1792 dabant,
274 1744 435 1794 quidam
454 1744 606 1783 nullum
625 1756 706 1784 non
727 1745 831 1784 diem
851 1745 953 1785 inter
972 1746 1096 1785 otium
1117 1751 1157 1785 et
1172 1755 1289 1785 curas
1307 1745 1364 1783 di-

81 1800 284 1839 videbant.
316 1801 474 1849 qualem
492 1800 710 1840 Pollionem
727 1801 910 1840 Asinium
930 1805 1144 1849 [oratorem
1161 1804 1364 1850 magnum]

82 1856 354 1904 meminimus,
389 1866 507 1905 quem
534 1857 640 1895 nulla
665 1867 732 1896 res
751 1859 854 1896 ultra
873 1857 1083 1897 decumam
1102 1857 1275 1896 retinuit.
1315 1867 1368 1895 ne

85 1911 279 1961 epistulas
301 1911 463 1961 quidem
484 1917 577 1961 post
596 1923 684 1951 eam
702 1911 843 1952 horam
861 1913 1030 1962 legebat,
1052 1924 1103 1952 ne
1124 1913 1222 1962 quid
1235 1923 1368 1952 novae

86 1979 207 2007 curae
225 1972 469 2015 nasceretur,
490 1969 564 2007 sed
585 1969 707 2007 totIus
723 1968 802 2008 diei
818 1969 1096 2008 lassitudinem
1113 1969 1272 2008 duabus
1288 1968 1367 2007 illis

85 2024 195 2063 horis
212 2024 397 2072 ponebat.
425 2024 587 2073 quidam
602 2023 734 2063 medio
746 2025 810 2063 die
820 2025 1135 2064 interiunxerunt
1148 2029 1188 2063 et
1203 2023 1243 2063 in
1253 2028 1364 2074 post-

85 2079 327 2118 meridianas
348 2079 468 2119 horas
489 2080 640 2129 aliquid
657 2079 820 2120 levioris
838 2091 987 2129 operae
1003 2080 1251 2119 distulerunt.
1280 2091 1365 2119 ma-

86 2135 194 2174 iores
223 2146 385 2184 quoque
411 2136 539 2176 nostri
567 2147 714 2175 novam
731 2136 965 2175 relationem
987 2141 1081 2184 post
1100 2135 1237 2175 horam
1258 2136 1364 2175 deci-

86 2201 192 2229 mam
212 2190 252 2228 in
271 2196 415 2231 senatu
433 2191 520 2231 fieri
539 2191 741 2231 vetabant.
767 2192 881 2231 miles
898 2192 1055 2240 vigilias
1070 2191 1211 2231 dividit
1225 2198 1264 2231 et
1280 2202 1362 2230 nox

87 2246 260 2285 inmunis
281 2252 344 2286 est
362 2247 412 2286 ab
432 2248 689 2297 expeditione
704 2247 966 2286 redeuntium.
995 2248 1286 2296 Indulgendum
1303 2254 1363 2287 est
1378 2253 1403 2289 8

90 2302 220 2343 animo
230 2302 488 2354 dandumque
504 2303 676 2346 subinde
692 2304 827 2355 otium,
845 2303 957 2355 quod
974 2303 1147 2344 alimenti
1162 2315 1210 2344 ac
1219 2304 1366 2345 virium

1082 2365 1128 2401 13
1143 2358 1163 2385 *
