1592 2580
281 171 359 214 196
639 168 683 207 L.
710 165 898 206 ANNAEI
926 165 1150 205 SENECAE
1214 132 1221 138 ⁸

279 274 362 312 sica
381 275 453 309 est.
485 269 574 309 talia
591 268 758 306 eduntur
773 267 959 312 tonitrua,
987 263 1074 303 cum
1094 263 1326 312 conglobata
1347 262 1528 303 dissolvi-

278 333 339 366 tur
365 326 490 364 nubes
520 328 558 362 et
584 333 689 369 eum,
721 332 799 370 quo
827 320 996 358 distenta
1013 320 1155 366 fuerat,
1186 319 1362 367 spiritum
1391 319 1530 357 emisit.

276 381 349 420 Hic
376 379 535 429 proprie
563 379 732 425 fragor
761 376 913 422 dicitur,
950 374 1102 412 subitus
1126 378 1164 411 et
1189 373 1422 421 vehemens,
1450 383 1531 421 quo

279 436 383 474 edito
414 433 623 472 concidunt
650 431 830 470 homines
857 434 897 467 et
921 429 1208 475 exanimantur,
1249 428 1541 475 quidamwero

278 490 357 528 vivi
390 492 548 536 stupent
579 492 617 526 et
649 487 686 524 in
721 490 843 524 totum
871 483 945 522 sibi
972 482 1176 528 excidunt,
1212 492 1314 530 quos
1341 491 1531 520 vocamus

281 543 557 589 adtonitos,
595 551 762 590 quorum
789 543 940 577 mentes
970 547 1094 576 sonus
1128 537 1191 574 ille
1225 536 1409 575 eoelestis
1442 537 1532 575 loco

242 606 264 639 4
282 599 439 647 pepulit.
488 597 562 635 Hic
589 596 673 634 fieri
700 596 765 633 illo
787 603 947 642 quoque
974 592 1091 630 modo
1118 595 1264 639 potest,
1295 595 1338 628 ut
1355 590 1533 629 inclusus

280 663 347 692 aer
362 663 459 691 cava
473 652 578 690 nube
594 655 631 688 et
646 654 752 687 motu
768 649 856 697 ipso
873 651 1104 686 extenuatus
1116 645 1535 683 diff11ndatur4⁴deinde

282 709 373 746 dum
391 707 576 749 maiorem
597 705 670 743 sibi
694 706 823 742 locum
844 700 1013 751 quaerit,
1041 711 1064 739 a
1083 700 1226 749 quibus
1246 699 1440 738 involutus
1461 704 1533 746 est,

283 766 421 800 sonum
444 760 597 810 patitur.
641 759 740 806 Quid
761 761 915 796 autem?
950 766 1028 794 non
1050 755 1377 803 quemadmodum
1398 753 1535 791 inlisae

283 817 380 854 inter
408 826 451 854 se
478 825 616 853 manus
649 815 829 862 plausum
859 812 996 857 edunt,
1034 810 1091 848 sic
1119 809 1325 847 ‘inlisarum
1358 807 1458 846 inter
1490 817 1536 845 se

284 870 442 909 nubium
471 880 594 908 sonus
627 873 758 918 potest
790 877 881 906 esse
917 875 1108 914 magum,
1145 864 1238 912 quia
1268 873 1410 911 magna
1441 873 1534 900 con—

286 928 470 963 currunt?
1454 924 1455 927 ’

250 983 269 1016 1
363 978 536 1016 XXVIII.
571 978 807 1026 ‚,Videmus,
838 974 990 1024 inquis,
1018 974 1144 1012 nubes
1171 972 1316 1021 inpingi
1338 971 1536 1010 montibus

287 1043 360 1071 nec
375 1043 516 1071 sonum
533 1031 653 1070 fieri.“
685 1033 851 1070 Primum
869 1031 1040 1069 omnium
1056 1039 1133 1067 non
1153 1037 1402 1076 quocumque
1417 1026 1537 1064 modo

288 1088 425 1126 inlisae
454 1091 560 1130 sunt,
592 1092 749 1134 sonant,
779 1087 851 1125 sed
874 1085 908 1123 si
928 1089 1019 1132 apte
1039 1089 1129 1122 sunt
1149 1082 1379 1130 conpositae
1399 1081 1450 1118 ad
1464 1081 1539 1118 'so-

287 1153 379 1181 num
400 1140 615 1178 edendum=
645 1150 803 1179 aversas
821 1141 920 1178 inter
937 1150 981 1177 se
998 1149 1136 1177 manus
1153 1137 1311 1183 collide,
1333 1147 1411 1174 non
1428 1136 1538 1183 plau—

290 1197 400 1243 dent,
430 1195 502 1232 sed
523 1195 652 1242 palma
672 1203 755 1232 cum
773 1196 900 1243 palma
916 1194 1056 1232 coliata
1073 1194 1250 1241 plausum
1267 1191 1369 1229 facit.
1400 1195 1438 1228 et
1453 1191 1538 1237 plu-

289 1252 426 1289 rimum
446 1249 607 1286 interest
625 1251 753 1284 utrum
767 1258 886 1287 cavae
903 1248 1173 1286 concutiantur
1188 1257 1235 1284 an
1256 1246 1395 1294 planae
1414 1249 1452 1282 et
1471 1254 1538 1282 ex-

290 1310 433 1344 tentae.
483 1302 634 1341 Deinde
661 1312 739 1339 non
765 1305 910 1340 tantum
936 1303 993 1340 ire
1020 1302 1146 1340 nubes
1174 1304 1347 1349 oportet,
1378 1299 1450 1337 sed
1476 1298 1551 1346 agi

255 1366 433 1407 2magna
458 1358 497 1395 vi
525 1362 563 1395 et
590 1356 824 1405 procellosa.
876 1356 999 1395 Adice
1024 1366 1149 1403 nunc,
1186 1355 1291 1403 quod
1319 1364 1433 1391 mons
1461 1363 1540 1391 non

294 1414 404 1452 findit
422 1413 564 1450 nubem
575 1441 584 1457 ‚
610 1410 682 1448 sed
698 1409 837 1457 digerit
851 1412 889 1446 et
905 1409 1061 1455 primam
1078 1420 1275 1459 quamque
1292 1414 1439 1457 partem
1455 1408 1540 1446 eius

295 1469 422 1507 solvit.
451 1477 502 1504 ne
519 1464 655 1503 vesica
675 1464 832 1512 quidem
849 1472 1095 1511 quocumque
1114 1465 1231 1503 modo
1252 1463 1429 1512 spiritum
1448 1462 1542 1499 emi-

295 1523 363 1568 sit,
403 1525 529 1560 sonat.
558 1520 592 1558 si
617 1520 721 1557 ferro
750 1517 879 1556 divisa
904 1521 983 1564 est,
1017 1518 1101 1554 sine
1128 1519 1208 1557 ullo
1241 1518 1391 1556 aurium
1421 1526 1544 1554 sensu

296 1578 393 1616 exit:
420 1575 548 1623 rumpi
575 1574 678 1611 iliam
704 1577 877 1621 oportet,
906 1576 950 1610 ut
975 1576 1105 1619 sonet,
1134 1583 1211 1609 non
1237 1573 1376 1611 secari.
1435 1571 1543 1609 Idem

297 1633 346 1670 de
372 1630 540 1670 nubibus
567 1628 676 1667 dieo:
705 1628 780 1666 nisi
805 1627 926 1664 multo
953 1626 1089 1674 inpetu
1116 1626 1342 1675 dissiluere,
1377 1637 1456 1665 non
1482 1636 1543 1663 re-

297 1690 450 1725 sonant.
504 1684 629 1722 Adice
654 1692 779 1728 nunc,
809 1681 914 1730 quod
941 1681 1066 1718 nubes
1093 1681 1131 1718 in
1152 1686 1318 1718 montem
1337 1686 1446 1719 acta-e
1465 1690 1545 1718 non

297 1742 538 1788 franguntur,
558 1737 630 1776 sed
645 1736 1005 1775 circumfunduntur
1019 1739 1057 1772 et
1070 1735 1106 1772 in
1126 1735 1276 1783 aliquas
1292 1739 1420 1782 partes
1436 1745 1545 1773 mon-

297 1796 366 1846 tis,
395 1795 433 1832 in
453 1793 604 1831 arboris
623 1802 775 1838 ramos,
806 1791 986 1836 frutices,
1017 1799 1159 1838 aspera
1179 1799 1276 1827 saxa
1291 1793 1329 1827 et
1342 1789 1547 1827 eminentia

299 1851 351 1888 ita
376 1849 621 1893 diducuntur,
650 1851 692 1884 ut
710 1846 744 1884 si
772 1855 888 1893 quem
916 1844 1063 1882 habent
1083 1843 1279 1892 spiritum,
1305 1844 1544 1881 multifariam

263 1904 490 1949 3emittant,
521 1902 588 1950 qui
614 1899 690 1938 nisi
715 1900 923 1938 universus
952 1898 1137 1947 erumpit,
1173 1909 1250 1937 non
1272 1902 1416 1945 crepat.
1461 1898 1547 1936 Hoc

300 1964 342 1997 ut
361 1958 486 2001 scias,
511 1960 671 2002 ventus,
701 1955 767 2003 qui
787 1953 892 1992 circa
910 1953 1087 1992 arborem
1103 1953 1273 1999 finditur,
1300 1951 1445 1998 sibilat,
1467 1961 1548 1990 non

301 2017 421 2052 tonat.
465 2013 562 2057 lato,
596 2014 638 2048 ut
665 2010 717 2048 ita
744 2009 890 2055 dicam,
927 2008 1006 2045 ictu
1036 2013 1074 2046 et
1100 2012 1221 2046 totum
1247 2006 1404 2054 globum
1426 2007 1549 2044 semel

303 2068 520 2116 dissipante
546 2075 647 2114 opus
674 2069 751 2112 est,
778 2068 822 2102 ut
842 2063 993 2102 sonitus
1013 2066 1207 2111 erumpat,
1236 2060 1545 2110 qualiseuditur,

304 2133 392 2160 cum
410 2125 531 2160 tonat.

383 2176 515 2214 XXIX.
551 2174 707 2212 Praeter
732 2173 831 2210 haec
856 2175 993 2210 natura
1020 2175 1132 2220 aptus
1159 2174 1219 2209 est
1246 2180 1313 2208 aer
1340 2170 1391 2208 ad
1410 2179 1545 2209 vocesa

305 2230 466 2278 quidni?
501 2240 588 2268 cum
611 2239 692 2266 vox
716 2227 809 2265 nihil
838 2226 940 2264 aliud
968 2226 1018 2264 sit
1036 2236 1151 2274 quam
1168 2225 1267 2263 ictus
1288 2235 1366 2263 aer.
1404 2225 1565 2265 debent
1591 2226 1592 2241 ³

305 2295 399 2334 ergo
426 2285 550 2325 nubes
577 2283 772 2333 utrimque
796 2279 917 2323 inseri
944 2286 982 2320 et
1008 2290 1129 2320 cavae
1148 2284 1186 2319 et
1209 2279 1390 2319 intentae.
1431 2278 1546 2318 vides
1590 2311 1592 2333 ,

773 2335 785 2348 “
1590 2337 1592 2351 ι
