1592 2580
296 155 482 196 NATUR.
503 154 718 205 QUAEST.
744 154 841 194 LIB.
856 154 904 193 II.
932 156 1106 196 39—43.
1262 148 1344 195 203

63 251 174 297 bias
213 257 354 297 dant=
395 256 545 306 prima,
583 260 627 294 ut
653 255 780 302 aiunt,
809 257 946 293 monet
971 257 1011 292 et
1037 253 1194 303 placata
1219 258 1282 293 est
1307 258 1347 292 et

63 313 192 362 ipsius
210 313 318 353 Iovis
336 312 502 352 consilio
523 312 694 350 mittitur.
727 311 946 350 secundam
965 308 1079 348 mittit
1096 310 1244 358 Iupiter
1259 308 1343 358 qui-

63 370 175 418 dem,
205 369 278 408 sed
306 379 359 407 ex
380 368 533 408 consilii
557 366 773 407 sententiaa
803 366 903 405 deos
927 364 1142 405 duodecim
1161 366 1345 404 advocat.

61 424 141 466 hoc
166 425 314 464 fulmen
342 424 438 463 boni
466 422 618 472 aliquid
646 422 864 472 aliquando
893 422 1006 469 facit,
1037 421 1111 460 sed
1131 426 1224 460 tunc
1246 431 1345 470 quo-

64 491 142 530 que
168 491 248 519 non
271 479 395 528 aliter,
427 490 545 529 quam
564 484 607 518 ut
628 483 790 517 noceat:
822 488 897 516 nec
916 477 1083 526 prodest
1106 477 1267 526 quidem
1287 477 1345 514 in-

61 546 182 586 pune.
212 536 367 575 tertiam
391 535 617 575 manubiam
638 535 743 573 idem
763 532 913 582 Iupiter
930 533 1045 572 mittit
1063 533 1138 572 sed
1160 531 1346 571 adhibitis
1366 533 1388 565 2

61 592 100 631 in
128 591 338 631 consilium
366 592 449 639 dis,
488 602 592 640 quos
621 590 854 639 superiores
879 594 917 628 et
951 588 1155 628 involutos
1188 592 1344 633 vocant,

0 658 2 692 l
63 647 156 697 quia
178 652 316 694 vastat,
337 647 376 686 in
398 657 502 696 quae
523 645 671 692 incidit,
693 651 733 685 ct
751 644 890 694 utique
910 649 1033 684 mutat
1051 649 1194 684 statum
1215 643 1346 693 priva·

0 726 3 738 =
61 708 144 743 tum
171 709 211 744 et
238 702 463 752 publicum,
499 712 619 751 quem
646 700 806 740 invenit.
852 699 957 750 ignis
983 700 1089 739 enim
1115 700 1211 738 nihil
1238 709 1344 746 esse,

63 760 182 809 quale
201 759 293 807 fuit,
320 760 478 808 patitur.

141 815 257 854 XLII.
286 815 328 853 In
350 814 479 863 prima
497 812 653 863 specie,
685 810 719 851 si
739 811 881 851 intueri
901 810 1022 860 velis,
1051 814 1157 850 errat
1176 809 1345 859 antiqui·
1367 814 1385 847 1

0 905 2 912 .
60 876 136 910 tas.
175 870 272 920 quid
297 870 400 910 euim
429 874 510 908 tam
537 869 748 918 inperitum
773 873 835 907 est
857 878 975 917 quam
995 867 1162 906 credere
1182 865 1347 906 fulmina

4 923 5 927 ’
62 937 86 965 e
113 926 286 966 nubibus
315 926 451 965 Iovem
470 925 643 972 mittere,
674 925 899 972 columnas,
931 923 1119 970 arbores,
1150 932 1344 960 nonnum-

4 1009 5 1027 2
64 993 184 1031 quam
211 987 363 1021 statuas
393 992 489 1022 suas
519 986 675 1030 petere,
702 980 758 1018 uti
784 979 975 1028 inpunitis
996 978 1223 1026 sacrilegis,
1254 987 1345 1026 per-

4 1045 6 1092 }
63 1038 195 1077 cussis
217 1037 381 1086 ovibus,
406 1037 580 1076 incensis
603 1036 682 1075 ariS
701 1035 882 1085 pecudes
903 1035 1088 1074 innoxias
1109 1033 1249 1072 feriat?
1277 1032 1345 1071 ad-

61 1099 230 1133 vocatos
255 1093 308 1132 ad
336 1104 453 1133 suum
480 1091 690 1132 concilium
719 1101 744 1130 a
768 1091 866 1131 Iove
894 1088 1014 1138 deos,
1047 1088 1165 1139 quasi
1191 1088 1232 1127 in
1254 1087 1346 1137 ipso

61 1160 206 1199 parum
226 1148 381 1188 consilii
401 1149 478 1188 sit?
503 1149 570 1187 illa
585 1147 688 1186 laeta
703 1157 796 1185 esse
812 1151 851 1186 et
865 1147 1022 1196 placata
1038 1145 1220 1192 fulmina,
1243 1153 1347 1192 quae

62 1206 176 1244 solus
197 1205 391 1252 excutiat,
422 1202 672 1253 perniciosa,
704 1202 851 1252 quibus
871 1201 1073 1241 mittendis
1090 1200 1215 1239 maior
1232 1198 1347 1238 turba

62 1261 267 1300 numinum
287 1259 487 1300 interfuit?
529 1259 571 1298 Si
592 1269 616 1296 a
634 1269 698 1297 me
719 1258 900 1307 quaeris,
929 1257 1025 1306 quid
1046 1257 1232 1303 sentiam,
1263 1266 1344 1294 non
1365 1257 1387 1289 2

63 1316 248 1355 existimo
275 1319 354 1354 tam
377 1314 542 1363 hebetes
563 1314 709 1362 fuisse,
737 1318 781 1352 ut
801 1314 1010 1352 crederent
1027 1313 1164 1351 Iovem
1186 1311 1347 1362 iniquae

62 1370 281 1411 voluntatis
298 1375 366 1410 aut
381 1375 488 1410 certe
500 1371 631 1408 minus
647 1373 841 1418 paratum.
867 1374 998 1408 utrum
1013 1367 1116 1406 enim
1133 1372 1238 1414 tunc,
1257 1377 1347 1405 cum

65 1427 196 1466 emisit
212 1426 346 1474 ignes,
376 1426 522 1474 quibus
543 1425 707 1464 innoxia
726 1425 857 1473 capita
877 1428 1121 1473 percuteret,
1152 1423 1347 1461 scelerata

63 1482 268 1528 transiret,
299 1479 426 1520 n'oluit
450 1481 593 1520 iustius
620 1481 774 1519 mittere
800 1490 849 1518 an
872 1491 950 1528 non
973 1478 1199 1518 successit?
1247 1476 1347 1526 Quid
1365 1478 1389 1513 3

66 1547 163 1587 ergo
193 1536 318 1576 secuti
339 1541 450 1584 sunt,
480 1547 568 1576 cum
586 1535 689 1574 haec
710 1536 915 1574 dicerent?
949 1535 1002 1573 ad
1021 1533 1269 1573 coercendos
1289 1533 1346 1571 in-

67 1593 285 1642 peritorum
311 1592 466 1631 animos
494 1589 780 1640 sapientissimi
807 1590 883 1630 vlri
915 1590 1191 1629 iudicaverunt
1222 1587 1348 1640 inevi-

65 1649 226 1688 tabilem
254 1653 418 1694 metum,
448 1652 491 1686 ut
519 1646 670 1697 aliquid
700 1657 823 1695 supra
856 1657 934 1685 nos
965 1646 1207 1685 timeremus.
1252 1643 1348 1683 utile
1396 1641 1403 1645 ’

67 1709 153 1743 erat
171 1705 210 1742 in
230 1707 337 1743 tanta
358 1703 527 1742 audacia
543 1701 739 1742 scelerum
755 1711 866 1750 esse,
888 1702 1084 1740 adversus
1101 1700 1211 1749 quod
1229 1710 1347 1738 nemo

67 1760 144 1798 sibi
174 1760 270 1798 satis
300 1764 444 1808 potens
472 1758 685 1797 videretur.
728 1758 778 1796 ad
808 1757 1071 1796 deterrendos
1099 1757 1235 1805 itaque
1262 1766 1348 1801 eos⁷

69 1815 216 1865 quibus
238 1814 464 1854 innocentia
484 1812 561 1852 nisi
584 1817 689 1852 metu
707 1823 788 1851 non
808 1813 959 1862 placet,
981 1816 1206 1862 posuerunt
1225 1821 1349 1860 supra

68 1875 188 1921 caput
207 1871 404 1909 vindicem
425 1874 464 1909 et
484 1868 644 1918 quidem
665 1872 869 1906 armatum.

149 1925 281 1964 XLIII.
314 1927 443 1974 Quare
465 1935 560 1973 ergo
582 1924 621 1962 id
644 1925 810 1972 fulmen,
840 1923 949 1972 quod
969 1924 1082 1962 solus
1102 1923 1250 1972 Iupiter
1264 1921 1348 1960 mit·
1371 1927 1390 1960 1

68 1981 133 2030 tit,
160 1982 356 2030 placabile
385 1986 465 2028 est,
492 1979 762 2029 perniciosum
789 1979 847 2026 id,
879 1979 930 2017 de
952 1991 1030 2028 quo
1053 1977 1286 2017 deliberavit
1312 1982 1350 2016 et

72 2037 181 2085 quod
209 2037 296 2090 alj1s
325 2046 487 2087 quoque
516 2036 577 2074 dis
601 2035 831 2074 auctoribus
853 2035 986 2073 misit?
1013 2034 1106 2082 quia
1126 2035 1282 2082 Iovem,
1308 2033 1349 2071 id

72 2097 135 2131 est
161 2091 314 2141 regem,
347 2093 543 2141 prodesse
571 2091 687 2129 etiam
718 2092 846 2129 solum
875 2095 1052 2139 oportet,
1081 2099 1229 2128 nocere
1253 2099 1346 2134 non,

71 2147 149 2186 nisi
177 2157 267 2186 cum
300 2148 480 2197 pluribus
509 2147 639 2185 visum
671 2151 744 2185 est.
806 2145 972 2184 Discant
1000 2145 1066 2192 hi,
1107 2145 1349 2194 quicumque
1368 2148 1390 2181 2

70 2212 255 2250 magnam
281 2205 382 2242 inter
402 2203 586 2242 homines
613 2200 748 2251 adepti
768 2200 984 2250 potentiam
1005 2205 1115 2247 sunt,
1146 2200 1235 2239 sine
1254 2210 1347 2238 con-

74 2257 162 2295 silio
183 2267 235 2297 ne
253 2259 399 2298 fulmen
418 2259 577 2307 quidem
594 2256 711 2295 mitti:
742 2257 958 2304 advocent,
979 2257 1236 2295 considerent
1249 2255 1347 2294 mul-

26 2338 30 2342 f
73 2316 468 2363 torum'sententias,
506 2314 731 2353 nociturum
757 2316 996 2363 temperent,
1033 2312 1111 2351 hoc
1146 2312 1222 2351 sibi
1255 2322 1348 2361 pro-
