1592 2580
317 183 501 223 NATUR.
520 183 733 250 QUAEsn
762 183 942 223 L113.1v.
969 186 1099 224 1213.
1266 182 1348 224 255

69 286 326 327 cruditatibus
361 295 442 324 non
471 284 663 332 temporis
693 289 850 331 aestus,
884 283 959 323 sed
988 294 1086 323 suos
1115 282 1253 331 sentit,
1280 285 1347 323 ubi

69 343 241 382 ebrietas
261 341 448 380 continua
466 340 691 379 visceribus
712 339 858 378 insedit
878 344 918 378 et
933 339 1171 388 praecordia
1190 339 1287 387 bile,
1307 340 1346 378 in

69 409 186 448 quam
210 397 391 444 vertitur,
422 401 561 444 torret,
589 395 739 444 aliquid
763 396 995 434 necessario
1018 395 1241 444 quaeritur,
1267 407 1348 444 quo

67 458 202 493 aestus
222 454 287 491 ille
306 454 529 501 frangatur,
561 451 628 501 qui
649 451 749 500 ipsis
772 451 887 499 aquis
907 451 1132 500 incalescit,
1160 451 1349 490 remediis

65 509 201 548 incitat
216 509 364 547 vitium.
386 509 519 557 itaque
536 518 614 546 non
631 512 780 546 tantum
797 512 966 554 aestate,
984 507 1059 546 sed
1073 507 1205 546 media
1220 507 1349 546 hieme

60 565 197 603 nivem
230 564 306 603 hac
340 575 464 603 causa
492 563 645 602 bibunt.
685 563 794 611 Quae
827 562 944 602 huius
965 563 1023 602 rei
1049 573 1173 602 causa
1192 569 1253 602 est
1273 563 1349 602 nisi
1371 566 1392 600 6

63 621 292 659 intestinum
323 621 470 659 malum
498 624 536 658 et
561 620 658 658 luxu
687 623 875 667 corrupta
902 619 1159 668 praecordia,
1202 619 1348 668 quibus

64 677 216 715 nullum
237 676 486 715 intervallum
515 683 724 723 umquam,
760 686 840 724 quo
869 675 1247 724 interquiescerent,
1280 676 1347 713 da-

64 737 147 771 tum
176 737 257 780 est,
275 732 365 787 ‚sed
391 731 560 780 prandia
587 731 725 770 coenis
754 741 887 779 usque
914 731 954 768 in
985 731 1114 770 lucem
1145 730 1349 780 perductis

64 788 220 836 ingesta
254 792 345 826 sunt
377 791 416 826 et
442 787 637 826 distentos
668 786 786 835 copia
813 788 1053 826 ferculorum
1083 797 1132 825 ac
1156 787 1349 826 vvarietate

65 842 308 883 comessatio
330 844 446 882 altius
466 843 615 881 mersit.
647 842 793 880 deinde
809 853 1024 891 numquam
1044 843 1272 881 intermissa
1291 843 1346 880 in—

64 900 325 948 temperantia
350 899 542 947 quicquid
562 898 679 936 avide
700 903 883 945 coxerat,
914 898 1097 937 efferavit
1125 899 1220 936 etin
1242 898 1343 936 desi-

65 954 217 994 derium
255 965 414 1004 semper
447 954 540 993 novi
572 954 718 1002 rigoris
752 955 947 993 accendit.
989 955 1129 1003 Itaque
1164 954 1348 1003 quamvis
1369 957 1388 992 7

65 1011 341 1050 coenationem
361 1010 463 1048 velis
482 1020 530 1049 ac
550 1008 829 1058 specularibus
857 1010 1036 1048 muniant
1056 1015 1095 1049 et
1112 1009 1205 1058 igne
1226 1011 1348 1049 multo

65 1066 228 1105 doment
261 1066 436 1111 hiemen,
474 1065 730 1104 nihilominus
762 1066 994 1104 stomachus
1026 1066 1092 1104 ille
1127 1067 1282 1105 solutus
1312 1072 1350 1104 et

64 1127 181 1161 aestu
202 1133 277 1161 suo
302 1122 513 1170 languidus
536 1121 690 1170 quaerit
715 1121 886 1170 aliquid,
923 1133 1002 1171 quo
1032 1122 1217 1170 erigatur.
1258 1131 1348 1159 nam

64 1177 170 1216 sicut
188 1178 319 1216 animo
339 1178 499 1216 relictos
520 1181 810 1226 stupentesque
827 1188 934 1226 aqua
949 1177 1094 1226 srIgida
1108 1178 1347 1226 spargimus,

64 1238 105 1272 ut
133 1233 183 1271 ad
205 1243 366 1272 sensum
395 1232 457 1271 sui
482 1232 667 1271 redeant:
694 1233 748 1271 ita
772 1231 933 1272 viscera
957 1233 1124 1272 istorum
1147 1233 1249 1272 vitiis
1272 1239 1347 1272 ιον-

63 1289 199 1338 pentia
216 1289 311 1326 nihil
333 1288 526 1336 sentiunt,
547 1288 624 1326 nisi
645 1287 794 1337 frigore
813 1288 880 1327 illa
900 1288 1188 1328 vehementiori
1210 1299 1345 1338 perus>

64 1344 180 1383 seris,
210 1345 306 1383 Inde
326 1350 407 1392 est,
430 1345 611 1394 inquam,
634 1344 743 1393 quod
761 1354 835 1382 nec
853 1346 944 1382 nive
960 1344 1153 1393 [quidem]
1174 1346 1347 1384 contenti
1368 1349 1390 1382 8

64 1403 175 1444 sunt,
212 1400 285 1439 sed
317 1401 503 1449 glaciem,
539 1401 650 1438 velut
681 1401 826 1439 certior
854 1400 908 1438 illi
935 1410 986 1438 ex
1007 1401 1137 1439 solido
1157 1401 1266 1449 rigor
1286 1401 1347 1447 sit,

65 1457 279 1504 exquirunt
308 1466 355 1494 ac
384 1466 509 1504 saepe
537 1455 717 1504 repetitis
747 1455 864 1504 aquis
895 1455 1067 1494 diluunt:
1103 1467 1206 1505 quae
1227 1468 1306 1495 non
1328 1468 1349 1494 e

65 1523 222 1550 summo
250 1512 416 1558 tollitur,
456 1511 530 1550 sed
558 1516 600 1550 ut
630 1510 706 1549 vim
727 1511 918 1550 maiorem
942 1511 1089 1550 habeat
1116 1517 1155 1551 et
1176 1513 1348 1561 pertina-

65 1566 152 1606 cius
173 1567 319 1616 frigus,
342 1566 392 1605 ex
413 1567 548 1606 abdito
571 1566 770 1606 effoditur.
820 1567 955 1615 itaque
975 1577 1026 1605 ne
1045 1579 1167 1606 unum
1189 1568 1348 1617 quidem

64 1628 128 1662 est
148 1619 332 1672 pretium,
370 1623 444 1662 sed
464 1623 585 1662 habet
605 1622 810 1662 institores
831 1633 938 1671 aqua
957 1627 997 1661 et
1016 1634 1214 1662 annonam
1228 1654 1237 1669 ‚
1273 1635 1346 1674 pro

64 1679 216 1728 pudor,
247 1679 410 1717 variam.
455 1678 750 1727 Unguentarios
770 1678 1078 1718 Lacedaemonii
1106 1679 1205 1718 urbe
1223 1690 1329 1729 expu
1369 1685 1390 1720 9

64 1736 196 1773 lerunt
211 1740 250 1774 et
265 1744 437 1783 propere
454 1734 598 1773 cedere
613 1734 760 1773 finibus
777 1735 861 1773 suis
876 1734 1090 1784 iusserunt,
1109 1735 1203 1785 quia
1218 1736 1347 1775 oleum

65 1791 364 1838 disperderent:
410 1790 507 1839 quid
540 1789 614 1837 illi,
649 1790 683 1828 si
719 1790 918 1829 vidiSsent
949 1791 1211 1839 reponendae
1244 1792 1346 1830 nivis

65 1846 248 1886 officinas
279 1851 318 1884 et
350 1851 408 1885 tot
440 1847 614 1884 iumenta
650 1846 872 1894 portandae
907 1857 1038 1895 aquae
1067 1847 1345 1895 deservientia,

65 1902 180 1941 cuius
215 1902 392 1941 colorem
428 1912 699 1951 saporemque
734 1901 884 1951 paleis,
920 1902 1065 1951 quibus
1101 1904 1344 1951 custodiunt,

65 1957 303 2007 inquinant?
343 1960 413 2006 At,
445 1957 486 1996 di
514 1958 627 2005 boni,
658 1968 779 2006 quam
798 1957 915 1996 facile
934 1963 997 1997 est
1016 1960 1272 2008 exstinguere
1293 1961 1343 1998 si-

66 2013 134 2052 tim
154 2018 312 2053 sanam!
344 2013 425 2052 Sed
446 2013 542 2062 quid
565 2013 713 2052 sentire
734 2018 906 2062 possunt
925 2020 1130 2054 emortuae
1149 2017 1288 2055 fauces
1308 2021 1344 2054 et
1359 2019 1400 2052 lo

67 2070 283 2108 occallatae
304 2069 404 2108 cibis
427 2069 685 2108 ardentibus?
709 2069 1052 2117 Quemadmodum
1070 2070 1168 2110 nihil
1185 2072 1262 2111 illis
1283 2083 1344 2111 sa-

67 2123 118 2162 tis
137 2125 339 2174 frigidum,
369 2126 427 2164 sic
447 2125 543 2163 nihil
563 2125 660 2163 satis
682 2125 854 2164 calidum
874 2131 952 2173 est,
975 2127 1047 2165 sed
1068 2127 1254 2167 ardentes
1274 2127 1343 2167 bo-

67 2179 169 2219 letos
196 2185 235 2219 et
259 2182 402 2230 raptim
423 2181 655 2219 indumento
676 2191 751 2220 suo
770 2186 968 2220 mersatos
990 2182 1198 2222 demittunt
1216 2193 1344 2233 paene

69 2236 290 2284 fumantes,
326 2248 429 2286 quos
465 2236 609 2275 deinde
641 2236 888 2285 restinguant
919 2237 1064 2277 nivatis
1100 2239 1341 2288 potionibus.

67 2290 252 2340 Videbis,
281 2293 463 2342 inquam,
493 2292 692 2341 quosdam
712 2293 882 2341 graciles
902 2298 942 2332 et
961 2294 1122 2343 palliolo
1142 2295 1342 2345 focalique

69 2345 355 2398 circumdatos,
386 2350 582 2399 pallentes
609 2353 646 2387 et
675 2359 819 2397 aegros
840 2359 919 2388 non
941 2350 1107 2392 sorbere
1132 2352 1261 2391 solum
1283 2352 1338 2390 ni-
