1624 2626
305 162 386 203 224
566 163 608 200 L.
638 160 827 199 ANNAEI
855 158 1081 199 SENECAE
1109 161 1240 199 DIAL.
1267 160 1333 199 XL

268 265 286 297 1
386 260 471 299 VII.
513 259 647 298 Haec
688 264 850 298 tamen
880 258 1158 297 etiamnunc
1187 257 1467 298 levioribus
1497 269 1565 296 re-

308 316 487 356 mediis
521 313 850 352 adiuvabant:
888 323 992 352 cum
1009 314 1151 352 voles
1172 314 1383 352 omnium
1402 323 1565 351 rerum

310 369 560 416 oblivisci,
583 368 847 406 Caesarem
869 366 1050 415 cogita.
1079 367 1183 413 vide,
1205 366 1564 416 quantamhuiusin

309 430 347 463 te
368 424 632 472 indulgentiae
650 422 790 469 fidem,
813 427 999 470 quantam
1018 421 1249 460 industriam
1269 422 1436 460 debeas:
1456 421 1566 459 intel-

310 481 421 527 leges
454 489 534 517 non
559 477 685 524 magis
715 477 783 515 tibi
813 476 1009 515 incurvari
1037 475 1156 514 licere
1177 486 1294 524 quam
1315 476 1388 522 illi,
1423 475 1457 514 si
1477 474 1567 523 quis

310 533 430 572 modo
451 537 530 580 est,
557 531 701 570 fabulis
720 531 907 578 traditus,
927 531 1037 569 cuius
1056 529 1229 568 humeris
1251 531 1423 568 mundus
1441 529 1566 567 inniti-
1622 533 1624 544 ¹

274 593 384 627 2tur.
426 587 584 626 Caesari
613 596 774 634 quoque
792 585 890 633 ipsi,
920 585 982 624 cui
1002 585 1133 624 omnia
1153 585 1289 631 licent,
1314 590 1476 633 propter
1491 583 1569 622 hoc

311 643 442 691 ipsum
460 642 580 680 multa
599 651 678 679 non
699 640 835 678 licent:
858 638 1027 678 omnium
1046 649 1207 678 somnos
1229 638 1332 677 illius
1351 639 1482 686 vigilia
1501 639 1569 676 de-

311 697 452 743 fendit,
482 696 652 734 omniurn
673 695 792 734 otium
811 694 916 733 illius
934 694 1063 741 labor,
1093 694 1264 732 omnium
1284 693 1445 731 delicias
1466 692 1569 731 illius

310 751 522 797 industria,
558 750 731 788 omnium
757 749 1001 788 vacationem
1030 748 1133 786 illius
1154 748 1376 795 occupatio.
1417 757 1467 785 ex
1490 757 1569 794 quo

312 816 357 844 se
378 806 524 843 Caesar
543 804 628 843 orbi
647 808 839 842 terrarum
860 802 1075 850 dedicavit,
1096 803 1171 841 sibi
1193 803 1259 852 [se]
1281 801 1435 850 eripuit.
1466 806 1504 839 et
1518 801 1569 839 si—

312 860 449 899 derum
469 859 609 905 modo,
634 868 736 906 quae
755 858 975 906 inrequieta
995 867 1153 905 semper
1172 867 1313 895 cursus
1335 867 1431 894 suos
1447 856 1570 903 expli-

313 919 422 962 cant,
455 924 670 961 numquam
704 913 760 950 illi
795 912 887 951 licet
913 922 987 950 nec
1013 912 1231 950 subsistere
1257 921 1332 948 nec
1361 911 1570 958 quicquam

275 975 297 1008 3
313 980 426 1008 suum
455 970 599 1006 facere.
638 967 703 1005 Ad
726 967 938 1014 quemdam
964 966 1097 1015 itaque
1123 966 1284 1004 modum
1314 964 1383 1003 tibi
1411 974 1570 1013 quoque

313 1024 455 1062 eadem
486 1020 707 1060 necessitas
736 1021 968 1069 iniungitur:
1000 1031 1079 1059 non
1106 1021 1196 1059 licet
1222 1020 1290 1058 tibi
1318 1019 1369 1057 ad
1387 1019 1570 1058 utilitates

312 1084 421 1124 tuaS,
447 1077 498 1115 ad
527 1076 658 1115 studia
684 1080 750 1113 tua
776 1075 993 1123 respicere.
1038 1075 1207 1113 Caesare
1227 1074 1362 1112 orbem
1382 1078 1570 1111 terrarum

314 1131 547 1183 possidente
574 1129 751 1178 inpartiri
776 1133 814 1168 te
842 1140 915 1167 nec
942 1129 1135 1177 voluptati
1163 1139 1236 1166 nec
1266 1128 1394 1166 dolori
1415 1138 1487 1166 nec
1505 1127 1572 1166 ulli

275 1192 298 1226 4
313 1187 376 1225 alii
395 1187 453 1224 rei
473 1183 607 1233 potes:
627 1189 749 1223 totum
769 1189 808 1222 te
830 1184 988 1222 Caesari
1009 1184 1144 1221 debes.
1181 1182 1308 1220 Adice
1327 1192 1432 1220 nunc
1452 1181 1571 1230 quod,

313 1252 402 1280 cum
423 1250 580 1288 semper
600 1238 808 1287 praedices
829 1237 1021 1276 cariorem
1039 1237 1108 1276 tibi
1125 1238 1264 1285 spiritu
1278 1241 1345 1274 tuo
1363 1236 1573 1274 Caesarem

312 1306 417 1343 esse,
437 1296 498 1333 sas
519 1294 587 1333 tibi
607 1304 687 1331 non
707 1298 768 1331 est
788 1294 899 1331 salvo
921 1293 1090 1330 Caesare
1106 1291 1155 1329 de
1171 1291 1327 1329 fortuna
1344 1291 1474 1339 queri:
1496 1290 1572 1327 hoc

313 1349 499 1389 incolumi
530 1348 630 1387 salvi
649 1348 717 1386 tibi
739 1351 831 1386 sunt
852 1347 926 1394 tui,
951 1346 1046 1385 nihil
1066 1345 1292 1395 perdidisti,
1322 1356 1401 1383 non
1427 1350 1573 1383 tantum

314 1406 447 1444 siccos
469 1404 610 1442 oculos
632 1407 722 1441 tuos
741 1412 845 1448 esse,
867 1402 940 1440 sed
960 1401 1076 1439 etiam
1094 1401 1221 1438 laetos
1242 1403 1407 1447 oportet.
1439 1399 1476 1437 in
1497 1399 1574 1436 hoc

312 1460 380 1498 tibi
402 1459 534 1498 omnia
553 1463 664 1505 sunt,
685 1458 748 1495 hic
769 1467 841 1504 pro
868 1455 1050 1494 omnibus
1070 1460 1143 1493 est.
1174 1454 1286 1502 Quod
1305 1455 1421 1501 longe
1440 1464 1464 1491 a
1483 1463 1572 1492 sen-

314 1515 426 1552 sibus
453 1512 531 1552 tuis
559 1511 880 1560 prudentissimis
906 1510 1178 1559 piissimisque
1212 1509 1344 1555 abest,
1377 1508 1572 1546 adversus

315 1568 538 1607 felicitatem
563 1572 667 1606 tuam
698 1576 839 1614 parum
865 1570 1000 1613 gratus
1028 1574 1093 1611 es,
1123 1564 1156 1602 si
1175 1562 1242 1602 tibi
1268 1563 1479 1611 quicquam
1497 1563 1575 1602 hoe

316 1625 427 1662 salvo
447 1621 545 1659 flere
567 1619 770 1669 permittis.

280 1685 298 1716 1
402 1677 506 1715 VIII.
534 1675 829 1714 Monstrabo
851 1672 1135 1712 etiamnunc
1155 1683 1248 1712 non
1271 1671 1464 1721 quidem
1484 1671 1572 1708 fir-

316 1733 440 1771 mius
461 1729 749 1777 remedium,
770 1729 857 1767 sed
873 1728 1188 1766 familiarius.
1219 1727 1259 1766 Si
1277 1726 1434 1775 quando
1451 1730 1488 1763 te
1504 1726 1573 1764 do-

315 1797 422 1825 mum
455 1785 678 1833 receperis,
710 1789 803 1823 tunc
839 1783 911 1821 erit
938 1782 1007 1821 tibi
1036 1782 1245 1821 metuenda
1274 1779 1440 1819 tristitia.
1483 1791 1574 1818 nam

318 1841 505 1889 quamdiu
531 1849 674 1878 numen
702 1843 810 1877 tuum
831 1837 1064 1884 intueberis,
1092 1838 1238 1875 nullum
1259 1835 1325 1873 illa
1344 1835 1393 1872 ad
1414 1839 1451 1872 te
1466 1835 1573 1872 inve-

317 1896 398 1934 niet
423 1904 644 1933 accessum.
687 1893 818 1932 omnia
843 1893 882 1930 in
908 1896 947 1930 te
967 1892 1114 1931 Caesar
1130 1890 1298 1930 tenebit=
1330 1900 1419 1927 cum
1439 1889 1489 1926 ab
1509 1889 1574 1927 illo

319 1949 578 1996 discesseris,
596 1954 689 1987 tunc
707 1949 816 1986 velut
835 1947 1047 1986 occasione
1066 1947 1156 1984 data
1175 1944 1422 1983 insidiabitur
1438 1943 1574 1981 solitu-

319 2005 400 2042 dini
427 2010 517 2043 tuae
544 2004 659 2042 dolor
685 2008 724 2041 et
748 2001 1014 2050 requiescenti
1033 2001 1245 2040 ammo-tuo
1266 1998 1452 2046 paulatim
1472 1997 1574 2035 inre-

282 2064 399 2106 2pet.
439 2058 572 2107 itaque
602 2068 697 2097 non
731 2062 808 2095 est
841 2056 971 2105 quod
1002 2056 1150 2094 ullum
1178 2058 1371 2100 tempus
1397 2061 1576 2089 vacare

321 2112 537 2160 patiaris
563 2123 587 2150 a
615 2112 826 2151 studiis:
857 2117 947 2150 tunc
974 2109 1043 2148 tibi
1069 2109 1205 2147 literae
1233 2112 1324 2146 tuae
1345 2113 1422 2144 tam
1442 2105 1509 2144 diu
1530 2117 1575 2144 ac

318 2173 398 2206 tam
424 2166 592 2205 fideliter
619 2171 770 2204 amatae
797 2166 961 2214 gratiam
980 2165 1161 2202 reserant.
1201 2167 1293 2200 tunc
1311 2167 1350 2199 te
1368 2161 1458 2198 illae
1478 2161 1575 2204 anti-

321 2221 448 2259 stitem
468 2225 506 2258 et
525 2222 714 2260 cultorem
733 2230 845 2259 suum
865 2219 1073 2258 vindicent.
1102 2221 1195 2255 tunc
1209 2216 1403 2254 Homerus
1423 2219 1462 2253 et
1475 2215 1574 2252 Ver-

321 2275 434 2323 gilius
453 2279 531 2313 tam
551 2275 653 2315 bene
672 2275 722 2315 de
741 2275 912 2315 humano
932 2282 1076 2322 genere
1094 2270 1238 2319 meriti,
1268 2280 1385 2319 quam
1407 2275 1449 2309 tu
1468 2274 1506 2308 et
1524 2269 1573 2307 de
