<?xml version="1.0" encoding="UTF-8"?>
<!DOCTYPE html PUBLIC "-//W3C//DTD XHTML 1.0 Transitional//EN"
    "http://www.w3.org/TR/xhtml1/DTD/xhtml1-transitional.dtd">
<html xmlns="http://www.w3.org/1999/xhtml" xml:lang="en" lang="en">
 <head>
  <title>
</title>
<meta http-equiv="Content-Type" content="text/html;charset=utf-8" />
  <meta name='ocr-system' content='tesseract 3.04.00' />
  <meta name='ocr-capabilities' content='ocr_page ocr_carea ocr_par ocr_line ocrx_word'/>
</head>
<body>
  <div class='ocr_page' id='page_1' title='image "./operaquaesupersu01seneuoft/operaquaesupersu01seneuoft_0321.png"; bbox 0 0 1624 2626; ppageno 0'>
   <div class='ocr_carea' id='block_1_1' title="bbox 321 470 1232 561">
    <p class='ocr_par' dir='ltr' id='par_1_1' title="bbox 321 470 1232 561">
     <span class='ocr_line' id='line_1_1' title="bbox 321 470 1232 561; baseline -0.001 -1"><span class='ocrx_word' id='word_1_1' title='bbox 321 495 504 560; x_wconf 76' lang='lat' dir='ltr'>mun.</span> <span class='ocrx_word' id='word_1_2' title='bbox 537 493 779 559; x_wconf 65' lang='lat' dir='ltr'>filisu</span> <span class='ocrx_word' id='word_1_3' title='bbox 803 470 1232 561; x_wconf 64' lang='lat' dir='ltr'>Palmum.</span> 
     </span>
    </p>
   </div>
   <div class='ocr_carea' id='block_1_2' title="bbox 94 755 1450 2383">
    <p class='ocr_par' dir='ltr' id='par_1_2' title="bbox 94 755 1450 2383">
     <span class='ocr_line' id='line_1_2' title="bbox 201 755 1450 826; baseline -0.001 -16"><span class='ocrx_word' id='word_1_4' title='bbox 201 755 419 826; x_wconf 64' lang='lat' dir='ltr'>Quamquam</span> <span class='ocrx_word' id='word_1_5' title='bbox 436 786 503 810; x_wconf 89' lang='lat' dir='ltr'>non</span> <span class='ocrx_word' id='word_1_6' title='bbox 514 777 648 810; x_wconf 84' lang='lat' dir='ltr'>videtur</span> <span class='ocrx_word' id='word_1_7' title='bbox 664 777 700 810; x_wconf 91' lang='lat' dir='ltr'>in</span> <span class='ocrx_word' id='word_1_8' title='bbox 713 774 861 810; x_wconf 76' lang='lat' dir='ltr'><strong>Senecae</strong></span> <span class='ocrx_word' id='word_1_9' title='bbox 884 775 979 810; x_wconf 88' lang='lat' dir='ltr'>libris</span> <span class='ocrx_word' id='word_1_10' title='bbox 1002 779 1156 809; x_wconf 78' lang='lat' dir='ltr'>accurate</span> <span class='ocrx_word' id='word_1_11' title='bbox 1177 774 1309 809; x_wconf 86' lang='lat' dir='ltr'>definiri</span> <span class='ocrx_word' id='word_1_12' title='bbox 1337 785 1450 818; x_wconf 81' lang='lat' dir='ltr'>posse,</span> 
     </span>
     <span class='ocr_line' id='line_1_3' title="bbox 101 822 1450 866; baseline -0.001 -11"><span class='ocrx_word' id='word_1_13' title='bbox 101 833 169 864; x_wconf 83' lang='lat' dir='ltr'>quo</span> <span class='ocrx_word' id='word_1_14' title='bbox 193 825 337 865; x_wconf 82' lang='lat' dir='ltr'>quisque</span> <span class='ocrx_word' id='word_1_15' title='bbox 359 829 512 866; x_wconf 89' lang='lat' dir='ltr'>tempore</span> <span class='ocrx_word' id='word_1_16' title='bbox 532 823 742 866; x_wconf 86' lang='lat' dir='ltr'>conscriptus</span> <span class='ocrx_word' id='word_1_17' title='bbox 765 823 828 864; x_wconf 82' lang='lat' dir='ltr'>sit,</span> <span class='ocrx_word' id='word_1_18' title='bbox 852 822 1052 865; x_wconf 79' lang='lat' dir='ltr'>praesertim</span> <span class='ocrx_word' id='word_1_19' title='bbox 1083 832 1160 854; x_wconf 88' lang='lat' dir='ltr'>cum</span> <span class='ocrx_word' id='word_1_20' title='bbox 1193 822 1236 856; x_wconf 89' lang='lat' dir='ltr'>de</span> <span class='ocrx_word' id='word_1_21' title='bbox 1269 823 1340 854; x_wconf 87' lang='lat' dir='ltr'>vita</span> <span class='ocrx_word' id='word_1_22' title='bbox 1368 832 1450 863; x_wconf 90' lang='lat' dir='ltr'>quo·</span> 
     </span>
     <span class='ocr_line' id='line_1_4' title="bbox 104 867 1450 913; baseline -0.001 -12"><span class='ocrx_word' id='word_1_23' title='bbox 104 879 170 910; x_wconf 90' lang='lat' dir='ltr'>que</span> <span class='ocrx_word' id='word_1_24' title='bbox 191 868 339 902; x_wconf 82' lang='lat' dir='ltr'>Senecae</span> <span class='ocrx_word' id='word_1_25' title='bbox 360 875 438 913; x_wconf 85' lang='lat' dir='ltr'>post</span> <span class='ocrx_word' id='word_1_26' title='bbox 458 869 612 912; x_wconf 83' lang='lat' dir='ltr'>Lipsium</span> <span class='ocrx_word' id='word_1_27' title='bbox 634 879 734 902; x_wconf 89' lang='lat' dir='ltr'>nemo</span> <span class='ocrx_word' id='word_1_28' title='bbox 759 868 952 912; x_wconf 82' lang='lat' dir='ltr'>diligentius</span> <span class='ocrx_word' id='word_1_29' title='bbox 975 868 1202 910; x_wconf 84' lang='lat' dir='ltr'>quaesiverit,</span> <span class='ocrx_word' id='word_1_30' title='bbox 1222 867 1316 901; x_wconf 90' lang='lat' dir='ltr'>nolui</span> <span class='ocrx_word' id='word_1_31' title='bbox 1338 873 1450 900; x_wconf 84' lang='lat' dir='ltr'>tamen</span> 
     </span>
     <span class='ocr_line' id='line_1_5' title="bbox 101 914 1449 957; baseline 0.001 -11"><span class='ocrx_word' id='word_1_32' title='bbox 101 925 120 947; x_wconf 90' lang='lat' dir='ltr'>e</span> <span class='ocrx_word' id='word_1_33' title='bbox 144 916 376 957; x_wconf 85' lang='lat' dir='ltr'>superioribus</span> <span class='ocrx_word' id='word_1_34' title='bbox 395 914 599 949; x_wconf 80' lang='lat' dir='ltr'>editionibus</span> <span class='ocrx_word' id='word_1_35' title='bbox 618 915 734 948; x_wconf 85' lang='lat' dir='ltr'>talem.</span> <span class='ocrx_word' id='word_1_36' title='bbox 750 914 897 956; x_wconf 81' lang='lat' dir='ltr'>aliquem</span> <span class='ocrx_word' id='word_1_37' title='bbox 926 914 1089 947; x_wconf 90' lang='lat' dir='ltr'>librorum</span> <span class='ocrx_word' id='word_1_38' title='bbox 1119 914 1270 947; x_wconf 84' lang='lat' dir='ltr'>ordinem</span> <span class='ocrx_word' id='word_1_39' title='bbox 1293 914 1449 948; x_wconf 73' lang='lat' dir='ltr'>retinere,</span> 
     </span>
     <span class='ocr_line' id='line_1_6' title="bbox 101 960 1450 1004; baseline 0 -12"><span class='ocrx_word' id='word_1_40' title='bbox 101 970 201 1002; x_wconf 90' lang='lat' dir='ltr'>quem</span> <span class='ocrx_word' id='word_1_41' title='bbox 221 971 242 994; x_wconf 85' lang='lat' dir='ltr'>a</span> <span class='ocrx_word' id='word_1_42' title='bbox 263 967 451 1004; x_wconf 83' lang='lat' dir='ltr'>tempomm</span> <span class='ocrx_word' id='word_1_43' title='bbox 473 962 589 994; x_wconf 86' lang='lat' dir='ltr'>ordine</span> <span class='ocrx_word' id='word_1_44' title='bbox 612 961 791 994; x_wconf 86' lang='lat' dir='ltr'>abhorrere</span> <span class='ocrx_word' id='word_1_45' title='bbox 819 962 903 993; x_wconf 82' lang='lat' dir='ltr'>satis</span> <span class='ocrx_word' id='word_1_46' title='bbox 925 966 1107 999; x_wconf 83' lang='lat' dir='ltr'>constaret;</span> <span class='ocrx_word' id='word_1_47' title='bbox 1138 970 1241 1002; x_wconf 89' lang='lat' dir='ltr'>quare</span> <span class='ocrx_word' id='word_1_48' title='bbox 1267 970 1344 993; x_wconf 89' lang='lat' dir='ltr'>cum</span> <span class='ocrx_word' id='word_1_49' title='bbox 1366 960 1450 992; x_wconf 89' lang='lat' dir='ltr'>mihi</span> 
     </span>
     <span class='ocr_line' id='line_1_7' title="bbox 101 1004 1449 1051; baseline -0.001 -12"><span class='ocrx_word' id='word_1_50' title='bbox 101 1007 144 1039; x_wconf 86' lang='lat' dir='ltr'>de</span> <span class='ocrx_word' id='word_1_51' title='bbox 160 1004 222 1039; x_wconf 87' lang='lat' dir='ltr'>XII</span> <span class='ocrx_word' id='word_1_52' title='bbox 237 1007 454 1051; x_wconf 80' lang='lat' dir='ltr'>Dialogorum</span> <span class='ocrx_word' id='word_1_53' title='bbox 475 1006 570 1039; x_wconf 86' lang='lat' dir='ltr'>libris</span> <span class='ocrx_word' id='word_1_54' title='bbox 592 1007 698 1040; x_wconf 85' lang='lat' dir='ltr'>otium</span> <span class='ocrx_word' id='word_1_55' title='bbox 720 1007 903 1048; x_wconf 87' lang='lat' dir='ltr'>quaerendi</span> <span class='ocrx_word' id='word_1_56' title='bbox 923 1006 1060 1039; x_wconf 78' lang='lat' dir='ltr'>fecisset</span> <span class='ocrx_word' id='word_1_57' title='bbox 1082 1006 1211 1039; x_wconf 82' lang='lat' dir='ltr'>codicis</span> <span class='ocrx_word' id='word_1_58' title='bbox 1222 1005 1449 1039; x_wconf 89' lang='lat' dir='ltr'>Mediolanen-</span> 
     </span>
     <span class='ocr_line' id='line_1_8' title="bbox 99 1052 1449 1096; baseline 0 -12"><span class='ocrx_word' id='word_1_59' title='bbox 99 1052 148 1084; x_wconf 85' lang='lat' dir='ltr'>sis</span> <span class='ocrx_word' id='word_1_60' title='bbox 173 1053 369 1092; x_wconf 78' lang='lat' dir='ltr'>auctoritas,</span> <span class='ocrx_word' id='word_1_61' title='bbox 393 1053 505 1096; x_wconf 85' lang='lat' dir='ltr'>primo</span> <span class='ocrx_word' id='word_1_62' title='bbox 530 1052 702 1086; x_wconf 84' lang='lat' dir='ltr'>volumine</span> <span class='ocrx_word' id='word_1_63' title='bbox 721 1063 797 1085; x_wconf 88' lang='lat' dir='ltr'>cum</span> <span class='ocrx_word' id='word_1_64' title='bbox 820 1053 864 1085; x_wconf 88' lang='lat' dir='ltr'>iis</span> <span class='ocrx_word' id='word_1_65' title='bbox 900 1062 942 1085; x_wconf 88' lang='lat' dir='ltr'>ea</span> <span class='ocrx_word' id='word_1_66' title='bbox 964 1052 1112 1085; x_wconf 76' lang='lat' dir='ltr'>Senecae</span> <span class='ocrx_word' id='word_1_67' title='bbox 1142 1061 1245 1095; x_wconf 88' lang='lat' dir='ltr'>opera</span> <span class='ocrx_word' id='word_1_68' title='bbox 1274 1053 1449 1094; x_wconf 81' lang='lat' dir='ltr'>conjunxi,</span> 
     </span>
     <span class='ocr_line' id='line_1_9' title="bbox 100 1096 1448 1141; baseline 0 -11"><span class='ocrx_word' id='word_1_69' title='bbox 100 1107 244 1139; x_wconf 87' lang='lat' dir='ltr'>quorum</span> <span class='ocrx_word' id='word_1_70' title='bbox 262 1108 349 1140; x_wconf 86' lang='lat' dir='ltr'>quae</span> <span class='ocrx_word' id='word_1_71' title='bbox 370 1103 448 1131; x_wconf 85' lang='lat' dir='ltr'>sunt</span> <span class='ocrx_word' id='word_1_72' title='bbox 458 1096 574 1131; x_wconf 83' lang='lat' dir='ltr'>&#39;aetate</span> <span class='ocrx_word' id='word_1_73' title='bbox 593 1105 781 1141; x_wconf 88' lang='lat' dir='ltr'>postrema,</span> <span class='ocrx_word' id='word_1_74' title='bbox 813 1099 858 1131; x_wconf 87' lang='lat' dir='ltr'>ad</span> <span class='ocrx_word' id='word_1_75' title='bbox 889 1098 1031 1131; x_wconf 90' lang='lat' dir='ltr'>Neronis</span> <span class='ocrx_word' id='word_1_76' title='bbox 1056 1098 1152 1131; x_wconf 86' lang='lat' dir='ltr'>initia</span> <span class='ocrx_word' id='word_1_77' title='bbox 1179 1098 1366 1141; x_wconf 81' lang='lat' dir='ltr'>pertinent3</span> <span class='ocrx_word' id='word_1_78' title='bbox 1397 1107 1448 1130; x_wconf 89' lang='lat' dir='ltr'>se-</span> 
     </span>
     <span class='ocr_line' id='line_1_10' title="bbox 101 1143 1448 1187; baseline 0 -11"><span class='ocrx_word' id='word_1_79' title='bbox 101 1149 246 1185; x_wconf 88' lang='lat' dir='ltr'>quuntur</span> <span class='ocrx_word' id='word_1_80' title='bbox 261 1144 333 1187; x_wconf 83' lang='lat' dir='ltr'>jam</span> <span class='ocrx_word' id='word_1_81' title='bbox 355 1143 461 1178; x_wconf 89' lang='lat' dir='ltr'>altero</span> <span class='ocrx_word' id='word_1_82' title='bbox 489 1143 554 1177; x_wconf 88' lang='lat' dir='ltr'>hoc</span> <span class='ocrx_word' id='word_1_83' title='bbox 583 1144 754 1177; x_wconf 87' lang='lat' dir='ltr'>volumine</span> <span class='ocrx_word' id='word_1_84' title='bbox 786 1144 1020 1186; x_wconf 81' lang='lat' dir='ltr'>comprehensi</span> <span class='ocrx_word' id='word_1_85' title='bbox 1046 1145 1089 1177; x_wconf 89' lang='lat' dir='ltr'>de</span> <span class='ocrx_word' id='word_1_86' title='bbox 1118 1143 1294 1177; x_wconf 85' lang='lat' dir='ltr'>Beneficiis</span> <span class='ocrx_word' id='word_1_87' title='bbox 1325 1150 1357 1177; x_wconf 91' lang='lat' dir='ltr'>et</span> <span class='ocrx_word' id='word_1_88' title='bbox 1382 1144 1448 1176; x_wconf 87' lang='lat' dir='ltr'>Na-</span> 
     </span>
     <span class='ocr_line' id='line_1_11' title="bbox 98 1189 1448 1233; baseline 0.001 -12"><span class='ocrx_word' id='word_1_89' title='bbox 98 1189 259 1222; x_wconf 87' lang='lat' dir='ltr'>turalium</span> <span class='ocrx_word' id='word_1_90' title='bbox 283 1190 523 1229; x_wconf 82' lang='lat' dir='ltr'>Quaestionum</span> <span class='ocrx_word' id='word_1_91' title='bbox 554 1189 650 1229; x_wconf 88' lang='lat' dir='ltr'>libri,</span> <span class='ocrx_word' id='word_1_92' title='bbox 680 1200 764 1232; x_wconf 83' lang='lat' dir='ltr'>quos</span> <span class='ocrx_word' id='word_1_93' title='bbox 787 1195 820 1224; x_wconf 88' lang='lat' dir='ltr'>et</span> <span class='ocrx_word' id='word_1_94' title='bbox 842 1195 920 1233; x_wconf 89' lang='lat' dir='ltr'>post</span> <span class='ocrx_word' id='word_1_95' title='bbox 950 1190 1009 1222; x_wconf 86' lang='lat' dir='ltr'>illa</span> <span class='ocrx_word' id='word_1_96' title='bbox 1033 1190 1178 1233; x_wconf 85' lang='lat' dir='ltr'>scriptos</span> <span class='ocrx_word' id='word_1_97' title='bbox 1207 1201 1282 1224; x_wconf 86' lang='lat' dir='ltr'>esse</span> <span class='ocrx_word' id='word_1_98' title='bbox 1313 1195 1345 1223; x_wconf 86' lang='lat' dir='ltr'>et</span> <span class='ocrx_word' id='word_1_99' title='bbox 1372 1196 1448 1223; x_wconf 87' lang='lat' dir='ltr'>autc</span> 
     </span>
     <span class='ocr_line' id='line_1_12' title="bbox 100 1236 1447 1280; baseline 0 -12"><span class='ocrx_word' id='word_1_100' title='bbox 100 1236 260 1278; x_wconf 80' lang='lat' dir='ltr'>epistolas</span> <span class='ocrx_word' id='word_1_101' title='bbox 285 1237 508 1269; x_wconf 88' lang='lat' dir='ltr'>demonstrari</span> <span class='ocrx_word' id='word_1_102' title='bbox 531 1242 642 1279; x_wconf 88' lang='lat' dir='ltr'>potest</span> <span class='ocrx_word' id='word_1_103' title='bbox 662 1242 719 1269; x_wconf 87' lang='lat' dir='ltr'>aut</span> <span class='ocrx_word' id='word_1_104' title='bbox 748 1237 846 1269; x_wconf 88' lang='lat' dir='ltr'>certis</span> <span class='ocrx_word' id='word_1_105' title='bbox 877 1242 934 1268; x_wconf 86' lang='lat' dir='ltr'>aut</span> <span class='ocrx_word' id='word_1_106' title='bbox 964 1237 1194 1279; x_wconf 84' lang='lat' dir='ltr'>probabilibus</span> <span class='ocrx_word' id='word_1_107' title='bbox 1225 1237 1447 1280; x_wconf 77' lang='lat' dir='ltr'>argumentis.</span> 
     </span>
     <span class='ocr_line' id='line_1_13' title="bbox 98 1281 1448 1326; baseline 0.001 -13"><span class='ocrx_word' id='word_1_108' title='bbox 98 1281 308 1314; x_wconf 85' lang='lat' dir='ltr'>Emendandi</span> <span class='ocrx_word' id='word_1_109' title='bbox 331 1292 411 1315; x_wconf 91' lang='lat' dir='ltr'>vero</span> <span class='ocrx_word' id='word_1_110' title='bbox 432 1287 566 1315; x_wconf 85' lang='lat' dir='ltr'>secutus</span> <span class='ocrx_word' id='word_1_111' title='bbox 591 1292 666 1315; x_wconf 89' lang='lat' dir='ltr'>sum</span> <span class='ocrx_word' id='word_1_112' title='bbox 689 1283 854 1316; x_wconf 86' lang='lat' dir='ltr'>rationem</span> <span class='ocrx_word' id='word_1_113' title='bbox 880 1283 1044 1322; x_wconf 84' lang='lat' dir='ltr'>eandem,</span> <span class='ocrx_word' id='word_1_114' title='bbox 1075 1283 1118 1316; x_wconf 88' lang='lat' dir='ltr'>de</span> <span class='ocrx_word' id='word_1_115' title='bbox 1139 1293 1204 1324; x_wconf 87' lang='lat' dir='ltr'>qua</span> <span class='ocrx_word' id='word_1_116' title='bbox 1224 1284 1332 1326; x_wconf 87' lang='lat' dir='ltr'>primo</span> <span class='ocrx_word' id='word_1_117' title='bbox 1353 1282 1448 1316; x_wconf 89' lang='lat' dir='ltr'>volu-</span> 
     </span>
     <span class='ocr_line' id='line_1_14' title="bbox 99 1327 1447 1370; baseline 0.001 -11"><span class='ocrx_word' id='word_1_118' title='bbox 99 1327 189 1360; x_wconf 83' lang='lat' dir='ltr'>mine</span> <span class='ocrx_word' id='word_1_119' title='bbox 221 1329 381 1370; x_wconf 83' lang='lat' dir='ltr'>exposui,</span> <span class='ocrx_word' id='word_1_120' title='bbox 411 1329 478 1361; x_wconf 89' lang='lat' dir='ltr'>nisi</span> <span class='ocrx_word' id='word_1_121' title='bbox 507 1328 599 1369; x_wconf 90' lang='lat' dir='ltr'>quod</span> <span class='ocrx_word' id='word_1_122' title='bbox 628 1327 702 1361; x_wconf 82' lang='lat' dir='ltr'>Nat.</span> <span class='ocrx_word' id='word_1_123' title='bbox 736 1328 976 1367; x_wconf 75' lang='lat' dir='ltr'>Quaestionum</span> <span class='ocrx_word' id='word_1_124' title='bbox 995 1327 1075 1361; x_wconf 80' lang='lat' dir='ltr'>libri</span> <span class='ocrx_word' id='word_1_125' title='bbox 1100 1330 1263 1362; x_wconf 78' lang='lat' dir='ltr'>maiorem</span> <span class='ocrx_word' id='word_1_126' title='bbox 1282 1339 1447 1362; x_wconf 89' lang='lat' dir='ltr'>nonnum-</span> 
     </span>
     <span class='ocr_line' id='line_1_15' title="bbox 99 1374 1448 1418; baseline 0 -12"><span class='ocrx_word' id='word_1_127' title='bbox 99 1383 198 1414; x_wconf 82' lang='lat' dir='ltr'>quam</span> <span class='ocrx_word' id='word_1_128' title='bbox 222 1374 398 1406; x_wconf 78' lang='lat' dir='ltr'>audaciam</span> <span class='ocrx_word' id='word_1_129' title='bbox 418 1375 588 1416; x_wconf 84' lang='lat' dir='ltr'>requirere</span> <span class='ocrx_word' id='word_1_130' title='bbox 610 1375 677 1407; x_wconf 85' lang='lat' dir='ltr'>visi</span> <span class='ocrx_word' id='word_1_131' title='bbox 699 1378 796 1412; x_wconf 83' lang='lat' dir='ltr'>sunt;</span> <span class='ocrx_word' id='word_1_132' title='bbox 820 1384 899 1407; x_wconf 83' lang='lat' dir='ltr'>nam</span> <span class='ocrx_word' id='word_1_133' title='bbox 919 1375 983 1407; x_wconf 85' lang='lat' dir='ltr'>etsi</span> <span class='ocrx_word' id='word_1_134' title='bbox 1001 1375 1039 1408; x_wconf 87' lang='lat' dir='ltr'>in-</span> <span class='ocrx_word' id='word_1_135' title='bbox 1056 1375 1098 1407; x_wconf 87' lang='lat' dir='ltr'>iis</span> <span class='ocrx_word' id='word_1_136' title='bbox 1114 1385 1267 1418; x_wconf 87' lang='lat' dir='ltr'>quoque,</span> <span class='ocrx_word' id='word_1_137' title='bbox 1294 1376 1352 1416; x_wconf 84' lang='lat' dir='ltr'>qui</span> <span class='ocrx_word' id='word_1_138' title='bbox 1369 1381 1448 1407; x_wconf 89' lang='lat' dir='ltr'>sunt</span> 
     </span>
     <span class='ocr_line' id='line_1_16' title="bbox 99 1419 1446 1463; baseline 0.001 -12"><span class='ocrx_word' id='word_1_139' title='bbox 99 1419 142 1452; x_wconf 89' lang='lat' dir='ltr'>de</span> <span class='ocrx_word' id='word_1_140' title='bbox 171 1419 370 1460; x_wconf 85' lang='lat' dir='ltr'>Beneficiis,</span> <span class='ocrx_word' id='word_1_141' title='bbox 400 1421 611 1463; x_wconf 89' lang='lat' dir='ltr'>reperiuntur</span> <span class='ocrx_word' id='word_1_142' title='bbox 647 1420 712 1453; x_wconf 90' lang='lat' dir='ltr'>loci</span> <span class='ocrx_word' id='word_1_143' title='bbox 742 1420 872 1462; x_wconf 79' lang='lat' dir='ltr'>aliquot</span> <span class='ocrx_word' id='word_1_144' title='bbox 898 1421 1165 1463; x_wconf 83' lang='lat' dir='ltr'>corruptiss’nni,</span> <span class='ocrx_word' id='word_1_145' title='bbox 1197 1431 1283 1462; x_wconf 88' lang='lat' dir='ltr'>quos</span> <span class='ocrx_word' id='word_1_146' title='bbox 1312 1427 1369 1454; x_wconf 89' lang='lat' dir='ltr'>aut</span> <span class='ocrx_word' id='word_1_147' title='bbox 1397 1422 1446 1453; x_wconf 89' lang='lat' dir='ltr'>in-</span> 
     </span>
     <span class='ocr_line' id='line_1_17' title="bbox 98 1465 1445 1509; baseline 0.002 -13"><span class='ocrx_word' id='word_1_148' title='bbox 98 1470 204 1497; x_wconf 88' lang='lat' dir='ltr'>tactos</span> <span class='ocrx_word' id='word_1_149' title='bbox 227 1465 347 1507; x_wconf 87' lang='lat' dir='ltr'>reliqui</span> <span class='ocrx_word' id='word_1_150' title='bbox 376 1471 434 1498; x_wconf 81' lang='lat' dir='ltr'>aut</span> <span class='ocrx_word' id='word_1_151' title='bbox 465 1471 555 1499; x_wconf 88' lang='lat' dir='ltr'>recte</span> <span class='ocrx_word' id='word_1_152' title='bbox 575 1467 648 1509; x_wconf 87' lang='lat' dir='ltr'>jam</span> <span class='ocrx_word' id='word_1_153' title='bbox 669 1477 690 1499; x_wconf 85' lang='lat' dir='ltr'>a</span> <span class='ocrx_word' id='word_1_154' title='bbox 707 1477 762 1499; x_wconf 91' lang='lat' dir='ltr'>me</span> <span class='ocrx_word' id='word_1_155' title='bbox 785 1467 905 1499; x_wconf 84' lang='lat' dir='ltr'>aliisve</span> <span class='ocrx_word' id='word_1_156' title='bbox 924 1468 1118 1500; x_wconf 81' lang='lat' dir='ltr'>emendatos</span> <span class='ocrx_word' id='word_1_157' title='bbox 1143 1477 1218 1500; x_wconf 88' lang='lat' dir='ltr'>esse</span> <span class='ocrx_word' id='word_1_158' title='bbox 1243 1477 1310 1499; x_wconf 89' lang='lat' dir='ltr'>non</span> <span class='ocrx_word' id='word_1_159' title='bbox 1334 1468 1445 1505; x_wconf 89' lang='lat' dir='ltr'>credo,</span> 
     </span>
     <span class='ocr_line' id='line_1_18' title="bbox 100 1510 1446 1557; baseline 0.002 -15"><span class='ocrx_word' id='word_1_160' title='bbox 100 1510 242 1543; x_wconf 88' lang='lat' dir='ltr'>multum</span> <span class='ocrx_word' id='word_1_161' title='bbox 271 1516 385 1544; x_wconf 88' lang='lat' dir='ltr'>tamen</span> <span class='ocrx_word' id='word_1_162' title='bbox 414 1512 463 1544; x_wconf 91' lang='lat' dir='ltr'>ibi</span> <span class='ocrx_word' id='word_1_163' title='bbox 491 1512 535 1545; x_wconf 91' lang='lat' dir='ltr'>ad</span> <span class='ocrx_word' id='word_1_164' title='bbox 563 1512 799 1546; x_wconf 82' lang='lat' dir='ltr'>inveniendam</span> <span class='ocrx_word' id='word_1_165' title='bbox 822 1523 938 1545; x_wconf 88' lang='lat' dir='ltr'>veram</span> <span class='ocrx_word' id='word_1_166' title='bbox 968 1514 1167 1555; x_wconf 82' lang='lat' dir='ltr'>scripturam</span> <span class='ocrx_word' id='word_1_167' title='bbox 1195 1513 1324 1557; x_wconf 82' lang='lat' dir='ltr'>profuit</span> <span class='ocrx_word' id='word_1_168' title='bbox 1348 1523 1446 1556; x_wconf 85' lang='lat' dir='ltr'>prae-</span> 
     </span>
     <span class='ocr_line' id='line_1_19' title="bbox 99 1556 1447 1602; baseline 0.003 -15"><span class='ocrx_word' id='word_1_169' title='bbox 99 1556 327 1589; x_wconf 84' lang='lat' dir='ltr'>stantissimus</span> <span class='ocrx_word' id='word_1_170' title='bbox 365 1557 439 1590; x_wconf 88' lang='lat' dir='ltr'>cod.</span> <span class='ocrx_word' id='word_1_171' title='bbox 471 1557 699 1598; x_wconf 84' lang='lat' dir='ltr'>NazarianuS,</span> <span class='ocrx_word' id='word_1_172' title='bbox 738 1559 815 1602; x_wconf 86' lang='lat' dir='ltr'>plus</span> <span class='ocrx_word' id='word_1_173' title='bbox 844 1560 946 1591; x_wconf 88' lang='lat' dir='ltr'>etiam</span> <span class='ocrx_word' id='word_1_174' title='bbox 975 1559 1170 1602; x_wconf 82' lang='lat' dir='ltr'>profuturus</span> <span class='ocrx_word' id='word_1_175' title='bbox 1194 1559 1268 1598; x_wconf 87' lang='lat' dir='ltr'>ille,</span> <span class='ocrx_word' id='word_1_176' title='bbox 1308 1560 1338 1591; x_wconf 90' lang='lat' dir='ltr'>si</span> <span class='ocrx_word' id='word_1_177' title='bbox 1369 1565 1447 1602; x_wconf 87' lang='lat' dir='ltr'>post</span> 
     </span>
     <span class='ocr_line' id='line_1_20' title="bbox 99 1600 1446 1647; baseline 0.001 -13"><span class='ocrx_word' id='word_1_178' title='bbox 99 1600 276 1635; x_wconf 87' lang='lat' dir='ltr'>Gruterum</span> <span class='ocrx_word' id='word_1_179' title='bbox 316 1603 426 1636; x_wconf 88' lang='lat' dir='ltr'>denuo</span> <span class='ocrx_word' id='word_1_180' title='bbox 466 1604 611 1637; x_wconf 80' lang='lat' dir='ltr'>conferri</span> <span class='ocrx_word' id='word_1_181' title='bbox 645 1606 822 1647; x_wconf 87' lang='lat' dir='ltr'>potuisset.</span> <span class='ocrx_word' id='word_1_182' title='bbox 871 1604 938 1638; x_wconf 83' lang='lat' dir='ltr'>Sed</span> <span class='ocrx_word' id='word_1_183' title='bbox 971 1605 1046 1638; x_wconf 87' lang='lat' dir='ltr'>Nat.</span> <span class='ocrx_word' id='word_1_184' title='bbox 1081 1606 1321 1644; x_wconf 84' lang='lat' dir='ltr'>Quaestionum</span> <span class='ocrx_word' id='word_1_185' title='bbox 1353 1605 1446 1638; x_wconf 85' lang='lat' dir='ltr'>libris</span> 
     </span>
     <span class='ocr_line' id='line_1_21' title="bbox 98 1648 1442 1694; baseline 0.006 -15"><span class='ocrx_word' id='word_1_186' title='bbox 98 1653 259 1689; x_wconf 85' lang='lat' dir='ltr'>quantum</span> <span class='ocrx_word' id='word_1_187' title='bbox 280 1648 324 1681; x_wconf 87' lang='lat' dir='ltr'>ad</span> <span class='ocrx_word' id='word_1_188' title='bbox 344 1649 568 1692; x_wconf 80' lang='lat' dir='ltr'>integritatem</span> <span class='ocrx_word' id='word_1_189' title='bbox 590 1651 697 1690; x_wconf 85' lang='lat' dir='ltr'>desit,</span> <span class='ocrx_word' id='word_1_190' title='bbox 719 1661 838 1694; x_wconf 83' lang='lat' dir='ltr'>parum</span> <span class='ocrx_word' id='word_1_191' title='bbox 859 1653 1077 1694; x_wconf 85' lang='lat' dir='ltr'>perspexisse</span> <span class='ocrx_word' id='word_1_192' title='bbox 1101 1652 1246 1685; x_wconf 83' lang='lat' dir='ltr'>editores</span> <span class='ocrx_word' id='word_1_193' title='bbox 1270 1651 1442 1687; x_wconf 81' lang='lat' dir='ltr'>videntur:</span> 
     </span>
     <span class='ocr_line' id='line_1_22' title="bbox 98 1695 1442 1740; baseline 0.004 -15"><span class='ocrx_word' id='word_1_194' title='bbox 98 1703 174 1726; x_wconf 86' lang='lat' dir='ltr'>nam</span> <span class='ocrx_word' id='word_1_195' title='bbox 206 1695 352 1737; x_wconf 85' lang='lat' dir='ltr'>primum</span> <span class='ocrx_word' id='word_1_196' title='bbox 382 1696 529 1738; x_wconf 66' lang='lat' dir='ltr'>maiores</span> <span class='ocrx_word' id='word_1_197' title='bbox 557 1697 721 1737; x_wconf 79' lang='lat' dir='ltr'>quasdam</span> <span class='ocrx_word' id='word_1_198' title='bbox 749 1703 861 1739; x_wconf 85' lang='lat' dir='ltr'>partes</span> <span class='ocrx_word' id='word_1_199' title='bbox 892 1698 1036 1740; x_wconf 86' lang='lat' dir='ltr'>periisse</span> <span class='ocrx_word' id='word_1_200' title='bbox 1064 1707 1162 1730; x_wconf 88' lang='lat' dir='ltr'>nemo</span> <span class='ocrx_word' id='word_1_201' title='bbox 1189 1698 1442 1734; x_wconf 82' lang='lat' dir='ltr'>animadvertit;</span> 
     </span>
     <span class='ocr_line' id='line_1_23' title="bbox 99 1740 1441 1784; baseline 0.003 -12"><span class='ocrx_word' id='word_1_202' title='bbox 99 1749 163 1783; x_wconf 82' lang='lat' dir='ltr'>ego</span> <span class='ocrx_word' id='word_1_203' title='bbox 187 1740 325 1774; x_wconf 84' lang='lat' dir='ltr'>lacunae</span> <span class='ocrx_word' id='word_1_204' title='bbox 346 1742 443 1784; x_wconf 78' lang='lat' dir='ltr'>signa</span> <span class='ocrx_word' id='word_1_205' title='bbox 464 1742 563 1784; x_wconf 79' lang='lat' dir='ltr'>posui</span> <span class='ocrx_word' id='word_1_206' title='bbox 580 1742 639 1775; x_wconf 85' lang='lat' dir='ltr'>lib.</span> <span class='ocrx_word' id='word_1_207' title='bbox 662 1743 697 1782; x_wconf 90' lang='lat'>1,</span> <span class='ocrx_word' id='word_1_208' title='bbox 727 1741 768 1784; x_wconf 92' lang='lat'>8,</span> <span class='ocrx_word' id='word_1_209' title='bbox 798 1743 838 1781; x_wconf 86' lang='lat'>5,</span> <span class='ocrx_word' id='word_1_210' title='bbox 866 1744 925 1776; x_wconf 90' lang='lat' dir='ltr'>ubi</span> <span class='ocrx_word' id='word_1_211' title='bbox 948 1753 1086 1776; x_wconf 86' lang='lat' dir='ltr'>necesse</span> <span class='ocrx_word' id='word_1_212' title='bbox 1107 1748 1157 1776; x_wconf 88' lang='lat' dir='ltr'>est</span> <span class='ocrx_word' id='word_1_213' title='bbox 1182 1744 1366 1776; x_wconf 85' lang='lat' dir='ltr'>exciderint</span> <span class='ocrx_word' id='word_1_214' title='bbox 1390 1754 1441 1783; x_wconf 86' lang='lat' dir='ltr'>ea,</span> 
     </span>
     <span class='ocr_line' id='line_1_24' title="bbox 97 1785 1440 1832; baseline 0.002 -14"><span class='ocrx_word' id='word_1_215' title='bbox 97 1795 184 1826; x_wconf 88' lang='lat' dir='ltr'>quae</span> <span class='ocrx_word' id='word_1_216' title='bbox 205 1785 330 1819; x_wconf 84' lang='lat' dir='ltr'>Seneca</span> <span class='ocrx_word' id='word_1_217' title='bbox 358 1787 402 1819; x_wconf 85' lang='lat' dir='ltr'>ad</span> <span class='ocrx_word' id='word_1_218' title='bbox 441 1788 653 1828; x_wconf 84' lang='lat' dir='ltr'>quaestiones</span> <span class='ocrx_word' id='word_1_219' title='bbox 689 1798 728 1822; x_wconf 88' lang='lat' dir='ltr'>eo</span> <span class='ocrx_word' id='word_1_220' title='bbox 767 1789 843 1831; x_wconf 84' lang='lat' dir='ltr'>ipso</span> <span class='ocrx_word' id='word_1_221' title='bbox 882 1789 956 1822; x_wconf 89' lang='lat' dir='ltr'>loco</span> <span class='ocrx_word' id='word_1_222' title='bbox 982 1790 1173 1832; x_wconf 79' lang='lat' dir='ltr'>propositas</span> <span class='ocrx_word' id='word_1_223' title='bbox 1203 1789 1440 1832; x_wconf 86' lang='lat' dir='ltr'>responderat;</span> 
     </span>
     <span class='ocr_line' id='line_1_25' title="bbox 97 1831 1441 1878; baseline 0.003 -14"><span class='ocrx_word' id='word_1_224' title='bbox 97 1831 220 1871; x_wconf 87' lang='lat' dir='ltr'>deinde</span> <span class='ocrx_word' id='word_1_225' title='bbox 240 1843 271 1872; x_wconf 90' lang='lat' dir='ltr'>c,</span> <span class='ocrx_word' id='word_1_226' title='bbox 300 1833 360 1872; x_wconf 84' lang='lat'>15,</span> <span class='ocrx_word' id='word_1_227' title='bbox 387 1832 409 1866; x_wconf 91' lang='lat'>8</span> <span class='ocrx_word' id='word_1_228' title='bbox 433 1834 490 1874; x_wconf 88' lang='lat' dir='ltr'>qui</span> <span class='ocrx_word' id='word_1_229' title='bbox 513 1843 601 1866; x_wconf 83' lang='lat' dir='ltr'>nunc</span> <span class='ocrx_word' id='word_1_230' title='bbox 619 1833 713 1867; x_wconf 84' lang='lat' dir='ltr'>loeus</span> <span class='ocrx_word' id='word_1_231' title='bbox 733 1844 870 1867; x_wconf 87' lang='lat' dir='ltr'>mancus</span> <span class='ocrx_word' id='word_1_232' title='bbox 900 1841 969 1875; x_wconf 90' lang='lat' dir='ltr'>est,</span> <span class='ocrx_word' id='word_1_233' title='bbox 1004 1846 1081 1868; x_wconf 89' lang='lat' dir='ltr'>eum</span> <span class='ocrx_word' id='word_1_234' title='bbox 1111 1845 1248 1878; x_wconf 85' lang='lat' dir='ltr'>sperare</span> <span class='ocrx_word' id='word_1_235' title='bbox 1275 1835 1353 1868; x_wconf 86' lang='lat' dir='ltr'>licet</span> <span class='ocrx_word' id='word_1_236' title='bbox 1381 1835 1441 1868; x_wconf 85' lang='lat' dir='ltr'>ali-</span> 
     </span>
     <span class='ocr_line' id='line_1_26' title="bbox 97 1878 1439 1924; baseline 0.003 -14"><span class='ocrx_word' id='word_1_237' title='bbox 97 1878 231 1918; x_wconf 85' lang='lat' dir='ltr'>quando</span> <span class='ocrx_word' id='word_1_238' title='bbox 259 1880 392 1911; x_wconf 79' lang='lat' dir='ltr'>restitui</span> <span class='ocrx_word' id='word_1_239' title='bbox 416 1889 535 1922; x_wconf 86' lang='lat' dir='ltr'>posse,</span> <span class='ocrx_word' id='word_1_240' title='bbox 562 1880 592 1912; x_wconf 86' lang='lat' dir='ltr'>si</span> <span class='ocrx_word' id='word_1_241' title='bbox 616 1879 770 1913; x_wconf 88' lang='lat' dir='ltr'>inventus</span> <span class='ocrx_word' id='word_1_242' title='bbox 798 1880 901 1914; x_wconf 81' lang='lat' dir='ltr'>fuerit</span> <span class='ocrx_word' id='word_1_243' title='bbox 932 1881 1039 1914; x_wconf 86' lang='lat' dir='ltr'>codex</span> <span class='ocrx_word' id='word_1_244' title='bbox 1063 1880 1186 1922; x_wconf 89' lang='lat' dir='ltr'>aliquis</span> <span class='ocrx_word' id='word_1_245' title='bbox 1209 1882 1360 1924; x_wconf 86' lang='lat' dir='ltr'>integer,</span> <span class='ocrx_word' id='word_1_246' title='bbox 1392 1882 1439 1914; x_wconf 89' lang='lat' dir='ltr'>si-</span> 
     </span>
     <span class='ocr_line' id='line_1_27' title="bbox 95 1924 1438 1967; baseline 0.002 -12"><span class='ocrx_word' id='word_1_247' title='bbox 95 1924 188 1956; x_wconf 89' lang='lat' dir='ltr'>milis</span> <span class='ocrx_word' id='word_1_248' title='bbox 214 1924 440 1964; x_wconf 88' lang='lat' dir='ltr'>Berolinensi,</span> <span class='ocrx_word' id='word_1_249' title='bbox 479 1935 578 1967; x_wconf 89' lang='lat' dir='ltr'>quem</span> <span class='ocrx_word' id='word_1_250' title='bbox 604 1930 744 1958; x_wconf 87' lang='lat' dir='ltr'>testatur</span> <span class='ocrx_word' id='word_1_251' title='bbox 773 1927 955 1959; x_wconf 82' lang='lat' dir='ltr'>Fickertus.</span> <span class='ocrx_word' id='word_1_252' title='bbox 976 1928 1018 1960; x_wconf 90' lang='lat' dir='ltr'>ob</span> <span class='ocrx_word' id='word_1_253' title='bbox 1049 1928 1174 1960; x_wconf 83' lang='lat' dir='ltr'>amissa</span> <span class='ocrx_word' id='word_1_254' title='bbox 1204 1927 1256 1959; x_wconf 86' lang='lat' dir='ltr'>vel</span> <span class='ocrx_word' id='word_1_255' title='bbox 1287 1928 1354 1960; x_wconf 87' lang='lat' dir='ltr'>duo</span> <span class='ocrx_word' id='word_1_256' title='bbox 1385 1928 1438 1960; x_wconf 79' lang='lat' dir='ltr'>vel</span> 
     </span>
     <span class='ocr_line' id='line_1_28' title="bbox 95 1969 1439 2012; baseline 0.003 -10"><span class='ocrx_word' id='word_1_257' title='bbox 95 1970 160 2002; x_wconf 85' lang='lat' dir='ltr'>tria</span> <span class='ocrx_word' id='word_1_258' title='bbox 182 1969 265 2003; x_wconf 76' lang='lat' dir='ltr'>folia</span> <span class='ocrx_word' id='word_1_259' title='bbox 287 1981 352 2004; x_wconf 92' lang='lat' dir='ltr'>non</span> <span class='ocrx_word' id='word_1_260' title='bbox 376 1971 498 2004; x_wconf 87' lang='lat' dir='ltr'>habere</span> <span class='ocrx_word' id='word_1_261' title='bbox 518 1977 625 2004; x_wconf 90' lang='lat' dir='ltr'>totum</span> <span class='ocrx_word' id='word_1_262' title='bbox 645 1972 739 2005; x_wconf 90' lang='lat' dir='ltr'>illum</span> <span class='ocrx_word' id='word_1_263' title='bbox 759 1972 870 2005; x_wconf 87' lang='lat' dir='ltr'>locum</span> <span class='ocrx_word' id='word_1_264' title='bbox 894 1973 972 2006; x_wconf 87' lang='lat' dir='ltr'>inde</span> <span class='ocrx_word' id='word_1_265' title='bbox 993 1984 1013 2006; x_wconf 88' lang='lat' dir='ltr'>a</span> <span class='ocrx_word' id='word_1_266' title='bbox 1036 1984 1065 2007; x_wconf 89' lang='lat' dir='ltr'>c.</span> <span class='ocrx_word' id='word_1_267' title='bbox 1090 1973 1153 2012; x_wconf 92' lang='grc'>11,</span> <span class='ocrx_word' id='word_1_268' title='bbox 1185 1973 1227 2012; x_wconf 89' lang='lat'>3,</span> <span class='ocrx_word' id='word_1_269' title='bbox 1261 1979 1294 2006; x_wconf 88' lang='lat' dir='ltr'>et</span> <span class='ocrx_word' id='word_1_270' title='bbox 1318 1974 1439 2006; x_wconf 86' lang='lat' dir='ltr'>deindo</span> 
     </span>
     <span class='ocr_line' id='line_1_29' title="bbox 95 2014 1438 2062; baseline 0.004 -15"><span class='ocrx_word' id='word_1_271' title='bbox 95 2014 150 2048; x_wconf 88' lang='lat' dir='ltr'>his</span> <span class='ocrx_word' id='word_1_272' title='bbox 174 2017 286 2049; x_wconf 86' lang='lat' dir='ltr'>verbis</span> <span class='ocrx_word' id='word_1_273' title='bbox 309 2017 473 2060; x_wconf 89' lang='lat' dir='ltr'>incipere:</span> <span class='ocrx_word' id='word_1_274' title='bbox 499 2024 701 2058; x_wconf 88' lang='lat' dir='ltr'>quantum</span> <span class='ocrx_word' id='word_1_275' title='bbox 724 2019 765 2051; x_wconf 89' lang='lat' dir='ltr'>in</span> <span class='ocrx_word' id='word_1_276' title='bbox 785 2028 978 2061; x_wconf 88' lang='lat' dir='ltr'>pravum.</span> <span class='ocrx_word' id='word_1_277' title='bbox 1006 2020 1096 2060; x_wconf 86' lang='lat' dir='ltr'>quod</span> <span class='ocrx_word' id='word_1_278' title='bbox 1118 2019 1148 2051; x_wconf 87' lang='lat' dir='ltr'>si</span> <span class='ocrx_word' id='word_1_279' title='bbox 1170 2020 1216 2051; x_wconf 88' lang='lat' dir='ltr'>ita</span> <span class='ocrx_word' id='word_1_280' title='bbox 1236 2025 1308 2062; x_wconf 90' lang='lat' dir='ltr'>est,</span> <span class='ocrx_word' id='word_1_281' title='bbox 1331 2030 1438 2062; x_wconf 86' lang='lat' dir='ltr'>appa—</span> 
     </span>
     <span class='ocr_line' id='line_1_30' title="bbox 95 2063 1436 2108; baseline 0.004 -14"><span class='ocrx_word' id='word_1_282' title='bbox 95 2067 146 2093; x_wconf 88' lang='lat' dir='ltr'>ret</span> <span class='ocrx_word' id='word_1_283' title='bbox 168 2072 244 2095; x_wconf 89' lang='lat' dir='ltr'>eum</span> <span class='ocrx_word' id='word_1_284' title='bbox 266 2063 415 2096; x_wconf 89' lang='lat' dir='ltr'>codicem</span> <span class='ocrx_word' id='word_1_285' title='bbox 434 2063 534 2106; x_wconf 86' lang='lat' dir='ltr'>longe</span> <span class='ocrx_word' id='word_1_286' title='bbox 557 2064 649 2096; x_wconf 90' lang='lat' dir='ltr'>aliud</span> <span class='ocrx_word' id='word_1_287' title='bbox 673 2065 755 2105; x_wconf 86' lang='lat' dir='ltr'>quid</span> <span class='ocrx_word' id='word_1_288' title='bbox 773 2064 932 2098; x_wconf 86' lang='lat' dir='ltr'>habuisse</span> <span class='ocrx_word' id='word_1_289' title='bbox 956 2071 1033 2098; x_wconf 82' lang='lat' dir='ltr'>ante</span> <span class='ocrx_word' id='word_1_290' title='bbox 1055 2075 1156 2098; x_wconf 84' lang='lat' dir='ltr'>voces</span> <span class='ocrx_word' id='word_1_291' title='bbox 1179 2066 1221 2097; x_wconf 91' lang='lat' dir='ltr'>in</span> <span class='ocrx_word' id='word_1_292' title='bbox 1241 2075 1436 2108; x_wconf 82' lang='lat' dir='ltr'>pravum.</span> 
     </span>
     <span class='ocr_line' id='line_1_31' title="bbox 95 2109 1437 2154; baseline 0.004 -14"><span class='ocrx_word' id='word_1_293' title='bbox 95 2118 195 2148; x_wconf 87' lang='lat' dir='ltr'>quam</span> <span class='ocrx_word' id='word_1_294' title='bbox 220 2118 305 2149; x_wconf 83' lang='lat' dir='ltr'>quae</span> <span class='ocrx_word' id='word_1_295' title='bbox 325 2119 413 2141; x_wconf 87' lang='lat' dir='ltr'>nunc</span> <span class='ocrx_word' id='word_1_296' title='bbox 439 2109 614 2153; x_wconf 82' lang='lat' dir='ltr'>leguntur;</span> <span class='ocrx_word' id='word_1_297' title='bbox 646 2110 704 2142; x_wconf 87' lang='lat' dir='ltr'>illa</span> <span class='ocrx_word' id='word_1_298' title='bbox 731 2116 840 2150; x_wconf 87' lang='lat' dir='ltr'>certe,</span> <span class='ocrx_word' id='word_1_299' title='bbox 870 2121 957 2152; x_wconf 86' lang='lat' dir='ltr'>quae</span> <span class='ocrx_word' id='word_1_300' title='bbox 978 2121 1042 2154; x_wconf 84' lang='lat' dir='ltr'>ego</span> <span class='ocrx_word' id='word_1_301' title='bbox 1062 2112 1158 2144; x_wconf 84' lang='lat' dir='ltr'>uncis</span> <span class='ocrx_word' id='word_1_302' title='bbox 1182 2111 1321 2153; x_wconf 87' lang='lat' dir='ltr'>inclusi,</span> <span class='ocrx_word' id='word_1_303' title='bbox 1354 2112 1437 2145; x_wconf 88' lang='lat' dir='ltr'>tole-</span> 
     </span>
     <span class='ocr_line' id='line_1_32' title="bbox 94 2155 1437 2199; baseline 0.003 -13"><span class='ocrx_word' id='word_1_304' title='bbox 94 2155 161 2185; x_wconf 88' lang='lat' dir='ltr'>rari</span> <span class='ocrx_word' id='word_1_305' title='bbox 182 2155 272 2187; x_wconf 86' lang='lat' dir='ltr'>nullo</span> <span class='ocrx_word' id='word_1_306' title='bbox 295 2156 395 2188; x_wconf 88' lang='lat' dir='ltr'>modo</span> <span class='ocrx_word' id='word_1_307' title='bbox 417 2161 575 2199; x_wconf 81' lang='lat' dir='ltr'>possunt3</span> <span class='ocrx_word' id='word_1_308' title='bbox 607 2157 773 2198; x_wconf 86' lang='lat' dir='ltr'>pertinent</span> <span class='ocrx_word' id='word_1_309' title='bbox 799 2158 888 2189; x_wconf 87' lang='lat' dir='ltr'>enim</span> <span class='ocrx_word' id='word_1_310' title='bbox 915 2158 960 2190; x_wconf 90' lang='lat' dir='ltr'>ad</span> <span class='ocrx_word' id='word_1_311' title='bbox 983 2157 1135 2199; x_wconf 90' lang='lat' dir='ltr'>specula,</span> <span class='ocrx_word' id='word_1_312' title='bbox 1169 2157 1210 2190; x_wconf 85' lang='lat' dir='ltr'>de</span> <span class='ocrx_word' id='word_1_313' title='bbox 1231 2158 1352 2199; x_wconf 88' lang='lat' dir='ltr'>quibus</span> <span class='ocrx_word' id='word_1_314' title='bbox 1377 2158 1437 2191; x_wconf 89' lang='lat' dir='ltr'>Se-</span> 
     </span>
     <span class='ocr_line' id='line_1_33' title="bbox 94 2201 1434 2245; baseline 0.004 -14"><span class='ocrx_word' id='word_1_315' title='bbox 94 2209 179 2231; x_wconf 85' lang='lat' dir='ltr'>neca</span> <span class='ocrx_word' id='word_1_316' title='bbox 198 2201 246 2232; x_wconf 90' lang='lat' dir='ltr'>ibi</span> <span class='ocrx_word' id='word_1_317' title='bbox 269 2201 416 2234; x_wconf 89' lang='lat' dir='ltr'>nondum</span> <span class='ocrx_word' id='word_1_318' title='bbox 446 2203 533 2245; x_wconf 61' lang='lat' dir='ltr'>agiu</span> <span class='ocrx_word' id='word_1_319' title='bbox 567 2212 653 2243; x_wconf 90' lang='lat' dir='ltr'>quae</span> <span class='ocrx_word' id='word_1_320' title='bbox 676 2202 759 2241; x_wconf 90' lang='lat' dir='ltr'>nisi,</span> <span class='ocrx_word' id='word_1_321' title='bbox 788 2208 826 2234; x_wconf 85' lang='lat' dir='ltr'>ut</span> <span class='ocrx_word' id='word_1_322' title='bbox 853 2201 936 2235; x_wconf 87' lang='lat' dir='ltr'>mihi</span> <span class='ocrx_word' id='word_1_323' title='bbox 967 2203 1119 2243; x_wconf 88' lang='lat' dir='ltr'>videtur,</span> <span class='ocrx_word' id='word_1_324' title='bbox 1148 2203 1326 2237; x_wconf 84' lang='lat' dir='ltr'>subditicia</span> <span class='ocrx_word' id='word_1_325' title='bbox 1345 2212 1434 2239; x_wconf 76' lang='lat' dir='ltr'>sunt.</span> 
     </span>
     <span class='ocr_line' id='line_1_34' title="bbox 94 2246 1435 2291; baseline 0.004 -15"><span class='ocrx_word' id='word_1_326' title='bbox 94 2250 183 2277; x_wconf 86' lang='lat' dir='ltr'>certe</span> <span class='ocrx_word' id='word_1_327' title='bbox 201 2246 310 2279; x_wconf 86' lang='lat' dir='ltr'>alieno</span> <span class='ocrx_word' id='word_1_328' title='bbox 334 2247 407 2280; x_wconf 87' lang='lat' dir='ltr'>loco</span> <span class='ocrx_word' id='word_1_329' title='bbox 427 2249 557 2280; x_wconf 83' lang='lat' dir='ltr'>intrusa</span> <span class='ocrx_word' id='word_1_330' title='bbox 582 2258 656 2280; x_wconf 89' lang='lat' dir='ltr'>esse</span> <span class='ocrx_word' id='word_1_331' title='bbox 678 2258 775 2280; x_wconf 89' lang='lat' dir='ltr'>nemo</span> <span class='ocrx_word' id='word_1_332' title='bbox 804 2250 953 2291; x_wconf 86' lang='lat' dir='ltr'>negabit.</span> <span class='ocrx_word' id='word_1_333' title='bbox 1001 2250 1178 2282; x_wconf 86' lang='lat' dir='ltr'>Praeterea</span> <span class='ocrx_word' id='word_1_334' title='bbox 1202 2249 1358 2282; x_wconf 83' lang='lat' dir='ltr'>lacunam</span> <span class='ocrx_word' id='word_1_335' title='bbox 1386 2251 1435 2283; x_wconf 88' lang='lat' dir='ltr'>iu-</span> 
     </span>
     <span class='ocr_line' id='line_1_35' title="bbox 94 2290 1435 2338; baseline 0.004 -16"><span class='ocrx_word' id='word_1_336' title='bbox 94 2290 202 2323; x_wconf 84' lang='lat' dir='ltr'>dicavi</span> <span class='ocrx_word' id='word_1_337' title='bbox 227 2291 285 2325; x_wconf 89' lang='lat' dir='ltr'>lib.</span> <span class='ocrx_word' id='word_1_338' title='bbox 310 2293 366 2325; x_wconf 90' lang='lat' dir='ltr'>1v.</span> <span class='ocrx_word' id='word_1_339' title='bbox 393 2295 479 2326; x_wconf 89' lang='lat' dir='ltr'>inter</span> <span class='ocrx_word' id='word_1_340' title='bbox 498 2304 527 2326; x_wconf 91' lang='lat' dir='ltr'>c.</span> <span class='ocrx_word' id='word_1_341' title='bbox 548 2295 568 2327; x_wconf 81' lang='lat'>2</span> <span class='ocrx_word' id='word_1_342' title='bbox 589 2300 621 2326; x_wconf 89' lang='lat' dir='ltr'>et</span> <span class='ocrx_word' id='word_1_343' title='bbox 645 2293 677 2326; x_wconf 85' lang='lat'>3.</span> <span class='ocrx_word' id='word_1_344' title='bbox 698 2305 764 2335; x_wconf 92' lang='lat' dir='ltr'>quo</span> <span class='ocrx_word' id='word_1_345' title='bbox 786 2293 859 2326; x_wconf 88' lang='lat' dir='ltr'>loco</span> <span class='ocrx_word' id='word_1_346' title='bbox 880 2295 972 2328; x_wconf 85' lang='lat' dir='ltr'>hand</span> <span class='ocrx_word' id='word_1_347' title='bbox 994 2305 1102 2338; x_wconf 84' lang='lat' dir='ltr'>pauca</span> <span class='ocrx_word' id='word_1_348' title='bbox 1129 2296 1338 2329; x_wconf 87' lang='lat' dir='ltr'>intercidisse</span> <span class='ocrx_word' id='word_1_349' title='bbox 1365 2306 1435 2328; x_wconf 89' lang='lat' dir='ltr'>ma-</span> 
     </span>
     <span class='ocr_line' id='line_1_36' title="bbox 94 2336 1435 2383; baseline 0.005 -16"><span class='ocrx_word' id='word_1_350' title='bbox 94 2336 251 2369; x_wconf 86' lang='lat' dir='ltr'>nifestum</span> <span class='ocrx_word' id='word_1_351' title='bbox 273 2344 341 2376; x_wconf 82' lang='lat' dir='ltr'>est;</span> <span class='ocrx_word' id='word_1_352' title='bbox 367 2349 443 2372; x_wconf 87' lang='lat' dir='ltr'>nam</span> <span class='ocrx_word' id='word_1_353' title='bbox 463 2350 570 2382; x_wconf 89' lang='lat' dir='ltr'>neque</span> <span class='ocrx_word' id='word_1_354' title='bbox 592 2340 633 2372; x_wconf 89' lang='lat' dir='ltr'>de</span> <span class='ocrx_word' id='word_1_355' title='bbox 654 2339 729 2372; x_wconf 88' lang='lat' dir='ltr'>Nilo</span> <span class='ocrx_word' id='word_1_356' title='bbox 752 2341 904 2382; x_wconf 88' lang='lat' dir='ltr'>quaestio</span> <span class='ocrx_word' id='word_1_357' title='bbox 928 2346 1038 2383; x_wconf 89' lang='lat' dir='ltr'>potest</span> <span class='ocrx_word' id='word_1_358' title='bbox 1057 2342 1106 2375; x_wconf 88' lang='lat' dir='ltr'>ibi</span> <span class='ocrx_word' id='word_1_359' title='bbox 1125 2341 1221 2377; x_wconf 83' lang='lat' dir='ltr'>finita</span> <span class='ocrx_word' id='word_1_360' title='bbox 1241 2342 1359 2382; x_wconf 87' lang='lat' dir='ltr'>videri,</span> <span class='ocrx_word' id='word_1_361' title='bbox 1377 2352 1435 2374; x_wconf 86' lang='lat' dir='ltr'>ne-</span> 
     </span>
    </p>
   </div>
   <div class='ocr_carea' id='block_1_3' title="bbox 94 2385 1435 2460">
    <p class='ocr_par' dir='ltr' id='par_1_3' title="bbox 94 2385 1435 2460">
     <span class='ocr_line' id='line_1_37' title="bbox 94 2385 1435 2460; baseline 0.006 -47"><span class='ocrx_word' id='word_1_362' title='bbox 94 2390 159 2421; x_wconf 88' lang='lat' dir='ltr'>que</span> <span class='ocrx_word' id='word_1_363' title='bbox 183 2393 270 2424; x_wconf 86' lang='lat' dir='ltr'>quae</span> <span class='ocrx_word' id='word_1_364' title='bbox 301 2385 422 2418; x_wconf 84' lang='lat' dir='ltr'>deinde</span> <span class='ocrx_word' id='word_1_365' title='bbox 449 2387 601 2428; x_wconf 87' lang='lat' dir='ltr'>sequitur</span> <span class='ocrx_word' id='word_1_366' title='bbox 621 2387 661 2419; x_wconf 89' lang='lat' dir='ltr'>de</span> <span class='ocrx_word' id='word_1_367' title='bbox 686 2386 763 2419; x_wconf 87' lang='lat' dir='ltr'>nive</span> <span class='ocrx_word' id='word_1_368' title='bbox 788 2391 820 2419; x_wconf 84' lang='lat' dir='ltr'>et</span> <span class='ocrx_word' id='word_1_369' title='bbox 850 2387 1031 2431; x_wconf 85' lang='lat' dir='ltr'>grandine,</span> <span class='ocrx_word' id='word_1_370' title='bbox 1059 2388 1191 2460; x_wconf 38' lang='lat' dir='ltr'>initiussm</span> <span class='ocrx_word' id='word_1_371' title='bbox 1218 2387 1341 2431; x_wconf 88' lang='lat' dir='ltr'>habet,</span> <span class='ocrx_word' id='word_1_372' title='bbox 1373 2389 1435 2420; x_wconf 84' lang='lat' dir='ltr'>sed</span> 
     </span>
    </p>
   </div>
  </div>
 </body>
</html>
