1624 2626
173 163 243 202 AD
272 160 512 201 MARCIAM
537 161 604 200 DE
630 159 1025 215 CONSOLATIONE.
1055 166 1111 200 22.
1132 165 1190 200 23.
1250 159 1329 201 135

45 265 243 316 perfidum
270 264 461 304 militem?
503 268 763 303 consecratur
780 262 1039 312 subscriptim
1081 266 1120 302 et
1148 263 1330 302 acerrimi

45 332 185 369 caneS,
222 331 324 371 quos
351 320 417 359 iile
445 323 490 359 ut
515 320 590 359 sibi
620 321 686 358 uni
715 323 971 367 mansuetos,
1007 318 1193 358 omnibus
1220 319 1328 358 feros

44 378 220 425 haberet,
241 376 436 425 sanguine
454 375 629 415 humano
653 375 862 425 pascebat,
885 375 1182 414 circumlatrare
1203 374 1329 414 homi-

43 443 133 472 nem
152 432 285 472 etiam
307 433 415 471 iilum
442 432 695 481 impetratum
715 430 920 480 incipiunt.
960 430 1062 479 Quid
1083 431 1260 470 faceret?
1295 430 1329 470 si
1344 438 1366 473 6

41 489 179 528 vivere
199 489 335 536 vellet,
357 486 528 527 Seianus
549 488 757 537 rogandus
777 489 878 534 erat,
901 486 935 525 si
956 486 1076 536 mori,
1097 487 1198 536 filia,
1223 491 1328 526 uter-

43 555 122 594 que
154 543 434 583 inexorabilis:
454 544 682 595 sconstituit
715 542 1019 582 filiamfallere.
1063 554 1162 582 usus
1194 542 1331 591 itaque

41 600 222 647 balineo,
256 603 324 647 [et]
356 610 436 648 quo
463 600 556 648 plus
577 599 718 639 virium
739 603 924 648 poneret,
956 599 996 637 in
1024 599 1251 638 cubiculum
1284 608 1330 637 se

0 701 13 707 ⁵
42 655 159 705 quasi
179 661 411 704 gustaturus
439 656 602 694 contulit
621 660 660 694 et
681 654 858 694 dimissis
882 654 1017 704 pueris
1039 655 1237 704 quaedam
1258 664 1331 704 per

42 713 280 759 fenestram,
302 717 345 750 ut
365 711 567 750 videretur
586 711 744 759 edisse,
766 710 946 761 proiecit.
976 721 1001 749 a
1020 721 1149 750 coena
1169 710 1329 758 deinde,

43 768 160 816 quasi
179 767 257 806 iam
277 767 376 806 satis
395 767 436 806 in
455 767 638 807 cubiculo
661 767 824 815 edisset,
843 766 1044 806 abstinuit.
1082 766 1206 807 altero
1230 777 1329 816 quo-

43 833 122 873 que
143 823 208 861 die
228 828 268 862 et
285 823 401 862 tertio
422 823 528 861 idem
550 823 659 862 fecit.
691 827 859 872 quartus
887 822 978 872 ipsa
997 822 1223 862 infirmitate
1241 833 1330 862 cor-

42 880 155 928 poris
176 878 348 918 faciebat
366 878 569 917 indicium.
600 880 825 927 conplexus
845 878 982 928 itaque
999 882 1058 917 te:
1082 878 1329 927 ‚,carissima,

42 935 188 984 inquit,
219 934 301 973 filia
329 939 368 974 et
394 935 472 974 hoc
502 946 624 974 unum
644 939 727 973 tota
746 935 874 973 celata
893 933 992 982 vita,
1020 934 1094 973 iter
1112 935 1251 973 mortis
1271 934 1330 972 in-

41 1001 211 1040 gressus
229 1001 318 1029 sum
342 996 381 1029 et
400 991 478 1029 iam
498 991 672 1029 medium
693 990 777 1028 fere
795 995 927 1029 teneo.
957 1000 1152 1029 revocare
1172 1001 1236 1028 me
1255 1000 1331 1028 nec

42 1046 168 1086 debes
188 1056 263 1085 nec
283 1048 441 1094 potes.“
479 1050 601 1094 atque
620 1045 674 1084 ita
693 1045 812 1084 iussit
829 1045 963 1084 lumen
984 1056 1102 1084 omne
1123 1046 1330 1094 praecludi

42 1107 82 1141 et
100 1112 146 1141 se
167 1101 206 1140 in
228 1102 414 1140 tenebras
435 1101 625 1148 condidit.
665 1100 833 1149 Cognito
861 1101 1030 1141 consitio
1061 1101 1148 1140 eius
1171 1101 1331 1150 publica
1346 1110 1367 1146 7

40 1158 230 1206 voluptas
249 1161 354 1206 erat,
384 1157 496 1206 quod
524 1168 547 1196 e
577 1156 765 1195 faucibus
789 1156 1116 1196 avidissimorum
1143 1158 1331 1206 luporum

42 1214 280 1252 educeretur
308 1213 472 1261 praeda.
516 1217 775 1252 accusatores
805 1211 952 1252 Seiano
991 1218 1156 1252 auctore
1182 1214 1332 1252 adeunt

43 1269 253 1308 consulum
281 1268 512 1317 tribunalia,
541 1273 761 1318 queruntur
788 1267 890 1308 mori
920 1269 1113 1319 Cordum,
1143 1273 1185 1308 ut
1211 1269 1330 1308 inter-

43 1325 237 1374 pellantes
274 1325 385 1373 quod
424 1329 660 1374 coegerant:
696 1325 799 1364 adeo
827 1325 905 1364 illis
935 1325 1092 1365 Cordus
1119 1324 1332 1364 videbatur

44 1379 238 1428 effugere.
280 1380 429 1430 Magna
446 1391 512 1420 res
541 1385 646 1428 erat,
676 1380 749 1430 [in]
781 1381 1020 1430 quaestione
1048 1392 1098 1420 an
1125 1385 1252 1420 morte
1272 1379 1367 1422 rei8

45 1436 318 1484 perderentur.
364 1437 458 1475 dum
487 1437 747 1484 deliberatur,
776 1437 870 1475 dum
902 1442 1162 1477 accusatores
1189 1437 1330 1476 iterum

44 1490 211 1538 adeunt,
232 1491 298 1530 ille
317 1490 623 1531 sefflbsolverat.
652 1492 853 1540 Videsne,
872 1492 1041 1540 Marcia,
1065 1498 1239 1542 quantae
1258 1491 1330 1531 ini-

46 1557 217 1594 quorum
253 1551 475 1596 temporum
510 1548 622 1587 vices
659 1558 711 1587 ex
743 1548 949 1596 inopinato
983 1547 1199 1597 ingruant?
1241 1547 1330 1596 fles,

44 1602 159 1651 quod
179 1602 296 1641 alicui
324 1607 480 1642 tuorum
500 1604 602 1643 mori
624 1614 796 1643 necesse
817 1604 913 1642 fuit?
951 1614 1080 1654 paene
1107 1615 1188 1643 non
1209 1604 1330 1644 licuit.

119 1657 257 1697 XXIII.
284 1657 445 1697 Praeter
471 1659 548 1698 hoc
577 1659 688 1708 quod
707 1670 825 1698 omne
853 1660 1030 1699 futurum
1056 1659 1253 1699 incertum
1272 1665 1333 1700 est
1349 1663 1369 1697 l

46 1718 86 1752 et
106 1713 159 1752 ad
180 1713 380 1753 deteriora
399 1714 558 1762 certius,
581 1713 876 1754 facillimum
906 1716 966 1754 ad
986 1727 1077 1765 sup
1090 1718 1213 1755 eros·
1233 1717 1332 1755 iter

44 1773 123 1808 est
149 1768 335 1808 animis
363 1769 466 1809 cito
495 1770 552 1808 ab
579 1769 793 1809 humana
827 1772 1230 1812 conversatione
1259 1771 1330 1810 di-

44 1824 232 1863 missis.
286 1825 490 1864 minimum
533 1825 636 1864 enim
680 1825 804 1865 faecis
847 1827 1073 1876 [ponderis]
1111 1832 1330 1867 traxerunt.

47 1885 261 1928 antequam
282 1881 531 1920 obducerent
550 1885 590 1919 et
609 1881 726 1920 altius
746 1886 904 1922 terrena
925 1882 1204 1932 conciperent,
1234 1883 1329 1922 libe-

43 1936 138 1983 rati,
165 1936 340 1975 leviores
360 1937 626 1985 ad—originem
647 1947 760 1976 suam
778 1939 962 1977 revolant
980 1943 1019 1978 et
1042 1938 1199 1978 facilius
1221 1939 1330 1989 quic-

45 1991 142 2040 quid
177 1996 240 2030 est
279 1991 378 2031 iilud
412 1991 584 2032 obsoleti
619 1992 798 2041 inlitique
830 1995 980 2033 eluunt.
1028 2005 1103 2033 nec
1142 2005 1368 2044 umquam2

45 2047 200 2096 magnis
229 2047 399 2097 ingeniis
429 2059 520 2087 cara
552 2047 592 2086 in
622 2059 793 2097 corpore
820 2060 934 2088 mora
962 2054 1035 2089 est.
1073 2050 1183 2089 exire
1210 2055 1331 2101 atque

43 2113 258 2152 erumpere
285 2104 478 2153 gestiunt,
507 2114 627 2152 aegre
646 2103 720 2143 has
740 2106 948 2153 angustias
972 2106 1121 2154 ferunt,
1148 2108 1240 2156 vagi
1258 2118 1331 2156 per

46 2168 183 2207 omne,
223 2159 415 2199 sublimes
444 2164 483 2198 et
513 2170 564 2198 ex
595 2161 674 2198 alto
709 2159 866 2199 adsueti
896 2161 1070 2200 humana
1097 2162 1329 2212 despicere:

46 2214 139 2252 inde
158 2219 222 2253 est
250 2216 359 2264 quod
377 2215 516 2254 Platon
539 2216 702 2255 clamat:
732 2216 928 2264 sapientis
954 2217 1126 2257 animum
1146 2223 1268 2258 totum
1290 2220 1330 2258 in

46 2274 214 2309 mortem
234 2271 484 2319 prominere,
511 2271 589 2310 hoc
608 2271 832 2319 velle,·hoc
850 2273 1050 2320 meditari,
1070 2273 1146 2313 hac
1168 2285 1330 2324 semper

47 2325 238 2375 cupidine
258 2327 350 2367 ferri
378 2327 418 2366 ln
446 2327 646 2367 exteriora
666 2327 908 2367 tendentem.
952 2328 1053 2377 Quid
1072 2333 1135 2379 tu,
1165 2330 1365 2380 Marcia‚3
