1624 2626
277 182 356 224 158
505 183 550 222 L.
575 182 765 223 ANNAEI
793 182 1017 223 SENECAE
1044 185 1175 224 DIAL.
1201 185 1286 224 VII.

240 293 262 327 3
283 282 450 331 Sapiens
468 282 616 320 nullum
635 281 836 320 denarium
856 281 956 320 intra
972 282 1087 320 limen
1107 293 1220 321 suum
1235 282 1408 323 admittet
1425 285 1525 323 male

277 341 495 378 intrantem.
523 337 626 374 idem
649 346 811 383 magnas
832 346 943 383 opes,
969 347 1109 375 munus
1138 338 1315 375 fortunae
1341 339 1523 377 fructum—

280 402 358 442 que
379 391 541 437 virtutis‚
569 401 646 429 non
666 390 888 438 repudiabit
905 400 978 428 nec
998 392 1191 429 excludet.
1220 392 1320 439 Quid
1345 394 1447 431 enim
1466 399 1528 432 est

279 456 402 496 quare
421 445 495 484 illis
511 445 615 483 bono
643 445 730 483 loco
752 444 947 482 invideat?
971 446 1137 492 veniant,
1165 446 1419 493 hospitentur.
1453 458 1527 486 nec

278 499 435 540 iactabit
451 500 537 537 illas
563 509 636 536 nec
663 499 897 537 abscondet:
927 499 1089 537 alterum
1114 500 1286 538 infruniti
1314 502 1429 539 animi
1454 507 1526 550 est,

279 556 440 594 alterum
459 553 579 592 timidi
595 558 633 591 et
646 554 777 602 pusilli
802 554 908 591 velut
930 564 1108 601 magnum
1126 554 1270 593 bonum
1286 555 1386 594 intra
1401 556 1526 594 sinum

237 618 260 652 4
280 608 525 653 continentis.
564 617 648 654 nec,
670 612 711 645 ut
731 607 823 645 dixi.
849 607 962 646 eiciet
979 607 1066 646 illas
1087 619 1109 645 e
1137 608 1267 647 domo.
1305 611 1400 658 quid
1427 611 1529 648 enim

278 664 410 703 dicet?
435 667 615 701 utrumne
639 662 827 709 „inutiles
856 662 950 700 estis
962 665 984 682 “
1003 672 1050 699 an
1083 672 1193 710 „ego
1220 663 1273 701 uti
1296 664 1437 702 divitiis
1461 674 1527 702 ne-

278 718 424 757 scio?“
461 716 795 764 Quemadmodum
829 716 944 754 etiam
971 716 1139 764 pedibus
1173 718 1255 755 suis
1283 719 1424 766 poterit
1457 719 1531 758 iter

278 771 485 818 conficere,
514 770 728 808 escendere
747 775 875 809 tamen
896 770 1118 808 vehiculum
1133 772 1268 810 malet:
1289 772 1346 811 sic
1366 783 1528 822 pauper,

279 827 314 865 si
333 825 500 875 potuerit
519 835 609 863 esse
630 825 752 872 dives,
780 825 896 871 volet,
919 830 957 863 et
974 824 1133 863 habebit
1159 826 1291 874 itaque
1318 837 1428 875 opes,
1457 827 1529 866 sed

278 886 476 928 tamquam
495 880 603 917 leves
625 883 663 917 et
689 879 925 917 avolaturas.
967 889 1040 917 nec
1058 879 1125 918 ulli
1152 881 1213 918 alii
1243 891 1315 919 nec
1343 881 1418 919 sibi
1443 892 1529 930 gra-

243 937 266 971 5
279 946 351 974 ves
368 944 460 973 esse
475 934 651 982 patietur.
680 933 806 980 Quid?
826 932 1012 972 donabit?
1031 935 1186 984 [credo,]
1204 935 1385 974 erexistis
1401 946 1531 974 aures·

281 990 376 1038 quid
397 988 590 1036 expeditis
611 988 763 1025 sinum?
789 987 951 1026 donabit
966 993 1030 1025 aut
1052 988 1165 1027 bonis
1185 994 1250 1027 aut
1264 990 1334 1037 eis,
1355 1001 1455 1038 quos
1475 991 1530 1028 sa-

280 1054 370 1082 cere
391 1043 532 1091 poterit
550 1043 691 1083 bonos.
731 1041 892 1080 donabit
911 1052 998 1079 cuin
1018 1052 1168 1080 summo
1190 1045 1353 1083 consilio
1383 1044 1529 1092 dignis-

280 1099 402 1136 simos
423 1097 583 1144 eligens,
611 1100 653 1134 ut
679 1095 747 1143 qui
774 1096 990 1134 meminerit
1017 1100 1095 1134 tam
1122 1107 1387 1145 expensorum
1414 1110 1531 1147 quam

280 1156 532 1200 acceptorum
549 1150 738 1188 rationem
766 1160 856 1187 esse
874 1150 1127 1188 reddendam.
1162 1152 1321 1190 donabit
1347 1163 1398 1190 ex
1423 1157 1533 1192 recta

280 1212 320 1245 et
340 1205 533 1254 probabili
550 1215 682 1243 causa.
711 1215 800 1242 narn
819 1204 919 1242 inter
945 1209 1079 1252 turpes
1098 1205 1267 1244 iacturas
1287 1208 1429 1245 malum
1448 1218 1530 1245 mu—

280 1272 355 1299 nus
375 1265 453 1298 est:
482 1259 640 1297 habebit
658 1259 787 1296 sinum
815 1258 981 1306 facilem,
1007 1269 1085 1297 non
1104 1262 1354 1309 perforatum,
1382 1272 1430 1300 ex
1452 1272 1532 1310 quo

280 1316 401 1354 multa
419 1319 560 1352 exeant
580 1318 619 1352 et
636 1313 730 1351 nihil
750 1313 916 1351 excidat.

242 1377 262 1409 1
388 1368 524 1407 XXIV.
553 1367 715 1414 Errat,
744 1367 924 1414 siquis
945 1368 1416 1408 existimatfacilem
1434 1380 1532 1408 rem

282 1434 398 1462 esse
417 1424 624 1461 donare:
654 1421 861 1469 plurimum
887 1422 963 1460 ista
980 1433 1044 1460 res
1064 1422 1182 1461 habet
1208 1424 1465 1469 difficultatis,
1497 1424 1532 1462 si

282 1478 400 1518 modo
430 1476 595 1516 consilio
622 1476 818 1522 tribuitur,
855 1486 934 1514 non
964 1487 1060 1515 casu
1090 1482 1128 1515 et
1163 1478 1297 1525 inpetu
1323 1479 1532 1526 spargitur.

281 1533 395 1571 Hunc
413 1529 652 1580 promereor,
681 1531 734 1569 illi
751 1529 892 1569 reddo.
924 1530 1015 1569 huic
1042 1542 1229 1570 succurro
1246 1562 1255 1580 ,
1282 1532 1397 1571 huius
1417 1532 1531 1571 mise-

282 1597 385 1625 reor.
426 1587 533 1624 illum
552 1586 702 1624 instruo
723 1585 880 1633 dignum
902 1596 1019 1633 quem
1038 1597 1115 1624 non
1137 1587 1305 1625 deducat
1318 1593 1532 1635 paupertas

282 1651 356 1680 nec
377 1644 609 1692 occupatum
628 1644 768 1678 teneat.
790 1639 1025 1687 quibusdam
1042 1651 1121 1683 non
1138 1640 1252 1688 dabo,
1270 1642 1448 1690 quamvis
1464 1642 1530 1679 de·

284 1696 352 1742 sit,
386 1695 496 1743 quia,
534 1693 686 1732 etiamsi
713 1694 879 1741 dedero,
918 1694 989 1732 erit
1023 1695 1252 1733 defuturum.
1297 1695 1531 1744 quibusdam

285 1750 459 1796 offeram,
478 1748 713 1796 quibusdam
733 1749 846 1786 etiam
864 1748 1085 1788 inculcabo.
1115 1760 1194 1787 non
1215 1760 1377 1797 possum
1397 1750 1435 1787 in
1455 1749 1530 1787 hac

283 1815 327 1842 re
347 1814 438 1842 esse
456 1804 680 1851 neglegens.
717 1813 928 1850 numquam
948 1804 1073 1851 magis
1092 1804 1248 1842 nomina
1271 1804 1384 1850 facio,
1415 1814 1532 1852 quam

251 1866 273 1899 2
289 1868 376 1896 cum
396 1858 514 1896 dono.
551 1857 703 1905 „Quid‘r
719 1862 771 1902 tu,
793 1857 936 1905 inquis,
958 1863 1187 1906 recepturus
1210 1858 1387 1896 donas‘3“
1414 1860 1531 1896 immo

286 1924 364 1951 non
384 1912 628 1961 perditurus:
655 1921 701 1949 eo
722 1912 809 1950 loco
831 1912 881 1950 sit
899 1912 1070 1960 donatio,
1094 1913 1197 1950 unde
1215 1913 1338 1960 repeti
1365 1923 1442 1951 non
1465 1913 1531 1950 de—

284 1967 387 2014 beat,
415 1966 528 2004 reddi
556 1966 696 2014 possit.
736 1966 970 2005 beneficium
999 1968 1240 2013 conlocetur,
1277 1967 1527 2015 quemadmo-

288 2022 380 2059 dum
398 2022 606 2059 thesaurus
626 2021 702 2058 alte
722 2020 896 2068 obrutus,
919 2031 1034 2069 quem
1052 2032 1130 2060 non
1156 2030 1291 2067 eruas,
1317 2020 1394 2059 nisi
1419 2021 1532 2060 fuerit

249 2084 272 2118 3
288 2085 466 2113 necesse.
500 2075 625 2122 Quid?
644 2075 783 2113 domus
799 2075 887 2122 ipsa
906 2076 1036 2114 divitis
1050 2075 1121 2113 viri
1137 2080 1320 2122 quantam
1335 2075 1451 2114 habet
1463 2075 1530 2112 be-

288 2129 506 2167 nefaciendi
524 2130 724 2169 materiam
737 2134 756 2166 2
796 2130 890 2176 Quis
909 2130 1011 2168 enim
1028 2129 1293 2168 liberalitatem
1312 2135 1458 2168 tantum
1479 2130 1530 2166 ad

287 2188 441 2230 togatos
460 2189 602 2222 vocat?
633 2183 855 2223 hominibus
884 2185 1075 2232 prodesse
1100 2188 1238 2222 natura
1262 2195 1321 2222 me
1345 2184 1461 2229 iubet,
1491 2190 1531 2222 et

290 2237 395 2276 servi
414 2237 574 2275 liberine
594 2239 671 2277 sint
688 2239 740 2286 hi,
761 2238 917 2286 ingenui
936 2249 985 2277 an
1004 2237 1180 2284 libertini,
1199 2239 1324 2276 iustae
1343 2237 1530 2276 libertatis

291 2303 342 2331 an
361 2292 459 2331 inter
477 2292 624 2332 amicos
645 2293 770 2342 datae,
798 2293 893 2342 quid
908 2293 1050 2332 refert?
1067 2290 1303 2341 ubicumque
1321 2292 1438 2332 homo
1459 2299 1532 2340 est,
