1624 2626
342 175 408 215 DE
434 173 722 242 ΒΒΕἺΙΤΑΤΕ
741 172 909 212 VITAE.
936 178 1063 214 3—6.
1262 171 1342 213 201

77 281 141 316 cat
156 275 426 324 inmixtosque
446 274 602 312 mediae
621 274 711 323 paci
731 278 770 313 et
783 272 950 323 imperio
966 273 1106 313 hostes
1122 273 1343 323 perdomat,

76 333 169 372 dum
193 331 297 370 ultra
321 330 504 370 Rhenum
531 334 568 368 et
592 329 821 378 Euphraten
848 333 888 368 et
908 329 1131 369 Danubium
1151 329 1343 368 terminos

74 391 224 435 movet,
250 386 291 425 in
310 386 400 435 ipsa
418 385 519 425 urbe
535 385 745 432 Murenae,
777 384 1006 434 Caepionis,
1029 384 1192 434 Lepidi,
1211 385 1342 434 Egna-

74 443 215 483 tiorum
243 442 284 480 in
311 452 402 481 eum
429 451 643 480 mucrones
677 440 932 480 acuebantur.
984 441 1169 480 Nondum
1202 441 1382 481 horum6

73 497 268 546 effugerat
291 496 479 536 insidias:
517 497 599 535 filia
626 501 666 535 et
692 501 750 535 tot
775 495 931 536 nobiles
956 496 1124 536 iuvenes
1148 496 1343 535 adulterio

72 554 180 593 velut
195 557 444 592 sacramento
460 551 591 591 adacti
606 553 682 590 iam
698 553 904 591 infractam
919 556 1087 591 aetatem
1100 552 1343 592 territabant.

72 609 245 658 plusque
265 614 303 647 et
321 609 461 647 iterum
479 609 653 647 timenda
673 619 762 646 cum
779 608 953 647 Antonio
973 608 1126 647 mulier.
1163 607 1264 647 haec
1284 608 1344 647 ul-

73 675 165 703 cera
186 675 276 703 cum
295 663 396 712 ipsis
412 663 600 702 membris
617 663 861 703 absciderat:
891 662 970 702 alia
983 663 1342 703 subnascebantur.

70 721 179 759 velut
196 720 331 770 [intra]
353 729 475 768 grave
495 720 617 759 multo
641 720 836 768 sanguine
857 729 1006 768 corpus
1026 724 1161 770 partes
1182 729 1344 768 semper

71 775 229 824 aliquae
247 775 545 823 rumpebantur.
574 775 714 824 Itaque
732 775 852 815 otium
873 774 1048 824 optabat.
1075 774 1116 814 in
1130 775 1250 814 huius
1268 785 1342 824 spe

73 835 113 869 et
138 831 377 879 cogitatione
403 830 562 870 labores
593 831 680 870 eius
706 831 950 873 residebant.
986 831 1067 871 hoc
1092 835 1232 871 votum
1259 835 1344 869 erat

71 886 178 934 eius,
206 885 274 934 qui
292 886 374 925 voti
393 890 587 935 conpotes
608 887 740 925 facere
760 890 928 935 poterat.

151 942 201 979 V.
243 941 403 980 Marcus
432 942 568 981 Cicero
602 942 703 981 inter
731 942 935 990 Catilinas,
974 942 1137 981 Clodios
1171 942 1340 981 iactatus
1357 952 1377 985 1

69 997 366 1046 Pompeiosque
399 1002 438 1036 et
470 998 659 1044 Crassos,
697 998 840 1047 partim
874 998 1110 1037 manifestos
1144 997 1342 1045 inimicos,

70 1052 212 1102 partim
240 1052 383 1092 dubios
411 1053 580 1100 amicos,
608 1053 701 1092 dum
723 1053 938 1092 fluctuatur
964 1064 1054 1092 cum
1077 1052 1284 1102 republica
1302 1058 1342 1093 et

70 1108 176 1148 illam
194 1118 360 1158 pessum
378 1113 537 1147 euntem
556 1114 682 1156 tenet,
706 1108 924 1148 novissime
940 1109 1155 1158 abductus,
1185 1119 1260 1148 nec
1277 1119 1341 1148 se*

70 1164 212 1203 cundis
237 1163 357 1202 rebus
388 1164 546 1212 quietus
566 1174 640 1203 nec
660 1165 921 1203 adversarum
941 1165 1120 1214 patiens,
1151 1165 1339 1214 quotiens

68 1219 176 1258 illum
202 1220 335 1268 ipsum
363 1220 611 1259 consulatum
639 1231 756 1259 suum
775 1231 854 1259 non
877 1220 964 1259 sine
983 1231 1127 1268 causa,
1158 1221 1233 1259 sed
1251 1221 1339 1260 sine

68 1274 148 1313 fine
174 1275 375 1314 laudatum
403 1275 647 1314 detestatur?
693 1275 818 1324 Quam
837 1275 992 1315 flebiles
1012 1287 1136 1316 voces
1157 1275 1378 1325 exprimit2

69 1330 108 1369 in
132 1331 303 1378 quadam
322 1330 375 1368 ad
393 1331 564 1370 Atticum
586 1331 758 1380 epistula
776 1332 853 1370 iam
873 1332 981 1371 victo
1002 1337 1114 1381 patre
1133 1331 1338 1381 Pompeio,

13 1391 15 1393 ’
70 1385 200 1424 adhuc
214 1386 294 1426 filio
311 1386 349 1424 in
363 1386 560 1435 Hispania
575 1387 699 1426 fracta
714 1398 823 1426 arma
834 1388 1068 1427 refovente?
1096 1388 1199 1434 Quid
1211 1399 1339 1436 aqam,

69 1440 214 1490 inquit,
250 1442 314 1481 laic
338 1441 522 1490 quaeris?
559 1453 690 1482 moror
713 1446 755 1482 in
787 1443 1004 1483 Tusculano
1029 1454 1112 1482 meo
1134 1445 1339 1482 semiliber.

69 1496 148 1534 alia
167 1495 357 1545 deinceps
377 1497 514 1546 adicit,
536 1498 682 1547 quibus
701 1503 741 1538 et
757 1498 930 1548 priorem
946 1503 1116 1538 aetatem
1129 1500 1340 1547 conplorat

69 1556 110 1590 et
129 1551 180 1589 de
198 1552 400 1600 praesenti
420 1554 594 1601 queritur
613 1558 653 1593 et
671 1554 722 1593 de
743 1555 874 1593 futura
894 1555 1094 1604 desperat.
1132 1554 1339 1594 Semilibe-
1352 1560 1376 1595 3

67 1617 157 1645 rum
176 1617 222 1645 se
241 1606 338 1645 dixit
358 1607 516 1647 Cicero:
551 1614 591 1648 at
608 1610 856 1649 mehercules
877 1621 1094 1660 numquam
1113 1610 1277 1659 sapiens
1295 1610 1339 1649 in

69 1667 148 1701 tam
175 1661 323 1701 humile
348 1673 494 1701 nomen
528 1666 732 1713 procedet,
771 1677 989 1715 numquam
1017 1666 1220 1706 semiliber
1250 1666 1336 1712 erit,

67 1717 243 1766 integrae
260 1728 422 1767 semper
438 1719 628 1758 libertatis
648 1725 687 1758 et
701 1721 874 1770 solidae,
903 1722 1078 1770 solutus,
1108 1726 1147 1760 et
1162 1721 1224 1760 sui
1239 1721 1337 1760 iuris

66 1777 106 1812 et
132 1773 247 1812 altior
273 1773 430 1812 ceteris.
474 1774 571 1822 quid
596 1775 700 1814 enim
719 1787 843 1826 supra
861 1788 951 1817 eum
968 1781 1236 1827 potestesse,
1268 1776 1337 1825 qui

67 1839 191 1877 supra
209 1829 408 1868 fortunam
428 1834 517 1868 est?

146 1885 214 1923 vt.
241 1885 378 1924 Livius
399 1886 575 1932 Drusus,
601 1886 662 1924 vir
682 1897 775 1926 acer
793 1892 832 1928 et
850 1887 1088 1936 vehemens,
1112 1899 1203 1927 cum
1223 1888 1334 1936 leges
1351 1899 1371 1932 1

65 1949 192 1979 novas
211 1945 250 1980 et
268 1942 373 1979 mala
392 1941 623 1979 Gracchana
637 1943 847 1991 movisset,
870 1945 1038 1993 stipatus
1051 1943 1200 1992 ingenti
1213 1944 1334 1983 totius

65 1995 200 2034 ltaliae
225 2002 360 2045 coetu,
397 1997 546 2036 exitum
577 2001 712 2036 rerum
743 2009 824 2038 non
853 2000 1090 2048 pervidens,
1128 2010 1230 2047 quas
1259 2009 1335 2038 nec

66 2060 185 2099 agere
203 2050 346 2091 licebat
365 2063 440 2091 nec
459 2053 538 2091 iam
556 2052 724 2091 liberum
742 2059 828 2094 erat
847 2057 974 2093 semel»
990 2055 1198 2094 inchoatas
1215 2055 1334 2094 relin-

67 2116 208 2154 quere,
246 2113 480 2147 exsecratus
511 2108 728 2156 inquietam
754 2121 779 2148 a
801 2110 1029 2159 primordiis
1052 2111 1171 2149 vitam
1190 2109 1334 2150 dicitur

66 2160 236 2201 dixisse:
276 2163 371 2211 „uni
390 2164 467 2203 sibi
493 2174 543 2202 ne
562 2174 686 2213 puero
709 2165 868 2212 quidem
888 2176 1076 2214 umquam
1098 2166 1216 2205 ferias
1237 2177 1332 2206 con-

64 2216 243 2264 tigisse.“
281 2219 418 2258 Ausus
438 2225 500 2258 est
519 2220 623 2258 enim
642 2224 682 2258 et
699 2221 874 2269 pupillus
893 2221 1083 2260 adhucet
1108 2227 1331 2270 praetexta-

65 2274 129 2310 tus
155 2273 352 2313 iudicibus
378 2285 472 2314 reos
492 2276 772 2315 commendare
793 2281 833 2315 et
849 2277 1012 2325 gratiam
1033 2278 1253 2316 suam'soro
1276 2279 1330 2316 in-

67 2329 275 2377 terponere
309 2334 387 2369 tam
423 2331 638 2371 efficaciter
668 2332 847 2382 quidem,
878 2336 921 2372 ut
955 2333 1150 2382 quaedam
1184 2333 1332 2372 iudicia
