1624 2626
299 147 378 191 152
526 148 570 186 L.
596 146 786 185 ANNAEI
814 143 1037 183 SENECAE
1065 145 1197 182 DIAL.
1221 144 1306 183 V11.

299 259 400 295 rem,
434 244 594 284 habebit
620 245 715 284 illud
744 245 783 282 in
812 243 941 301 animo
969 248 1082 283 vetus
1110 249 1386 293 praeceptum.
1415 244 1554 283 deum

259 311 280 344 6
300 310 528 350 sequere.
573 298 759 362 Quisquis
779 302 910 344 autem
926 294 1112 347 queritur
1138 303 1178 337 et
1201 299 1331 347 plorat
1359 304 1397 338 et
1424 298 1555 346 gemit,

298 358 488 419 imperata
505 353 635 393 facere
648 353 687 392 vi
700 363 774 401 cog
777 353 851 390 itur
860 355 898 390 et
913 351 1055 390 invitus
1072 351 1221 400 rapitur
1234 353 1303 391 ad
1294 363 1404 392 iussa
1418 353 1554 391 nihilo-

298 411 440 449 minus.
470 418 571 458 quae
590 414 719 447 autem
738 406 934 445 dementia
951 411 1011 445 est
1030 406 1160 454 potius
1171 405 1270 445 trahi
1289 417 1405 455 quam
1417 407 1557 455 sequi?

298 471 376 514 tam
395 463 640 502 mehercules
660 472 777 511 quam
796 461 953 499 stultitia
967 465 1005 499 et
1023 459 1214 508 ignoratio
1234 461 1476 508 condicionis
1498 467 1557 500 est

300 529 397 558 suae
413 518 560 565 dolere,
576 517 682 566 quod
699 520 760 554 est
778 515 926 563 aliquid
939 520 1005 554 aut
1024 514 1158 553 incidit
1176 515 1322 563 durius,
1342 526 1468 564 aeque
1479 517 1555 567 [ac]

298 571 432 612 mirari
452 578 518 611 aut
533 572 691 620 indigne
708 570 809 607 ferre
829 579 888 616 ea,
909 579 1010 618 quae
1020 574 1097 608 tam
1111 569 1226 608 bonis
1242 571 1423 609 accidunt
1440 581 1557 618 quani

300 628 425 674 malis,
446 627 607 665 morbos
628 624 729 671 dico,
751 625 900 670 funera,
922 623 1140 663 debilitates
1161 629 1199 663 et
1217 630 1347 664 cetera
1362 635 1412 662 ex
1430 628 1556 664 trans-

260 683 279 718 7
302 690 417 722 verso
434 682 472 720 in
488 681 602 719 vitam
620 678 829 717 humanam
845 676 1094 717 incurrentia.
1123 678 1315 728 Quicquid
1324 689 1372 717 ex
1383 679 1557 718 universi

301 736 578 776 constitutione
598 732 825 781 patiendum
845 737 915 779 est,
935 743 1077 782 magno
1096 730 1335 781 suscipiatur
1344 734 1486 786 animo.
1506 733 1557 771 ad

299 791 376 829 hoc
396 793 683 829 sacramentum
702 787 830 826 adacti
857 797 1005 834 sumus,
1033 788 1135 826 serre
1162 788 1341 826 mortalia
1368 798 1442 826 nec
1469 797 1555 836 per-

299 844 446 884 turbari
467 845 527 891 iis,
560 852 662 892 quae
676 841 800 880 vitare
820 844 899 880 non
921 846 982 880 est
1000 847 1159 881 nostrae
1180 842 1398 891 potestatis.
1434 842 1476 881 In
1495 852 1556 880 re-

299 909 377 948 gno
397 898 476 937 nati
496 907 646 936 sumus.
684 896 760 935 deo
780 906 922 945 parere
940 896 1100 935 libertas
1121 901 1192 935 est.

262 960 277 992 1
384 952 487 991 XVI.
520 952 623 1000 Ergo
651 951 696 990 in
724 951 913 990 virtute
946 950 1115 999 posita
1144 955 1218 990 est
1245 962 1364 990 vera
1390 951 1556 990 felici-

299 1015 375 1047 tas
390 1014 400 1044 ='
423 1007 518 1056 quid
540 1007 639 1045 haec
662 1005 815 1053 [virtus]
837 1005 905 1045 tibi
923 1005 1131 1044 suadebit?
1150 1017 1199 1044 ne
1215 1005 1309 1054 quid
1327 1011 1394 1045 aut
1411 1005 1556 1044 bonum

301 1068 367 1101 ¹iut
388 1063 531 1100 malum
558 1060 772 1108 existimes,
801 1059 909 1108 quod
936 1070 1010 1098 nec
1030 1061 1170 1099 virtute
1197 1071 1270 1099 nec
1291 1060 1437 1099 malitia
1464 1070 1556 1099 con-

299 1118 432 1166 tinget.
462 1115 616 1163 deinde,
643 1119 687 1154 ut
707 1114 762 1153 sis
778 1114 973 1153 inmobilis
995 1119 1032 1153 et
1053 1120 1188 1153 contra
1206 1116 1347 1153 malum
1369 1125 1419 1152 ex
1437 1114 1557 1162 bono,

260 1177 281 1210 2
301 1177 342 1210 ut
364 1182 442 1221 qua
465 1170 524 1209 fas
546 1174 618 1218 est,
639 1169 756 1230 deum
775 1170 954 1225 effingas.
994 1168 1095 1216 Quid
1115 1169 1181 1207 tibi
1198 1180 1270 1218 pro
1290 1169 1365 1208 hae
1391 1168 1556 1230 expedi

300 1227 406 1264 tione
432 1223 644 1274 promittit?
671 1212 843 1286 ingentia
864 1228 903 1262 et
926 1234 1055 1272 aequa
1078 1223 1240 1262 divinis.
1270 1223 1363 1262 nihil
1391 1224 1557 1271 cogetis,

302 1282 408 1319 nullo
430 1279 637 1328 indigebis,
660 1279 758 1317 liber
785 1280 875 1327 eris,
900 1282 1025 1326 tutus,
1053 1278 1258 1317 indemnis.
1295 1278 1390 1316 nihil
1414 1278 1560 1316 frustra

301 1334 522 1383 temptabis,
549 1333 643 1372 nihil
662 1332 949 1383 prohibeberis,
977 1333 1107 1373 omnia
1123 1333 1191 1372 tibi
1213 1343 1263 1372 ex
1283 1332 1476 1371 sententia
1495 1341 1557 1369 ce—

303 1389 406 1427 de'nt.
436 1389 529 1427 nihil
550 1383 760 1426 'adversum
780 1387 944 1435 accidet,
976 1387 1070 1426 nihil
1090 1392 1225 1426 contra
1256 1387 1479 1436 opinionem
1511 1395 1558 1423 ac

262 1449 283 1482 3
302 1445 551 1482 v-oluntatem
585 1442 683 1497 Quid
703 1446 826 1490 ergo?
845 1442 967 1480 virtus
991 1442 1042 1480 ad
1067 1442 1182 1481 beate
1208 1442 1421 1481 vivendum
1448 1440 1557 1479 suffi-

303 1499 364 1536 cit.
409 1496 584 1546 perfecta
603 1490 676 1535 illa
687 1501 725 1536 et
744 1495 876 1535 divina
904 1496 1036 1544 quidni
1059 1496 1248 1543 sufficiat,
1275 1496 1392 1534 immo
1420 1505 1558 1556 super-

302 1552 428 1591 fluat?
451 1552 544 1600 quid
565 1553 668 1590 enim
679 1551 833 1590 deesse
847 1555 980 1600 potest
998 1556 1109 1590 extra
1128 1550 1367 1589 desiderium
1386 1549 1558 1589 omniurn

301 1608 461 1655 posito·.²
489 1607 584 1655 quid
608 1606 853 1645 extrinsecus
881 1616 982 1654 opus
1009 1606 1069 1643 est
1097 1605 1144 1651 ei,
1174 1604 1240 1653 qui
1266 1605 1396 1643 omnia
1421 1614 1495 1642 sua
1518 1602 1558 1641 in

303 1672 348 1699 se
369 1662 551 1710 collegit?
579 1660 660 1699 Sed
678 1656 727 1708 ei,
758 1660 825 1709 qui
843 1659 895 1698 ad
912 1661 1090 1698 virtutem
1117 1659 1251 1707 tendit,
1279 1658 1431 1698 etiamsi
1460 1658 1557 1695 mul<

302 1720 383 1754 tum
404 1716 611 1764 processit,
634 1725 735 1764 opus
752 1720 813 1754 est
827 1714 959 1763 aliqua
974 1715 1152 1752 fortunae
1170 1713 1410 1762 indulgentia
1429 1712 1559 1750 adhuc

303 1770 402 1808 inter
418 1771 588 1809 humana
607 1770 779 1818 luctanti,
800 1769 891 1808 dum
910 1768 1056 1808 nodum
1075 1770 1180 1818 illum
1202 1768 1371 1806 exsolvit
1385 1771 1422 1805 et
1443 1776 1558 1805 omne

302 1822 500 1863 vinculum
517 1825 692 1864 mortale.
735 1824 830 1872 quid
848 1834 942 1872 ergo
970 1823 1159 1870 interest?
1185 1822 1292 1871 quod
1309 1821 1374 1876 alii
1399 1820 1558 1869 adligati
1599 1827 1605 1831 ‘

304 1882 405 1926 sunt,
435 1879 500 1917 alii
521 1872 707 1927 adstricti,
733 1877 797 1916 alii
816 1878 1003 1940 Qstricti
1010 1888 1189 1927 quoque:
1217 1877 1293 1924 hic,
1318 1867 1386 1925 qui
1414 1876 1464 1915 ad
1493 1886 1559 1914 su

304 1933 462 1980 periora
482 1942 722 1986 progressus
738 1936 798 1971 est
817 1937 855 1972 et
874 1943 919 1971 se
941 1932 1055 1971 altius
1072 1932 1218 1979 extulit,
1237 1932 1367 1969 laxam
1382 1935 1557 1980 catenam

304 1987 419 2026 trahit
438 1981 610 2028 nondum
630 1988 739 2035 liber,
759 1988 835 2025 iam
853 1993 982 2027 tamen
999 1998 1072 2035 pro
1092 1961 1229 2025 libero⁷.

265 2051 286 2083 1
354 2049 356 2051 ’
413 2041 531 2080 XVII.
564 2043 605 2081 Si
628 2037 715 2091 quis
736 2041 869 2090 itaque
889 2053 939 2080 ex
959 2042 1057 2089 istis,
1078 2041 1144 2090 qui
1158 2039 1449 2088 philosophiam
1465 2049 1556 2077 con-

307 2096 459 2141 latrant,
482 2098 588 2144 quod
610 2097 750 2144 solent,
773 2096 932 2136 dixerit=
964 2105 1149 2146 „quare
1170 2105 1287 2142 ergo
1306 2099 1356 2133 tu
1374 2093 1557 2134 fortius

307 2147 537 2198 loqueris
566 2162 707 2200 quam
725 2151 884 2190 vivis?
919 2161 1040 2201 quare
1064 2153 1102 2189 et
1118 2148 1314 2199 superiori
1328 2149 1449 2187 verba
1465 2148 1558 2186 sub-

306 2204 425 2255 mittis
446 2208 484 2242 et
502 2205 708 2252 pecuniam
729 2206 997 2245 necessarium
1016 2202 1093 2244 tibi
1104 2203 1403 2242 instrumentum
1425 2202 1557 2241 existi

306 2252 391 2296 mas
419 2263 458 2311 et
482 2259 622 2298 damno
650 2262 820 2299 moveris
854 2265 892 2299 et
919 2256 1097 2310 lacrimas
1123 2259 1255 2296 audita
1283 2257 1461 2305 coniugis
1490 2261 1558 2295 aut

307 2311 421 2351 amici
440 2318 562 2351 morte
580 2315 747 2354 demittis
764 2321 802 2356 et
814 2314 981 2364 respicis
999 2313 1140 2352 famam
1155 2318 1193 2351 et
1211 2313 1389 2361 maHgnis
1408 2322 1555 2350 sermo-
1563 2306 1567 2313 ’
