1592 2580
332 150 413 192 260
703 151 746 191 L.
774 151 962 191 ANNAEI
989 151 1213 191 SENECAE

330 257 403 298 tur,
433 250 471 289 et
493 250 530 289 >si
554 250 805 290 violentiores
826 248 1124 299 flavere,‘.cir0a
1141 252 1309 291 medium
1328 251 1579 297 tamenjdiem‘

328 307 631 352 relanguescunt
657 316 730 344 nec
755 317 923 353 usquam
949 316 1077 354 usque
1096 308 1135 344 in
1154 306 1353 345 meridiem
1374 318 1468 347 aura
1488 319 1578 356 pro·

328 360 492 398 ducitur.
539 359 628 398 Alia
644 365 769 398 autem
788 362 896 406 [αῖῖά]
913 360 1127 398 inbecillior
1141 366 1189 399 ac*
1201 361 1357 401 brevior
1373 367 1442 410 est,
1462 367 1578 411 prout

326 413 607 452 valentioribus
628 415 894 453 minoribusve
914 414 1079 453 collecta
1097 415 1227 454 causis
1243 420 1318 458 est.

289 471 308 504 1
406 469 478 507 IX.r
514 468 702 516 „Quare
734 474 891 507 tamen
926 470 1056 507 tales
1092 468 1230 508 venti
1257 480 1379 511 ,vere
1416 475 1462 509 et
1496 481 1575 510 ae-

325 527 455 562 state
472 523 752 561 validiores
777 528 891 562 sunt
905 526 955 560 2“
982 523 1188 570 (levissimi
1204 523 1305 562 enim
1320 530 1449 563 cetera
1465 531 1576 573 parte

324 577 416 615 anni
442 587 570 625 neque
593 578 657 626 qui
677 579 806 615 velum
825 577 999 626 inpleant
1018 581 1217 626 sur-guno:
1255 579 1345 626 quia
1363 590 1433 618 ver
1451 591 1573 627 aquo-

324 631 405 669 sius
434 636 494 670 est
519 637 557 670 et
584 643 634 670 ex
663 632 837 680 pluribus
859 632 971 681 aquis
992 633 1170 680 locisque
1190 632 1240 670 ob
1260 633 1455 672 humidam
1476 634 1575 672 coeli

322 690 497 724 naturam
528 686 670 724 saturis
699 692 737 724 et
760 687 1067 727 redundantibus
1095 686 1219 725 maior
1246 689 1472 735 evaporatio
1501 693 1574 726 est.

284 742 306 775 2
321 741 398 785 „At
415 750 535 788 quare
556 745 704 779 aestate
724 741 1023 789 profunditur‘3“
1053 742 1145 790 quia
1164 745 1255 789 post
1274 752 1458 780 occasum
1478 743 1573 780 solis

320 798 497 832 remanet
524 794 687 833 diurnus
716 797 822 835 calor
849 800 887 834 et
910 806 1052 844 magna
1078 796 1203 834 noctis
1236 800 1346 844 parte
1378 797 1573 844 perdurat,

322 848 390 896 qui
418 854 556 887 evocat
581 850 764 888 exeuntia
791 861 838 888 ac
863 850 1133 889 vehementius
1155 851 1287 897 trahit,
1319 851 1504 899 quicquid
1524 861 1592 889 ex·

320 903 380 941 his
408 908 550 951 sponte
575 904 690 942 reddi
713 900 826 943 Solet.
863 905 1005 943 deinde
1025 916 1102 944 non
1122 909 1267 943 tantum
1287 905 1405 943 habet
1423 905 1573 952 virium,

318 961 362 995 ut
391 958 499 1006 quod
526 959 709 997 evocavit
735 959 924 997 absumat.
960 960 1010 997 ob
1043 960 1120 998 hoc
1153 959 1296 997 diutius
1325 961 1571 1007 corpuscula,

319 1022 502 1051 emanare
531 1013 644 1051 solita
672 1017 711 1052 et
736 1013 881 1060 efflari,
908 1019 1011 1052 terra
1037 1023 1087 1051 ex
1108 1023 1151 1052 se
1170 1019 1287 1062 atque
1307 1013 1446 1052 humor
1466 1014 1572 1052 emit-

282 1070 303 1103 3
321 1071 412 1104 tunt.
457 1067 566 1105 Facit
592 1073 722 1106 autem
749 1074 908 1106 ventum
933 1069 994 1106 sol
1021 1074 1128 1107 ortus
1157 1079 1235 1107 non
1265 1069 1394 1106 calore
1412 1073 1570 1115 tantum,

319 1121 391 1158 sed
411 1121 525 1159 etiam
553 1123 644 1160 ictu.
673 1123 740 1160 lux
760 1123 880 1169 enim,
909 1127 951 1161 ut
969 1122 1069 1169 dixi,
1100 1134 1200 1171 quae
1219 1124 1344 1161 solem
1365 1123 1570 1168 antecedit,

318 1176 491 1213 nondum
521 1178 613 1213 aera
639 1176 834 1222 calefacit,
866 1177 937 1214 sed
967 1177 1131 1224 percutit
1155 1182 1315 1215 tantum.
1354 1187 1570 1224 percussus

317 1233 443 1267 autem
471 1230 508 1266 in
535 1230 655 1276 latus,
695 1230 815 1277 cedit,
844 1240 1080 1278 quamquam
1109 1241 1182 1278 ego
1212 1241 1261 1268 ne
1287 1231 1381 1269 illud
1412 1231 1571 1279 quidem

317 1283 603 1330 concesserim,
634 1286 760 1322 lucem
789 1285 916 1331 ipsam
937 1285 1021 1323 sine
1045 1285 1174 1323 calore
1195 1295 1303 1331 esse,
1330 1295 1416 1323 cum
1437 1296 1486 1323 ex
1506 1295 1568 1322 ca—

279 1344 301 1377 4
317 1338 398 1375 lore
419 1337 487 1375 sit:
518 1348 596 1376 non
618 1337 736 1376 habet
755 1339 918 1377 forsitan
937 1343 1083 1377 tantum
1105 1340 1272 1386 teporis,
1304 1345 1486 1386 quantum
1512 1344 1567 1377 ta-

316 1395 380 1430 ctu
406 1392 614 1439 adpareat,
643 1403 743 1440 opus
766 1397 895 1430 tamen
917 1404 1029 1431 suum
1047 1393 1138 1431 facit
1156 1398 1193 1431 et
1213 1393 1337 1431 densa
1355 1393 1503 1432 diducit
1521 1404 1567 1431 ac

316 1450 459 1484 tenuat.
490 1452 695 1494 praeterea
715 1448 820 1493 loca,
843 1458 948 1495 *quae
971 1447 1103 1495 aliqua
1121 1447 1321 1495 iniquitate
1340 1452 1500 1486 naturae
1516 1448 1569 1486 ita

316 1502 451 1538 clausa
471 1506 578 1545 sunt,
607 1506 649 1539 ut
670 1503 794 1539 solem
812 1502 992 1549 accipere
1009 1512 1087 1539 non
1109 1502 1281 1550 possint,
1301 1502 1366 1539 illa
1381 1502 1568 1540 nebulosa

316 1565 475 1602 quoque
504 1560 541 1592 et
567 1556 666 1594 tristi
694 1557 781 1594 luce
809 1557 992 1595 calefiunt
1018 1561 1056 1594 et
1082 1567 1153 1604 per
1179 1556 1280 1594 diem
1301 1556 1426 1594 minus
1450 1566 1567 1604 quam

277 1610 495 1651 5noctibus
527 1611 665 1657 rigent.
719 1611 949 1649 Etiamnunc
982 1616 1120 1650 natura
1152 1611 1258 1649 calor
1289 1610 1414 1649 omnis
1448 1610 1567 1658 abigit

315 1663 477 1702 nebulas
506 1669 543 1702 et
573 1675 597 1701 a
625 1675 669 1702 se
695 1664 865 1712 repellit:
896 1675 990 1712 ergo
1011 1666 1071 1703 sol
1093 1675 1249 1713 quoque
1268 1665 1371 1702 idem
1390 1665 1498 1711 facit,
1528 1670 1568 1703 et

314 1718 423 1763 ideo,
466 1723 509 1756 ut
546 1720 841 1767 quibusdam
876 1720 1093 1765 videtur,
1138 1719 1249 1756 inde
1289 1719 1442 1757 flatus
1472 1724 1565 1771 est,

311 1783 371 1809 un
384 1772 441 1810 de
470 1773 557 1810 sol.

277 1837 295 1868 1
392 1827 437 1864 X.
475 1827 574 1865 Hoc
605 1828 783 1866 falsum
813 1838 904 1866 esse
930 1838 979 1866 ex
1007 1827 1054 1866 eo
1083 1828 1265 1876 adparet,
1296 1827 1403 1875 quod
1426 1831 1566 1867 natura

311 1882 350 1918 in
370 1891 524 1918 omnem
543 1886 692 1929 partem
712 1885 804 1920 aera
823 1882 929 1920 vehit
947 1887 986 1920 et
1005 1887 1140 1920 contra
1156 1888 1279 1921 ortum
1297 1881 1420 1929 plenis
1438 1881 1563 1919 ventis

312 1935 534 1982 navigatur,
565 1937 672 1984 quod
691 1947 769 1973 non
791 1938 980 1984 eveniret,
1010 1936 1044 1974 si
1064 1947 1220 1985 semper
1238 1942 1378 1974 ventus
1398 1936 1563 1974 serretur

311 2000 334 2027 a
361 1991 457 2027 sole.
512 1990 715 2028 Etesiae
745 2001 959 2039 quoque,
996 1991 1125 2039 quiin
1154 1994 1417 2039 argumentum
1438 1990 1561 2038 aqui-

312 2044 478 2082 busdam
499 2046 756 2089 advocantur,
787 2056 878 2082 non
909 2046 1052 2083 nimis
1082 2044 1394 2094 propositum
1423 2044 1562 2082 adiu-

274 2104 294 2136 2
311 2102 434 2135 vant.
469 2099 603 2137 Dicam
622 2099 799 2147 primum,
821 2100 915 2147 quid
936 2099 1011 2137 illis
1033 2101 1193 2147 placeat,
1219 2098 1372 2144 deinde,
1394 2108 1462 2137 our
1481 2097 1561 2137 dis·
1589 2128 1590 2131 ,

310 2153 454 2200 pliceat
479 2153 583 2190 mihi.
630 2153 830 2200 ‚,Etesiae,
859 2154 1056 2202 inquiunt,
1084 2154 1210 2192 hieme
1228 2163 1306 2190 non
1332 2159 1439 2200 sunt,
1469 2153 1560 2200 quia
1587 2164 1589 2175 ¹

309 2206 555 2245 brevissimis
584 2207 723 2246 diebus
751 2208 811 2245 sol
841 2208 1003 2255 desinit,
1040 2208 1267 2255 priusquam
1301 2207 1423 2254 frig-,us
1453 2206 1558 2244 evin-
1586 2213 1587 2222 ¹

1584 2250 1586 2266 l

312 2265 431 2302 catur.
475 2261 607 2310 itaque
635 2263 744 2301 nives
772 2266 810 2300 et
836 2267 1033 2311 ponuntur
1051 2266 1089 2301 et
1110 2262 1267 2304 durant:
1298 2267 1445 2301 aestate
1465 2261 1555 2300 inci·
1584 2276 1585 2298 ι
