1592 2580
347 151 413 190 DE
441 150 723 190 BENEFICIIS
750 151 846 190 LIB.
862 151 929 190 VI.
958 157 1086 191 2-4.
1273 150 1353 192 109

66 254 142 292 tuis
160 259 199 292 et
219 258 366 292 certam
380 251 451 291 tibi
466 262 604 291 earum
620 256 739 301 atque
755 251 1104 300 inexpugnabilem
1121 253 1352 301 possessio-

68 320 158 348 nem
178 319 275 358 para
292 308 547 347 honestiores
568 308 656 347 illas
677 318 758 347 non
779 308 930 355 solum,
954 308 1030 347 sed
1043 307 1212 347 tutiores
1228 308 1351 347 factu-

65 374 149 404 rus.
186 364 297 412 Istud
315 364 426 412 quod
442 363 639 413 suspicis,
661 374 742 412 quo
761 368 801 402 te
821 363 984 402 divitem
999 373 1047 402 ac
1063 368 1263 412 potentem
1283 375 1352 413 pu·
1368 369 1390 403 4

66 425 145 467 tas,
166 419 357 468 quamdiu
374 419 585 469 possides,
607 419 682 458 sub
695 419 860 459 nomine
874 419 1042 459 sordido
1057 419 1180 458 iacet:
1207 419 1352 459 domus

65 480 137 524 est,
153 485 298 514 servus
315 480 396 524 est,
421 475 570 515 nummi
587 480 693 514 sunt.
719 485 810 514 cum
826 475 997 522 donasti,
1017 475 1260 514 beneficium
1277 481 1352 514 est.

146 531 216 570 IV.
260 529 462 579 ,‚Fateris,
491 530 638 580 inquit,
668 542 744 571 nos
771 531 989 580 aliquando
1012 530 1253 569 beneficium
1272 542 1353 571 non
1372 536 1390 569 1

64 586 212 626 debere
233 587 290 635 ei,
317 597 341 624 a
363 597 442 636 quo
463 587 714 636 accepimus:
741 597 838 635 ergo
858 590 1039 635 ereptum
1058 589 1159 625 est.“
1196 586 1354 626 Multa

63 647 198 690 sunt,
235 648 450 691 propter
488 653 616 692 quae
648 642 956 691 beneficium
993 641 1181 686 debere
1215 643 1351 681 desi-

63 698 247 745 nimus,
278 709 375 737 non
396 699 514 747 quia
542 698 781 745 ablatum,
811 698 901 737 sed
922 698 1040 746 quia
1058 702 1353 747 corruptum

64 757 151 793 est.
199 753 360 803 Aliquis
386 764 499 793 reum
525 765 588 793 me
618 753 816 802 defendit,
845 753 920 792 sed
942 763 1111 793 uxorem
1130 764 1258 793 meam
1279 764 1354 804 per

62 809 142 848 vim
168 814 308 858 stupro
335 809 518 849 violavit:
549 821 629 849 non
657 810 820 849 abstulit
839 809 1099 857 beneficium,
1128 810 1204 848 sed
1223 820 1353 859 oppo-

63 865 197 904 nendo
216 866 270 904 illi
291 876 430 914 parem
448 866 631 905 iniuriam
650 866 770 905 solvit
785 875 850 905 me
870 864 1023 913 debito,
1051 869 1092 904 et
1110 865 1145 904 si
1165 865 1256 914 plus
1273 866 1354 904 lae-

64 921 115 959 sit
137 931 257 969 quam
285 925 376 959 ante
402 922 625 970 profuerat,
640 932 735 960 ..non
755 925 904 960 tantum
925 920 1054 970 gratia
1073 921 1351 970 exstinguitur,

0 1021 1 1029 ἵ
63 977 138 1015 sed
163 977 385 1016 ulciscendi
413 978 689 1026 querendique
717 976 882 1015 libertas
910 976 972 1024 fit,
1008 976 1078 1015 ubi
1096 977 1137 1015 in
1157 987 1353 1026 conpara-

0 1043 1 1054 2
61 1031 170 1071 tione
198 1032 383 1071 beneficii
410 1032 748 1082 praeponderavit
776 1031 940 1071 iniuria:
977 1031 1032 1071 ita
1066 1043 1148 1071 non
1176 1033 1354 1072 aufertur

0 1083 2 1091 ’
62 1087 323 1136 beneficium,
354 1088 429 1128 sed
446 1089 628 1128 vincitur.
676 1088 808 1136 Quid?
835 1098 916 1126 non
937 1091 1017 1131 tam
1032 1087 1121 1126 duri
1137 1088 1300 1136 quidam
1317 1093 1390 1128 etz

60 1148 139 1182 tarn
170 1143 354 1183 scelerati
377 1148 511 1193 patres
533 1148 644 1191 sunt,
677 1149 719 1183 ut
738 1144 829 1182 illos
849 1142 1029 1182 aversari
1052 1148 1092 1182 et
1111 1144 1269 1182 eiurare
1290 1143 1352 1182 ius

61 1199 206 1248 fasque
226 1200 304 1238 sit?
330 1200 524 1248 numquid
544 1210 642 1248 ergo
662 1199 717 1237 illi
735 1199 987 1238 abstulerunt
1008 1208 1114 1247 quae
1130 1198 1355 1238 dederant?

61 1255 241 1303 minime,
271 1255 346 1294 sed
372 1255 543 1304 inpietas
574 1255 827 1303 sequentium
851 1260 1077 1303 temporum
1097 1255 1352 1293 commenda-

60 1310 208 1350 tionem
231 1311 361 1350 omnis
380 1311 527 1360 prioris
548 1311 671 1350 officii
691 1311 863 1355 sustulit.
909 1310 998 1348 Non
1019 1310 1258 1350 beneficium
1278 1312 1352 1350 tol—

60 1366 164 1414 litur,
185 1367 260 1406 sed
277 1365 464 1405 beneficii
484 1367 628 1415 gratia,
650 1371 690 1404 et
709 1366 879 1405 efficitur
897 1376 979 1404 non
996 1376 1047 1404 ne
1066 1365 1256 1413 habeam,
1279 1368 1354 1406 sed

62 1432 113 1460 ne
143 1422 323 1460 debeam.
369 1423 588 1470 Tamquam
616 1422 827 1471 pecuniam
858 1421 1005 1470 aliquis
1041 1421 1136 1459 mihi
1170 1422 1352 1469 credidit,

62 1477 136 1516 sed
151 1477 313 1516 domum
329 1487 456 1516 meam
474 1477 661 1516 incendit.
683 1482 896 1526 pensatum
907 1482 969 1516 est
979 1477 1173 1516 creditum
1183 1477 1352 1516 damno:

63 1542 138 1571 nec
166 1533 326 1571 reddidi
354 1526 445 1579 illi,o
457 1542 533 1571 nec
556 1538 687 1572 tamen
710 1533 854 1572 debeo.
899 1532 1053 1571 Eodem
1076 1533 1198 1571 modo
1220 1538 1259 1572 et
1275 1532 1351 1579 hic,
1367 1540 1390 1572 3

0 1613 3 1616 v
63 1588 130 1636 qui
150 1587 302 1636 aliquid
321 1588 493 1636 benigne
512 1588 710 1628 adversus
729 1598 794 1626 me
813 1587 926 1635 fecit,
956 1587 1108 1636 aliquid
1124 1588 1350 1636 liberaliter,

63 1643 136 1682 sed
166 1649 310 1692 postea
332 1644 455 1682 multa
475 1643 670 1692 superbe,
700 1644 1008 1690 contumeliose,
1039 1643 1271 1692 crudeliter,
1302 1655 1351 1683 eo

63 1699 245 1738 locome
273 1699 427 1747 posuit,
455 1704 500 1738 ut
525 1699 696 1747 proinde
717 1699 830 1738 :liber
858 1700 1056 1738 adversus
1085 1710 1176 1738 eum
1205 1710 1350 1748 essem,

62 1765 109 1793 ac
131 1755 166 1793 si
186 1754 283 1793 nihil
303 1754 567 1803 accepissem.
602 1755 681 1793 vim
702 1754 910 1793 beneficiis
931 1754 1018 1794 suis
1038 1755 1190 1794 adtulit.
1238 1755 1352 1794 Colo-
1367 1761 1390 1794 4

62 1821 155 1849 num
184 1821 302 1849 suum
331 1821 413 1849 non
441 1815 550 1848 tenet
579 1810 763 1859 quamvis
788 1810 946 1849 tabellis
976 1810 1250 1858 manentibus,
1283 1813 1352 1860 qui

7 1886 10 1888 -
62 1871 239 1914 segetem
259 1866 347 1905 eius
370 1866 638 1914 proculcavit,
668 1865 736 1914 qui
755 1866 927 1905 succidit
943 1866 1128 1914 arbusta,
1156 1877 1240 1905 non
1258 1868 1353 1915 quia

60 1922 214 1969 recepit
233 1922 342 1971 quod
364 1923 591 1971 pepigerat,
614 1921 686 1960 sed
710 1922 804 1969 quia
820 1932 870 1961 ne
888 1923 1090 1971 reciperet
1107 1921 1252 1961 effecit.
1284 1923 1352 1961 Sic

62 1977 231 2016 debitori
259 1988 336 2016 suo
364 1987 384 2015 c
409 1978 538 2016 editor
567 1987 693 2025 saepe
720 1978 950 2026 damnatur,
978 1977 1047 2016 ubi
1076 1978 1167 2026 plus
1196 1988 1248 2016 ex
1275 1978 1352 2017 alia

62 2042 186 2071 causa
218 2033 378 2072 abstuli·
408 2044 527 2082 quam
556 2042 606 2071 ex
636 2032 775 2073 crediti
805 2034 912 2081 petit.
960 2032 1048 2072 Non
1077 2038 1228 2072 tantum
1250 2033 1387 2077 inter5

65 2088 302 2128 creditorem
321 2094 361 2127 et
380 2089 600 2127 debitorem
621 2088 743 2126 iudex
764 2089 879 2128 sedet
898 2088 967 2138 qui
982 2089 1106 2128 dicat:
1135 2089 1349 2137 pecuniam

63 2143 279 2182 credidisti.
313 2144 411 2193 quid
431 2148 556 2193 ergo?
584 2154 710 2192 pecus
732 2144 918 2192 abegisti,
951 2155 1113 2184 servum
1134 2144 1221 2184 eius
1242 2146 1346 2192 occi-

63 2198 172 2246 disti,
201 2206 405 2248 argentum
428 2201 538 2249 quod
559 2211 638 2238 non
657 2210 812 2238 emeras
836 2200 1041 2249 possides.
1073 2201 1347 2240 aestimatione

63 2254 166 2293 sacta
184 2255 340 2295 debitor
359 2255 525 2295 discede
541 2255 609 2304 qui
626 2255 800 2294 creditor
815 2266 1006 2295 veneras:
1035 2256 1136 2295 inter
1150 2256 1345 2296 beneficia

65 2318 224 2360 quoque
250 2315 290 2350 et
315 2310 481 2351 iniurias
501 2313 601 2351 ratio
623 2312 837 2352 confertur.
881 2311 1033 2361 Saepe,
1061 2312 1244 2362 inquam⁷
1274 2311 1343 2352 be·
1359 2318 1381 2352 6
