1624 2626
329 173 380 214 76
701 174 744 213 L.
773 174 962 214 ΑΝΝΑΕΙ
989 172 1212 214 SENECAE

290 282 312 315 3
330 272 490 321 quidem
525 272 723 321 expediat.
767 274 808 312 C.
836 273 980 311 Caesar
1005 273 1180 313 Pastoris
1215 274 1412 322 splendidi
1443 273 1586 323 equitis

326 327 492 365 Romani
518 327 640 366 filium
667 338 755 367 cum
782 328 822 366 in
849 327 1028 367 custodia
1053 328 1257 367 habuisset
1281 328 1479 368 munditiis
1501 330 1585 368 eius

327 386 365 419 et
385 380 613 421 cultioribus
643 382 793 430 capillis
823 381 1024 430 offensus,
1050 388 1214 430 rogante
1233 387 1342 431 patre
1361 387 1404 421 ut
1423 385 1587 422 salutem

328 435 403 473 sibi
432 435 501 474 filii
521 437 773 483 concederet,
804 435 919 483 quasi
945 436 996 473 de
1022 436 1218 484 supplicio
1246 436 1467 475 admonitus
1495 437 1587 476 duci

328 489 506 538 protinus
524 489 650 530 iussit.
688 501 738 528 ne
756 496 883 528 tamen
903 491 1033 528 omnia
1049 489 1261 528 inhumane
1282 492 1429 529 faceret
1447 492 1585 530 adver-

291 555 314 589 4
329 555 415 583 sum
434 549 603 593 patrem,
632 545 683 583 ad
702 555 867 583 coenam
886 544 992 583 illum
1012 555 1060 583 eo
1082 545 1145 583 die
1168 545 1355 583 invitavit.
1382 546 1500 584 Venit
1515 546 1586 584 Pa·

328 603 411 637 stor
428 600 538 638 voltu
556 599 650 637 nihil
670 599 945 647 exprobrante.
980 599 1204 647 propinavit
1230 599 1284 637 illi
1304 599 1448 638 Caesar
1468 599 1587 638 hemi-

328 664 418 691 nam
437 658 476 692 et
500 653 634 701 posuit
651 653 705 692 illi
725 653 943 692 custodem.
971 654 1200 702 perduravit
1218 653 1355 701 miser,
1377 665 1456 692 non
1476 655 1587 693 aliter

329 718 446 755 quam
472 708 505 745 si
532 708 601 745 filii
627 708 855 755 sanguinem
882 706 1045 747 biberet.
1087 712 1324 755 unguentum
1354 712 1392 746 et
1419 719 1588 747 coronas

325 761 431 800 misit
457 766 496 800 et
522 762 736 800 observare
762 762 878 801 iussit
902 772 953 800 an
979 767 1167 801 sumeret:
1195 763 1375 810 sumpsit.
1424 763 1482 802 Ee
1511 763 1588 808 die,

327 827 406 864 quo
436 815 558 854 filium
587 817 798 863 extulerat,
833 817 949 856 immo
979 827 1057 864 quo
1085 827 1163 855 non
1192 817 1401 863 extulerat,
1436 817 1591 855 iacebat-

326 870 495 909 conviva
524 871 764 909 centesimus
793 876 832 909 et
865 871 1050 919 potiones
1085 872 1151 909 vix
1176 871 1365 910 honestas
1395 872 1588 910 natalibus

326 925 537 963 liberorum
558 925 800 973 podagricus
821 935 945 964 senex
964 925 1187 971 hauriebat,
1218 936 1306 963 cum
1331 925 1483 964 interim
1509 937 1589 964 non

324 980 526 1017 lacrimam
544 978 681 1026 emisit,
702 990 780 1017 non
800 980 975 1018 dolorem
996 980 1128 1028 aliquo
1145 980 1257 1027 signo
1274 990 1480 1028 erumpere
1496 991 1588 1028 pas-

326 1043 397 1071 sus
417 1037 489 1071 est.
528 1033 709 1072 coenavit
734 1038 933 1082 tamquam
953 1044 1026 1082 pro
1054 1035 1134 1073 filio
1160 1039 1379 1072 exorasset.
1418 1035 1588 1082 quaeris,

291 1105 313 1136 5
330 1092 479 1136 quare?
507 1087 678 1125 habebat
696 1088 872 1126 alterum.
917 1088 1017 1134 Quid
1043 1089 1107 1127 ille
1132 1089 1336 1127 Priamus?
1364 1099 1443 1127 non
1472 1088 1587 1127 dissi-

325 1142 486 1180 mulavit
513 1143 608 1180 iram
641 1146 680 1180 et
706 1142 813 1190 reg1s
850 1152 978 1190 genua
1005 1144 1235 1190 complexus
1267 1148 1358 1181 est?
1391 1144 1588 1182 funestam

324 1197 608 1245 perfusamque
628 1207 769 1235 cruore
785 1196 854 1234 filii
872 1207 1029 1235 manum
1047 1198 1099 1235 ad
1119 1208 1165 1235 os
1186 1208 1301 1235 suum
1326 1198 1475 1244 retulit,
1496 1207 1586 1235 coe-

324 1251 456 1289 navit?
482 1251 555 1289 sed
580 1255 709 1289 tamen
736 1252 830 1289 sine·
847 1257 1067 1299 unguento,
1097 1251 1183 1290 sine
1210 1252 1387 1299 coronis,
1419 1256 1457 1290 et
1481 1253 1588 1290 illum

324 1306 450 1344 hostis
471 1304 730 1345 saevissimus
749 1306 880 1344 multis
901 1306 1070 1353 solatiis,
1090 1310 1132 1344 ut
1150 1306 1279 1344 cibum
1297 1310 1477 1354 caperet,
1497 1306 1587 1344 hor-

323 1365 428 1399 tatus
449 1363 530 1407 est,
558 1370 636 1398 non
659 1366 700 1399 ut
722 1360 867 1409 pocula
893 1360 1066 1408 ingentia
1085 1371 1207 1408 super
1227 1365 1345 1408 caput
1364 1359 1495 1408 posito
1520 1370 1587 1398 cu—

288 1425 310 1458 6
327 1415 442 1453 stode
462 1415 642 1453 siccaret.
680 1415 999 1462 Contempsisses
1018 1415 1236 1453 Romanum
1261 1420 1428 1463 patrem,
1459 1413 1494 1452 si
1513 1414 1589 1452 sibi

325 1469 538 1508 timuisset=
569 1479 673 1507 nunc
700 1469 798 1508 iram
828 1469 1061 1517 conpescuit
1083 1470 1220 1517 pietas.
1257 1470 1400 1516 dignus
1427 1468 1498 1506 fuit
1525 1469 1589 1507 cui

325 1524 565 1572 permitteret
584 1534 608 1562 a
628 1523 809 1563 convivio
830 1524 882 1562 ad
902 1532 998 1563 ossa
1016 1524 1084 1562 filii
1104 1524 1273 1572 legenda
1292 1523 1508 1561 discedere.
1536 1533 1588 1561 ne
1622 1542 1624 1577 2

323 1578 402 1617 hoc
438 1577 595 1627 quidem
627 1578 804 1626 permisit
829 1579 1023 1626 benignus
1059 1577 1211 1617 interim
1239 1583 1277 1617 et
1304 1578 1426 1616 comis
1453 1578 1587 1616 adule-
1622 1581 1624 1607 ῑ

327 1643 467 1671 scens:
495 1633 837 1682 propinationibus
859 1644 994 1672 senem
1015 1633 1184 1680 crebris,
1212 1637 1255 1671 ut
1275 1643 1369 1670 cura
1390 1632 1585 1676 leniretur,

324 1687 540 1726 admonens
556 1688 789 1726 lacessebat.
805 1692 941 1726 contra
955 1688 1019 1726 ille
1035 1698 1079 1726 se
1094 1689 1236 1726 laetum
1252 1692 1290 1725 et
1305 1687 1476 1733 oblitum,
1493 1687 1588 1734 quid
1614 1704 1615 1720 ÷

325 1753 373 1781 eo
395 1746 523 1780 actum
543 1747 652 1781 esset
671 1742 746 1789 die,
769 1743 970 1791 praestitit.
999 1741 1173 1780 Perierat
1190 1742 1286 1780 alter
1305 1741 1421 1789 filius,
1447 1741 1482 1779 si
1502 1751 1586 1778 car·
1612 1721 1620 1810 f

324 1796 430 1834 nifici
451 1797 618 1836 conviva
637 1808 714 1836 non
738 1799 965 1845 placuisset.
1614 1814 1617 1851 1

288 1852 303 1883 1
393 1851 574 1895 XXXIV.
610 1851 713 1899 Ergo
740 1852 798 1890 ira
828 1851 1103 1890 abstinendum
1126 1854 1206 1896 est,
1235 1850 1319 1888 sive
1344 1861 1415 1898 par
1434 1854 1494 1887 est
1520 1849 1587 1897 qui
1613 1854 1618 1888 l

324 1906 584 1944 lacessendus
618 1911 680 1944 est
706 1907 792 1945 sive
825 1908 1008 1955 superior
1039 1906 1125 1944 sive
1151 1905 1322 1942 inferior.
1367 1915 1455 1943 cum
1493 1913 1588 1952 pare
1608 1893 1618 1951 fi

325 1961 566 1999 contendere
599 1971 748 2009 anceps
776 1966 857 2008 est,
894 1972 981 2000 cum
1010 1959 1215 2008 superiore
1250 1959 1462 2006 furiosum,
1496 1968 1608 1999 cum

324 2014 509 2053 inferiore
541 2015 758 2054 sordidum.
818 2016 958 2064 pusillis
985 2014 1151 2053 hominis
1188 2018 1248 2052 est
1281 2019 1319 2052 et
1358 2013 1491 2052 miseri
1525 2023 1607 2050 ren

325 2073 460 2117 petere
488 2071 745 2109 mordentem.
792 2081 923 2109 mures
952 2069 1235 2116 formicamque,
1272 2067 1306 2106 si
1333 2078 1489 2107 manum
1517 2067 1605 2109 ad·-

324 2123 518 2171 moveris,
547 2136 616 2163 ora
642 2129 892 2170 convertunt,
928 2123 1124 2162 inbecillia
1151 2133 1196 2160 se
1221 2122 1324 2160 laedi
1356 2127 1511 2170 putant,
1550 2121 1601 2159 si'

288 2181 311 2216 2
325 2182 544 2225 tanguntur.
571 2179 704 2218 Faciet
718 2190 793 2218 nos
810 2180 996 2224 mitiores,
1017 2178 1051 2216 si
1067 2177 1382 2224 cogitaverimus,
1403 2176 1498 2224 quid
1516 2174 1585 2213 ali-

325 2232 484 2280 quando
511 2233 626 2271 nobis
655 2235 846 2281 profuerit
869 2234 934 2272 ille
959 2231 1022 2270 cui
1047 2232 1267 2280 irascimur,
1296 2236 1335 2269 et
1360 2230 1505 2268 meritis
1528 2230 1585 2268 of-

324 2287 438 2325 fensa
463 2287 688 2326 redimetur.
731 2288 831 2327 Illud
851 2296 1011 2337 quoque
1032 2290 1233 2334 occurrat,
1265 2290 1451 2334 quantum
1470 2284 1585 2324 nobis
