1624 2626
292 143 368 185 168
511 143 553 181 L.
584 141 771 181 ANNAEI
797 140 1023 180 SENECAE
1049 141 1179 180 DIAL.
1205 142 1307 180 VllI.

292 242 399 292 quod
419 241 647 288 ostenditur,
667 241 791 280 seire=
821 239 936 287 illud,
955 240 1101 289 inquit,
1121 245 1294 289 scrutor,
1319 242 1425 290 quod
1444 245 1549 282 ultra

291 296 616 342 mundumiacet,
649 299 828 334 utrumne
854 295 1051 342 profunda
1067 296 1232 334 vastitas
1259 297 1310 334 sit
1339 307 1387 334 an
1409 302 1447 335 et
1471 296 1549 335 hoc

291 352 422 400 ipsum
440 349 615 389 terminis
636 350 720 389 suis
741 349 933 387 cludatur.
970 350 1098 397 qualis
1117 349 1169 387 sit
1186 350 1341 389 habitus
1361 352 1550 398 exclusis,

292 405 475 445 informia
493 410 530 443 et
549 405 717 443 confusa
735 404 812 442 sint
830 413 879 441 an
900 402 940 441 in
967 414 1123 442 omnem
1143 409 1292 451 partem
1311 406 1550 443 tantumdem

293 459 372 499 loci
397 459 630 507 obtinentia,
662 469 710 496 an
744 462 783 496 et
813 457 879 496 illa
909 457 948 495 in
981 458 1152 506 aliquem
1181 459 1325 497 cultum
1352 459 1553 507 descripta
1614 448 1620 464 ‘

295 514 382 553 sint.
402 513 491 552 huic
510 513 745 552 cohaereant
763 512 928 560 mundo,
949 523 998 550 an
1018 513 1134 560 longe
1152 513 1201 550 ab
1220 513 1295 551 hoc
1316 514 1554 552 secesserint

295 574 334 607 et
351 567 391 607 in
412 576 536 607 vacuo
558 568 791 606 volutentur.
829 566 1029 605 individua
1048 567 1144 614 sint,
1172 577 1244 614 per
1272 578 1374 615 quae
1393 567 1554 606 struitur

296 633 411 662 omne
438 622 545 670 quod
571 627 702 660 natum
729 622 978 669 futurumque¹
1012 626 1089 669 est,
1125 631 1174 659 an
1201 622 1386 660 continua
1417 632 1554 660 eorum

294 676 456 716 materia
482 677 532 715 sit
557 682 597 716 et
622 687 692 724 per
713 681 832 715 totum
852 675 1058 714 mutabilis.
1093 680 1222 714 utrum
1243 676 1438 714 contraria
1456 677 1557 714 inter

297 742 342 770 se
360 732 551 770 elementa
569 731 664 777 sint,
695 741 745 769 an
773 741 851 769 non
875 735 1066 778 pugnent,
1094 730 1167 768 sed
1194 740 1265 777 per
1284 730 1442 768 diversa
1462 741 1554 768 con-

261 789 280 824 7
297 786 456 834 spirent.
492 785 557 824 Ad
575 785 674 823 haec
701 785 927 833 quaerenda
953 789 1089 831 natus,
1123 783 1304 831 aestima,
1340 795 1456 833 quam
1476 795 1555 822 non

296 841 457 879 multum
477 838 674 888 accep'erit
691 840 900 887 temporis,
929 838 1081 877 etiamsi
1107 838 1345 877 illudtotum
1372 839 1446 877 sibi
1472 839 1556 877 vin-

297 895 411 941 dicat,
433 894 494 932 cui
513 895 604 932 licet
621 894 714 932 nihil
734 893 915 932 facilitate
934 894 1043 941 eripi,
1064 893 1156 931 nihil
1173 894 1418 940 neglegentia
1434 893 1556 941 patia-

296 953 358 987 tur
376 948 578 995 excidere,
605 947 695 986 licet
711 948 831 986 horas
858 958 953 986 suas
973 947 1204 986 avarissime
1223 952 1355 986 servet
1372 953 1411 987 et
1428 958 1558 996 usque

298 1003 335 1041 in
357 1003 528 1042 ultimum
547 1002 684 1040 aetatis
704 1002 898 1040 humanae
921 1002 1127 1040 terminum
1146 1002 1337 1050 procedat
1356 1012 1430 1040 nec
1448 1001 1557 1050 quic-

300 1066 418 1105 quam
435 1056 489 1094 illi
507 1066 558 1093 ex
578 1066 639 1103 eo,
659 1056 767 1103 quod
785 1060 923 1093 natura
942 1056 1150 1102 constituit,
1172 1057 1328 1094 fortuna
1342 1057 1559 1095 concutiat:

299 1116 429 1150 tamen
455 1110 573 1149 homo
601 1111 652 1148 ad
675 1109 935 1149 inmortalium
955 1110 1218 1158 cognitionem
1237 1110 1352 1148 nimis
1384 1111 1559 1149 mortalis

263 1171 285 1205 8
299 1169 370 1203 est.
404 1165 508 1212 Ergo
530 1164 745 1203 secundum
760 1169 939 1202 vnaturam
956 1165 1069 1211 vivo,
1098 1165 1131 1202 si
1151 1169 1273 1202 totum
1302 1175 1364 1202 me
1382 1165 1435 1202 illi
1454 1165 1558 1211 dedi,

302 1219 337 1258 si
362 1212 465 1258 illius
496 1218 707 1258 admirator
725 1219 930 1266 cultorque
956 1229 1054 1256 sum.
1090 1223 1230 1256 natura
1257 1223 1387 1256 autem
1413 1223 1557 1257 utrum-

303 1285 381 1322 que
406 1274 538 1312 facere
564 1284 626 1311 me
644 1273 785 1318 voluit,
806 1277 856 1310 'et
877 1283 995 1320 agere
1014 1278 1052 1311 et
1070 1273 1387 1320 contemplationi
1401 1283 1559 1311 vacare.

300 1333 509 1376 utrumque
535 1328 657 1375 facio,
692 1327 876 1376 quoniam
903 1337 953 1365 ne
981 1327 1258 1375 contemplatio
1286 1327 1444 1375 quidem
1473 1326 1561 1366 sine

303 1383 456 1421 actione
476 1386 548 1421 est.
814 1389 815 1393 ¹

268 1447 288 1480 1
381 1437 448 1474 VI.
477 1435 585 1483 „Sed
603 1437 738 1482 refert,
765 1434 915 1485 inquis,
943 1446 991 1474 an
1013 1436 1062 1474 ad
1081 1435 1186 1474 illam
1203 1435 1416 1483 voluptatis
1438 1445 1562 1474 eausa

304 1491 517 1530 accesserit
537 1490 636 1528 nihil
663 1491 768 1529 aliud
787 1501 838 1528 ex
854 1490 919 1528 illa
938 1495 1080 1538 petens
1102 1501 1220 1538 quam
1239 1490 1447 1529 adsiduam
1466 1500 1560 1528 eon-

303 1546 594 1594 temptationem
622 1546 707 1583 sine
727 1545 846 1590 exitu.
881 1549 942 1583 est
961 1545 1063 1582 enim
1082 1544 1208 1583 duleis
1228 1549 1266 1583 et
1282 1544 1400 1583 habet
1417 1544 1561 1582 inlece-

302 1599 397 1638 bras
421 1604 555 1638 suas.“
590 1600 797 1638 Adversus
818 1599 894 1637 hoc
913 1599 981 1637 tibi
998 1600 1244 1647 respondeo:
1272 1600 1413 1647 Aeque
1430 1599 1560 1645 refert,

306 1666 384 1703 quo
405 1655 532 1692 animo
561 1654 714 1692 civilem
740 1664 837 1701 agas
864 1653 1004 1700 vitam,
1033 1664 1082 1691 an
1108 1664 1268 1701 semper
1286 1653 1484 1702 inquietus
1503 1653 1560 1690 sis

305 1719 378 1747 nec
403 1719 589 1757 umquam
617 1719 751 1746 sumas
776 1709 895 1746 ullum
919 1713 1094 1756 tempus,
1128 1717 1208 1756 quo
1236 1709 1285 1746 ab
1310 1708 1490 1746 humanis
1510 1707 1562 1745 ad

270 1763 291 1796 2
307 1764 437 1801 divina
461 1763 664 1811 respicias.
701 1763 908 1810 Quomodo
934 1773 999 1801 res
1027 1763 1214 1811 adpetere
1241 1763 1326 1802 sine
1344 1761 1561 1800 ullo‘virtu-

305 1823 386 1856 tum
411 1828 547 1856 amore
575 1822 614 1856 et
637 1817 723 1856 sine
751 1818 856 1856 cultu
881 1817 1026 1865 ingenii
1054 1828 1100 1855 ac
1127 1816 1254 1855 nudas
1278 1817 1396 1854 edere
1415 1826 1561 1864 operas

306 1871 461 1910 minime
482 1871 683 1920 probabile
711 1878 791 1920 est,
817 1872 975 1910 misceri
1002 1872 1103 1910 enim
1131 1873 1204 1910 ista
1230 1872 1329 1910 inter
1349 1881 1392 1909 se
1412 1877 1450 1909 et
1468 1880 1561 1908 con·

307 1927 386 1964 seri
405 1927 566 1965 debente
595 1926 653 1964 sic
679 1926 936 1974 inperfectum
963 1937 1010 1965 ac
1037 1926 1262 1974 languidum
1280 1926 1425 1964 bonum
1443 1925 1562 1962 estin

308 1981 426 2019 otium
445 1980 531 2018 sine
549 1986 639 2019 actu
658 1981 834 2029 proiecta
851 1980 995 2028 virtus,
1024 1990 1232 2027 numquam
1253 1980 1312 2025 id,
1337 1979 1444 2027 quod
1463 1978 1562 2016 didi-

271 2035 375 2081 3cit‚
403 2035 629 2073 ostendens.
668 2035 762 2082 Quis
789 2041 905 2083 negat
933 2036 1036 2073 illam
1063 2034 1207 2073 debere
1236 2034 1436 2081 profectus
1463 2042 1564 2071 suos

308 2089 346 2126 in
366 2099 486 2136 opere
506 2095 723 2137 temptare?
756 2100 829 2128 nec
849 2095 997 2129 tantum
1016 2090 1109 2138 quid
1129 2089 1349 2126 faciendum
1370 2088 1433 2135 sit,
1456 2087 1562 2134 cogi-

307 2147 410 2190 tare,
437 2144 509 2182 sed
533 2144 648 2182 etiam
676 2144 887 2193 aliquando
916 2154 1069 2182 manum
1097 2153 1282 2180 exercere
1301 2147 1339 2180 et
1363 2152 1429 2189 ea,
1459 2151 1563 2188 quae

307 2197 491 2235 meditata
517 2203 625 2245 sunt,
653 2199 705 2237 ad
734 2209 868 2237 verum
888 2198 1132 2247 perducere?
1169 2197 1267 2244 Quid
1290 2197 1323 2234 si
1346 2207 1414 2244 per
1432 2194 1562 2243 ipsum

310 2250 526 2300 sapientem
544 2263 622 2292 non
642 2259 703 2292 est
727 2264 856 2302 mora,
883 2254 918 2293 si
935 2263 1012 2292 non
1031 2256 1141 2291 actor
1160 2251 1288 2300 deest,
1317 2251 1390 2290 sed
1408 2250 1563 2299 agenda
