1624 2626
269 170 348 212 114
491 171 533 209 L.
561 171 751 209 ANNAEI
779 166 1003 209 SENECAE
1032 171 1162 212 DlAL.
1192 171 1257 209 VI.

269 270 483 309 amiserunt
517 269 621 308 filios
659 268 841 315 iuveneS,
875 273 1040 317 utraque
1077 280 1149 317 spe
1181 270 1298 308 futuri
1332 270 1519 318 principis

268 330 392 364 certa:
426 323 585 363 Octavia
603 323 848 370 Marcellum,
878 323 940 361 eui
966 328 1005 362 et
1030 325 1248 363 avunculus
1271 329 1309 363 et
1331 326 1446 364 succi*
1462 324 1518 362 iu-

268 380 451 418 cumbere
471 383 674 426 coeperat,
702 378 741 415 in
763 387 880 425 quem
900 387 1000 415 onus
1021 377 1172 426 imperii
1188 379 1399 424 reclinare,
1423 379 1518 417 adu—

266 435 477 472 lescentem
498 433 626 471 animo
646 433 833 478 alacrem,
854 430 1010 479 ingenio
1030 428 1247 480 potentem,
1271 433 1341 471 sed
1363 434 1518 480 frugali-

265 489 355 527 tatis
389 488 728 535 continentiaeque
757 487 795 524 in
828 485 902 524 illis
931 491 996 524 aut
1022 486 1134 525 annis
1166 491 1232 524 aut
1264 487 1407 535 opibus
1438 498 1518 526 non
1566 501 1569 503 ·

264 542 512 582 mediocriter
533 541 797 586 admirandae,
818 540 1029 588 patientem
1044 541 1233 587 laborum,
1255 541 1518 589 voluptatibus

266 598 453 644 alienum,
483 601 842 645 quantumcumque
868 594 1057 642 inponere
1083 595 1136 633 illi
1158 597 1375 634 avunculus
1395 601 1452 643 et,
1478 601 1521 634 ut

264 652 316 690 ita
343 652 488 698 dicam,
518 650 771 688 inaedificare
799 649 1006 696 voluisset,
1036 650 1214 688 laturum.
1250 651 1351 688 bene
1372 651 1520 698 legerat

227 706 358 744 4nulli
395 716 559 744 cessura
593 704 759 753 ponderi
799 703 1062 742 fundamenta.
1111 705 1264 742 Nullum
1296 705 1414 743 finem
1447 715 1520 752 per

264 770 380 799 omne
410 760 516 797 vitae
548 769 646 797 suae
678 762 833 806 tempus
870 757 991 796 flendi
1021 758 1284 807 gemendique
1318 759 1410 797 fecit
1443 769 1518 797 nec

264 816 363 852 ullas
385 814 541 852 admisit
565 823 688 852 voces
718 814 888 851 salutare
916 813 1063 860 aliquid
1089 813 1322 860 adferentis,
1348 823 1400 851 ne
1425 823 1518 851 avo-

263 868 343 906 cari
371 869 528 917 quidem
558 879 603 906 sc
630 877 753 915 passa
779 871 857 905 est:
887 866 1035 905 intenta
1059 867 1098 904 in
1125 878 1243 905 unam
1269 878 1352 906 rem
1379 872 1417 905 et
1435 872 1517 906 toto

263 922 392 961 animo
415 923 548 960 adfixa
567 922 654 960 talis
675 932 747 970 per
767 932 919 960 omnem
938 921 1055 960 vitam
1070 922 1150 970 fuit,
1171 922 1297 970 qualis
1314 921 1351 960 in
1369 922 1518 960 funere.

263 987 341 1016 non
370 976 459 1015 dico
488 987 566 1015 non
595 981 657 1014 est
688 986 787 1014 ausa
814 985 1072 1024 consurgere,
1107 977 1179 1014 sed
1207 977 1380 1015 adlevari
1405 987 1517 1014 recu-

263 1042 379 1078 sans,
420 1031 637 1069 secundam
675 1030 877 1068 orbitatem
917 1030 1096 1069 iudicans
1133 1031 1314 1069 lacrimas
1355 1031 1517 1076 mittere,

262 1087 407 1124 nullam
427 1085 574 1123 habere
588 1084 794 1132 imaginem
814 1084 882 1122 filii
903 1083 1094 1122 carissimi
1112 1085 1252 1133 voluit,
1281 1086 1425 1123 nullam
1444 1085 1519 1123 sibi

225 1141 246 1173 5
263 1140 313 1177 de
332 1140 397 1178 illo
414 1139 498 1177 fieri
514 1140 763 1178 mentionem.
791 1139 935 1177 Oderat
950 1149 1087 1177 omnes
1103 1145 1247 1178 matres
1264 1139 1355 1178 etin
1369 1139 1518 1177 Liviam

261 1194 430 1232 maxime
451 1194 620 1239 furebat,
651 1194 742 1242 quia
769 1193 975 1231 videbatur
994 1193 1042 1231 ad
1063 1193 1166 1231 illius
1186 1194 1307 1232 filium
1325 1194 1518 1231 transisse

262 1248 338 1286 sibi
365 1249 561 1297 promissa
588 1249 765 1286 felicitas.
801 1247 973 1286 tenebris
1004 1252 1043 1285 et
1072 1248 1273 1286 solitudini
1300 1247 1516 1286 familiaris—

262 1303 380 1350 sima,
413 1313 463 1341 ne
490 1303 540 1341 ad
573 1303 728 1341 fratrem
757 1302 916 1350 quidem
944 1301 1185 1349 respiciens,
1221 1303 1391 1340 carmina
1418 1304 1517 1340 cele-

260 1358 442 1396 brandae
452 1357 626 1396 Marcelli
644 1356 855 1395 memoriae
876 1357 1083 1405 conposita
1102 1357 1281 1405 aliosque
1300 1355 1517 1395 studiorum

261 1412 435 1450 honores
462 1411 596 1450 reiecit
622 1417 660 1450 et
692 1421 808 1450 aures
841 1422 936 1449 suas
968 1411 1160 1450 adversus
1188 1421 1303 1449 omne
1339 1410 1518 1449 solatium

263 1466 416 1505 clausit.
462 1477 485 1504 a
512 1466 766 1504 sollemnibus
794 1465 936 1504 officiis
965 1466 1129 1504 seducta
1155 1471 1194 1504 et
1220 1466 1348 1513 ipsam
1372 1465 1518 1513 magni-

262 1521 407 1558 tudinis
442 1522 637 1560 fraternae
664 1521 777 1558 nimis
804 1520 1143 1558 circumlucentem
1173 1521 1365 1558 fortunam
1395 1530 1519 1558 exosa

263 1576 413 1614 defodit
432 1586 476 1614 se
501 1580 540 1614 et
565 1575 725 1613 abdidit.
760 1574 1029 1613 adsidentibus
1049 1574 1202 1620 liberiS,
1231 1574 1441 1622 nepotibus
1460 1575 1517 1616 lu-

264 1630 427 1677 gubrem
453 1634 603 1668 vestem
624 1640 702 1667 non
725 1629 927 1677 deposuit,
955 1639 1034 1667 non
1064 1629 1149 1667 sine
1176 1627 1410 1667 contumelia
1437 1639 1517 1667 om-

265 1684 371 1722 nium
392 1695 566 1730 suorum,
589 1684 731 1732 quibus
752 1684 874 1722 salvis
895 1683 991 1722 orba
1010 1683 1087 1722 sibi
1103 1683 1323 1722 videbatur.

227 1745 246 1777 1
339 1739 403 1777 III.
432 1738 544 1777 Livia
571 1739 755 1776 amiserat
780 1739 902 1778 filium
920 1739 1110 1785 Drusum,
1138 1748 1319 1786 magnum
1349 1737 1517 1775 futurum

264 1793 503 1842 principem,
532 1793 607 1831 iam
628 1803 811 1840 magnum
832 1793 992 1831 ducemx
1018 1793 1229 1831 intraverat
1247 1792 1402 1840 penitus
1424 1791 1517 1829 Ger-

262 1849 430 1886 maniam
457 1853 495 1887 ct
529 1847 583 1886 ibi
619 1848 771 1896 signum
797 1847 963 1886 Romani
999 1848 1186 1893 fixerunt,
1219 1847 1286 1884 ubi
1319 1846 1383 1883 vix
1414 1847 1517 1884 ullos

265 1913 356 1941 csse
369 1903 570 1941 Romanos
586 1908 720 1941 notum
737 1907 830 1940 erat.
858 1902 895 1940 in
911 1902 1160 1949 expeditione
1176 1901 1403 1939 decesserat
1417 1899 1517 1948 ipsis

263 1957 370 1995 illum
397 1957 578 1996 hostibus
605 1967 765 2005 aegrum
800 1967 888 1995 curn
917 1956 1168 1994 veneratione
1195 1960 1234 1993 et
1259 1965 1359 2003 pace
1385 1960 1519 1993 mutua

264 2012 595 2059 prosequentibus
615 2022 689 2050 nec
717 2015 853 2059 optare
882 2011 989 2060 quod
1019 2010 1253 2058 expediebat
1271 2009 1516 2048 audentibus.

266 2066 480 2105 accedebat
498 2067 551 2105 ad
568 2066 670 2105 hanc
687 2071 870 2111 mortem,
901 2076 1020 2114 quam
1041 2065 1105 2103 ille
1124 2074 1196 2113 pro
1217 2064 1418 2113 republica
1436 2063 1516 2102 obi-
1605 2090 1617 2108 ς,

266 2123 369 2165 erat,
415 2120 552 2168 ingens
587 2121 732 2160 civium
763 2120 1130 2169 provinciarumque
1165 2124 1202 2158 et
1234 2119 1352 2158 totius
1384 2117 1518 2156 Italiae
1569 2134 1575 2137 ⁴
1607 2105 1616 2174 ξ

268 2174 525 2223 desiderium,
553 2186 626 2224 per
654 2186 770 2224 quam
791 2175 928 2214 effusis
955 2174 993 2213 in
1021 2173 1193 2212 officium
1213 2174 1377 2222 lugubre
1395 2172 1517 2210 muni-

269 2227 383 2277 cipiis
415 2229 663 2278 coloniisque
697 2239 827 2278 usque
859 2230 898 2268 in
929 2228 1066 2267 urbem
1099 2228 1259 2266 ductum
1292 2232 1375 2266 erat
1401 2227 1517 2265 funus

231 2287 253 2321 2
269 2283 461 2332 triumpho
479 2284 723 2324 simillimum.
742 2285 827 2323 Non
848 2284 1011 2323 licuerat*
1023 2283 1132 2321 matri
1148 2283 1281 2322 ultima
1299 2282 1366 2322 filii
1382 2283 1517 2320 oscula
