1598 2606
247 193 301 235 26
608 193 652 232 L.
681 192 869 231 ANNAEI
896 192 1118 232 SENECAE

249 292 394 342 inquit,
414 290 505 329 mihi
525 290 616 329 licet
635 290 786 328 dicere:
807 290 912 328 nolo.
950 289 1160 338 aliquando
1179 290 1410 328 beneficium
1425 300 1487 329 ac-

250 346 473 395 cipiendum
491 349 552 383 est
570 349 608 382 et
634 345 772 382 invit0=
803 344 869 382 dat
885 343 1075 393 tyrannus
1095 344 1262 382 crudelis
1283 350 1321 383 et
1338 345 1489 383 iracun—

250 403 345 449 dus,
365 400 431 448 qui
459 410 600 438 munus
634 409 748 436 suum
780 397 955 436 fastidire
983 403 1022 435 te
1048 398 1226 437 iniuriam
1253 399 1490 437 iudicaturus

250 461 322 496 est.
351 464 431 492 non
450 452 667 501 accipiam?
695 452 835 491 eodem
854 452 942 490 loco
962 453 1151 491 latronem
1174 463 1296 500 pone,
1316 453 1490 500 piratam,

250 519 384 557 regem
415 508 585 546 animum
615 507 777 545 latronis
807 516 853 543 ac
881 506 1030 554 piratae
1055 506 1272 545 habentem.
1320 507 1414 554 quid
1436 508 1490 544 fa-

210 566 230 600 7
252 564 378 602 ciam?
405 572 544 610 pamm
572 561 713 608 dignus
740 565 801 598 est
820 559 883 598 cui
909 560 1110 599 debeam.“
1157 561 1251 598 Cum
1274 561 1493 608 eligendum

251 619 353 664 dico,
376 617 438 669 cui
458 616 618 662 debeas,
641 615 719 652 vim
739 614 927 654 maiorem
945 619 984 652 et
1001 620 1141 657 metum
1157 614 1324 662 excipio,
1349 614 1491 662 quibus

251 672 434 711 adhibitis
450 672 589 710 electio
616 669 730 719 perit.
781 671 815 708 si
833 669 998 718 liberum
1018 673 1078 707 est
1101 668 1189 715 tibi,
1217 668 1250 706 si
1276 668 1421 706 arbitrii
1438 669 1494 706 tui

252 732 332 773 est,
360 731 489 764 utrum
508 725 608 763 velis
628 736 677 762 an
697 735 796 772 non,
824 724 864 762 id
884 723 990 771 apud
1014 727 1052 761 te
1070 723 1157 771 ipse
1179 723 1415 770 perpendes.
1452 722 1494 760 si

252 780 537 820 necessitas
573 779 709 818 tollit
736 778 1020 824 arbitrium,
1057 777 1192 815 scies
1228 781 1273 814 te
1302 787 1396 814 non
1423 786 1495 814 ac-

253 835 441 883 cipere,
463 833 549 871 sed
569 843 759 881 parere.
787 843 902 871 nemo
922 831 961 870 in
980 832 1020 870 id
1040 831 1269 879 accipiendo
1292 829 1493 877 obligatur,

255 890 362 938 quod
382 887 436 926 illi
453 888 663 935 repudiare
682 898 758 926 non
781 887 900 925 licuit.
951 886 984 924 si
1002 885 1061 924 vis
1081 885 1183 924 scire
1210 895 1259 922 an
1277 884 1412 931 velim,
1440 885 1495 922 es-

212 948 237 983 8
255 945 329 982 fiee
348 948 390 981 ut
409 942 560 990 possim
579 943 695 980 nolle.
737 941 890 989 „Vitam
908 944 1036 978 tamen
1062 940 1130 978 tibi
1150 939 1294 978 dedit.“
1331 949 1410 976 non
1434 949 1496 977 re-

255 999 329 1036 fert
349 997 442 1044 quid
461 996 512 1034 sit
530 996 637 1043 quod
657 996 789 1043 datur,
817 995 894 1033 nisi
913 1005 937 1032 a
953 995 1110 1033 volente
1129 994 1276 1032 volenti
1301 993 1425 1031 datur.
1462 993 1496 1031 si

255 1051 421 1091 servasti
440 1061 521 1096 me,
551 1061 631 1087 non
649 1050 739 1088 ideo
761 1055 940 1087 servator
959 1059 1015 1087 es.
1057 1049 1264 1086 Venenum
1285 1047 1494 1096 aliquando

254 1116 328 1154 pro
361 1104 535 1142 remedio
570 1103 660 1149 fuit,
697 1113 776 1141 non
807 1103 896 1141 ideo
932 1107 1155 1141 numeratur
1187 1103 1287 1140 inter
1314 1102 1497 1141 salubria.

255 1159 454 1207 Quaedam
481 1162 646 1205 prosunt
674 1167 747 1194 nec
778 1157 970 1203 obligant:
1015 1157 1129 1195 tuber
1159 1156 1317 1204 quidam
1343 1156 1496 1205 tyranni

256 1213 385 1262 gladio
407 1212 558 1259 divisit,
580 1212 646 1259 qui
665 1211 716 1248 ad
736 1211 996 1249 occidendum
1011 1221 1100 1248 eum
1113 1215 1291 1248 venerat:
1313 1220 1392 1247 non
1407 1211 1496 1248 ideo

255 1268 310 1306 iili
328 1272 518 1316 tyrannus
547 1265 692 1312 gratias
721 1265 818 1313 egit,
850 1265 957 1312 quod
983 1275 1086 1312 rem,
1117 1275 1235 1312 quam
1260 1264 1498 1302 medicorum

257 1331 394 1360 manus
414 1319 784 1366 reformidaverant‚
814 1319 994 1357 nocendo
1015 1318 1178 1358 sanavit.

222 1385 241 1417 1
337 1375 436 1412 XIX.
463 1372 589 1411 Vides
609 1384 688 1411 non
707 1383 798 1412 esse
816 1383 999 1421 magnum
1019 1372 1057 1410 in
1076 1372 1165 1421 ipsa
1184 1383 1228 1412 re
1251 1377 1498 1420 momentum,

259 1429 445 1479 quoniam
463 1438 542 1466 non
570 1428 724 1466 videtur
744 1426 904 1465 dedisse
925 1427 1177 1474 beneficium,
1205 1426 1273 1475 qui
1297 1428 1399 1466 malo
1418 1427 1498 1465 ani-

257 1494 322 1522 mo
342 1482 502 1531 profuit.x
546 1491 663 1520 casus
683 1481 786 1520 enim
805 1481 1038 1520 beneficium
1057 1485 1136 1529 est,
1164 1481 1332 1520 hominis
1347 1481 1498 1520 iniuria.

257 1538 431 1576 Leonem
458 1537 496 1574 in
524 1536 806 1584 amphitheatro
834 1535 1118 1584 spectavimus,
1149 1536 1214 1583 qui
1240 1545 1360 1574 unum
1383 1545 1407 1574 e
1430 1535 1498 1573 be-

260 1592 402 1630 stiariis
417 1589 602 1638 agnitum,
623 1601 711 1628 curn
730 1590 929 1638 quondam
945 1590 1029 1628 eius
1044 1589 1184 1628 suisset
1196 1589 1392 1637 magister,
1409 1599 1498 1637 pro-

258 1646 355 1685 texit
377 1645 425 1683 ab
445 1645 578 1692 inpetu
597 1644 829 1683 bestiarum:
849 1655 941 1682 num
958 1654 1051 1691 ergo
1068 1649 1128 1683 est
1141 1644 1373 1683 beneficium
1393 1645 1499 1682 serae

260 1699 475 1738 auxilium?
518 1699 696 1746 minime,
726 1698 819 1746 quia
846 1709 921 1736 nee
946 1697 1227 1737 voluit'facere
1249 1709 1321 1736 nec
1341 1698 1497 1736 benefa-

219 1763 241 1796 2
261 1754 388 1792 ciendi
408 1753 537 1791 animo
558 1753 661 1791 fecit.
692 1753 776 1800 Quo
796 1753 884 1791 loco
905 1753 1028 1790 feram
1048 1753 1182 1800 posui,
1207 1758 1414 1802 tyrannum
1427 1762 1497 1800 po-

259 1819 321 1847 ne.
350 1812 389 1846 et
410 1807 472 1845 hic
491 1807 607 1845 vitam
628 1807 735 1845 dedit
755 1811 793 1844 et
811 1807 894 1854 illa,
914 1817 988 1845 nec
1009 1806 1072 1844 hic
1088 1817 1160 1845 nec
1175 1806 1239 1844 illa
1252 1805 1497 1845 beneficium.

261 1863 358 1910 Quia
375 1873 454 1900 non
476 1865 538 1900 est
565 1861 798 1899 beneficium
825 1861 1007 1908 accipere
1037 1860 1144 1909 cogi,
1171 1871 1250 1899 non
1275 1865 1335 1899 est
1351 1859 1497 1898 benefi-

260 1917 362 1954 cium
380 1916 525 1955 debere
544 1916 606 1954 cui
628 1916 743 1954 nolis.
780 1915 882 1954 Ante
909 1915 981 1954 dcs
1010 1919 1165 1963 oportet
1189 1914 1280 1952 mihi
1301 1914 1499 1952 arbitrium

259 1971 355 2016 mei,
384 1970 527 2008 deinde
544 1969 789 2007 beneficium.

223 2034 240 2065 l
335 2024 416 2062 XX.
437 2024 634 2071 Disputari
653 2024 703 2061 de
716 2023 767 2061 Μ.
789 2023 908 2062 Bruto
928 2024 1039 2070 solet,
1056 2033 1105 2061 an
1125 2021 1301 2061 debuerit
1318 2021 1497 2069 accipere

263 2088 287 2115 a
323 2079 413 2116 divo
445 2078 543 2117 Iulio
579 2077 720 2125 vitam,
766 2088 855 2116 cum
891 2077 1146 2116 occidendum
1179 2086 1265 2114 eum
1296 2075 1497 2114 iudicaret.

222 2140 243 2173 2
264 2131 385 2178 Quam
399 2132 634 2170 rationemin
651 2131 867 2170 occidendo
885 2136 1043 2180 secutus
1059 2129 1222 2177 sit,alias
1237 2130 1496 2168 tractabimus.

262 2185 354 2222 mihi
375 2186 494 2232 enini,
527 2196 614 2224 cum
633 2187 694 2224 vir
712 2196 877 2233 magnus
898 2186 1067 2224 fueritin
1085 2183 1190 2230 aliis,
1219 2182 1258 2221 in
1277 2183 1350 2221 hac
1370 2194 1414 2221 re
1439 2184 1497 2221 vi-

264 2239 376 2276 detur
405 2239 653 2279 vehementer
685 2250 840 2278 errasse
865 2250 937 2278 nec
967 2249 1016 2277 ex
1034 2237 1270 2277 institutione
1298 2237 1428 2276 Stoica
1452 2247 1498 2275 se

265 2291 416 2341 egisse:
441 2294 600 2342 quiaut
624 2294 729 2343 regis
755 2304 898 2334 nomen
919 2292 1112 2341 extimuit,
1139 2302 1227 2331 cum
1249 2292 1417 2342 optimus
1444 2291 1497 2330 ci-
