1592 2580
247 154 432 194 NATUR.
460 153 670 203 QUAEST.
700 154 796 193 LIB.
816 153 902 192 VII.
933 158 1103 196 13—17.
1233 151 1313 194 307

36 258 183 297 bellum
203 261 380 296 cometes
401 255 550 295 effulsit
572 266 650 295 non
671 254 800 295 minor
821 256 918 294 sole.
958 255 1086 304 primo
1105 254 1246 304 igneus
1265 266 1313 294 ac

37 313 282 353 rubicundus
303 312 413 351 orbis
434 311 506 350 suit
527 311 758 361 clarumque
783 312 912 350 lumen
934 311 1133 359 emittens,
1165 315 1312 360 quanto

37 368 213 408 vinceret
247 372 418 408 noctem.
463 367 609 406 deinde
642 367 828 416 paulatim
862 366 1092 415 magnitudo
1125 367 1211 405 eius
1245 367 1311 406 ad-

37 423 173 464 stricta
200 428 262 462 εει
288 429 327 462 ει
353 424 514 462 evanuit
532 423 705 462 claritas.
738 421 958 462 novissime
977 428 1107 462 autem
1128 428 1236 462 totus
1255 422 1313 462 in-

36 479 204 518 tercidit.
251 479 355 527 Quot
383 489 480 527 ergo
501 477 610 517 coire
630 480 766 518 stellas
789 483 964 527 oportet,
992 483 1036 517 ut
1053 483 1203 517 tantum
1226 489 1313 518 cor-

36 546 114 584 pus
142 534 342 573 efficiant?
370 534 475 573 mille
501 533 540 572 in
569 545 690 573 unum
716 535 808 573 licet
826 532 1068 583 congreges,
1098 545 1314 583 numquam

35 590 142 629 hunc
163 590 338 629 habitum
360 591 459 629 solis
478 590 720 638 aequabunt.
763 591 894 630 Attalo
917 594 1107 638 regnante
1125 590 1234 629 initio
1249 601 1315 630 co·
1329 593 1350 626 2

35 650 161 684 metes
182 646 365 684 modicus
385 645 581 694 adparuit.
612 645 758 684 deinde
778 645 938 686 sustulit
956 656 1002 684 se
1017 645 1254 695 diffuditque
1276 651 1315 685 et

36 711 169 750 usque
190 702 230 739 in
251 701 583 750 aequinoctialem
604 701 794 740 circulum
814 702 940 750 venit,
969 701 1025 740 ita
1043 706 1086 741 ut
1102 701 1209 740 illam
1230 703 1313 750 pla-

35 768 127 806 gam
157 757 278 803 coeli,
309 756 373 795 cui
401 758 528 795 lactea
554 767 699 796 nomen
721 762 801 804 εει,
828 757 866 796 ἰη
888 757 1109 796 inmensum
1130 761 1314 796 extentus

36 817 241 862 aequaret.
289 811 394 860 Quot
413 823 508 861 ergo
530 813 770 853 convenisse
786 812 934 851 debent
948 813 1157 860 erraticae,
1178 818 1313 852 uttam

37 869 199 917 longum
219 868 320 906 coeli
340 872 508 907 tractum
527 873 772 916 occuparent
789 868 881 916 igne
901 867 1118 907 continuo?

117 923 221 962 XVI.
265 923 450 962 Contra
483 928 826 972 argumentum
857 923 1045 962 dictum
1072 927 1166 971 est,
1196 928 1349 962 con—l

36 985 112 1018 tra
138 983 301 1017 testes
328 978 593 1018 dicendum
623 984 712 1018 εει.
745 989 819 1018 nec
847 989 991 1028 magna
1017 979 1220 1018 molitione
1247 979 1314 1017 de-

36 1034 230 1075 trahenda
258 1039 322 1073 est
348 1034 564 1074 auctoritas
584 1033 765 1083 Ephoro:
795 1034 1008 1074 historicus
1028 1039 1101 1073 est.
1149 1033 1316 1082 Quidam

36 1089 326 1129 incredibilium
351 1090 479 1129 relatu
498 1091 882 1130 commendationem
903 1095 1046 1140 parant
1063 1094 1103 1128 et
1128 1090 1316 1128 lectorem

36 1145 144 1184 aliud
169 1150 366 1192 acturum,
397 1145 431 1183 si
462 1156 533 1194 per
562 1146 762 1185 cotidiana
787 1145 1011 1193 duceretur,
1036 1145 1226 1184 miraculo
1247 1155 1315 1183 ex·

36 1201 167 1240 citant.
197 1201 359 1248 quidam
375 1201 544 1248 creduli,
567 1200 728 1250 quidam
745 1202 1003 1250 neglegentes
1018 1206 1123 1240 sunt.
1153 1200 1314 1250 quibus-

36 1256 128 1295 dam
147 1256 398 1294 mendacium
419 1256 595 1304 obrepit,
619 1256 861 1305 quibusdam
884 1258 1031 1306 placet:
1061 1256 1115 1295 illi
1135 1266 1214 1295 non
1235 1256 1315 1295 evi·

35 1316 137 1359 tant,
177 1311 217 1349 hi
251 1312 458 1360 adpetunt.
512 1312 621 1350 Haec
649 1312 686 1350 in
716 1322 927 1351 commune
957 1312 1008 1351 de
1036 1317 1117 1351 tota
1145 1311 1350 1360 natione,2

37 1377 141 1416 quae
169 1366 386 1415 adprobari
413 1378 517 1416 opus
546 1378 661 1406 suum
690 1373 729 1406 et
754 1368 839 1406 fieri
868 1368 1063 1416 populare
1095 1378 1173 1407 non
1203 1372 1317 1417 putet

36 1432 174 1471 posse,
198 1421 274 1460 nisi
290 1422 388 1461 illud
403 1423 612 1461 mendacio
629 1423 893 1471 adsperserit:
921 1422 1108 1472 Ephorus
1125 1433 1221 1462 vero
1235 1434 1313 1462 non

36 1483 100 1516 εει
125 1476 455 1525 religiosissimae
476 1477 590 1516 fidei:
619 1487 743 1527 saepe
763 1477 971 1526 decipitur,
1002 1488 1127 1527 saepe
1146 1478 1313 1528 decipit:

36 1533 139 1571 sicut
164 1531 230 1571 hic
258 1528 556 1582 cometen,'qui
584 1534 757 1572 omnium
784 1534 1006 1573 mortalium
1028 1534 1155 1573 oculis
1183 1539 1310 1573 custo·

38 1588 144 1626 ditus
165 1593 245 1634 est,
277 1588 370 1637 quia
398 1589 567 1637 ingentis
588 1589 645 1627 rei
668 1587 788 1628 traxit
806 1594 1010 1636 eventum,
1041 1600 1130 1629 cum
1150 1589 1313 1629 Helicen

38 1648 77 1682 ει
102 1643 224 1682 Burin
254 1648 341 1682 ortu
363 1654 437 1683 suo
461 1644 659 1692 merserit,
689 1643 743 1683 ait
762 1645 870 1683 illum
891 1645 1134 1684 discessisse
1153 1645 1192 1684 in
1212 1645 1314 1684 duas

38 1699 194 1746 stellas,
223 1699 331 1748 quod
354 1705 512 1748 praeter
530 1699 638 1739 illum
659 1710 776 1739 nemo
793 1700 963 1740 tradidit.
994 1700 1084 1750 quis
1099 1701 1202 1740 enim
1221 1712 1314 1750 pos·
1328 1707 1350 1741 3

39 1759 100 1793 set
119 1754 338 1792 observare
357 1755 451 1793 illud
472 1760 714 1794 momentum
727 1785 737 1803 ,
759 1766 838 1804 quo
860 1761 1036 1796 cometes
1052 1758 1206 1796 solutus
1221 1762 1261 1796 ει
1274 1757 1313 1795 in

39 1809 141 1847 duas
171 1815 305 1858 partes
334 1810 522 1849 redactus
551 1816 637 1850 est?
671 1811 874 1859 quomodo
902 1817 1050 1858 autem,
1077 1812 1111 1851 si
1135 1818 1215 1861 εει,
1247 1813 1315 1861 qui

37 1864 182 1904 viderit
209 1871 388 1904 cometen
418 1865 456 1904 in
485 1866 587 1905 duas
614 1865 763 1913 dirimi,
789 1877 906 1906 nemo
928 1868 1023 1906 vidit
1041 1866 1128 1906 fieri
1147 1879 1198 1906 ex
1217 1868 1313 1907 dua-

38 1921 141 1959 bas?
169 1930 294 1969 quare
313 1925 444 1960 autem
464 1931 543 1960 non
560 1921 724 1969 adiecit,
754 1922 792 1960 in
810 1933 911 1970 quas
927 1923 1063 1962 stellas
1079 1923 1233 1964 divisus
1250 1923 1312 1973 sit,

39 1986 128 2014 cum
149 1975 283 2024 aliqua
301 1986 353 2014 ex
374 1977 551 2026 quinque
571 1977 695 2015 stellis
716 1988 810 2016 csse
829 1978 1036 2017 debuerit?

119 2031 242 2069 XVII.
284 2032 594 2080 Apollonius
620 2032 855 2083 Myndius
892 2034 939 2072 in
968 2034 1174 2074 diversa
1203 2033 1346 2084 opi-1

42 2086 188 2125 nione
216 2091 312 2126 est:
342 2087 397 2126 ait
422 2088 526 2126 enim
546 2092 725 2127 cometen
746 2099 825 2127 non
846 2100 969 2128 unum
986 2100 1038 2128 ex
1056 2090 1188 2130 multis
1207 2101 1313 2130 erra·

40 2139 129 2180 ticis
148 2141 274 2189 effici,
305 2143 378 2181 sed
402 2143 548 2182 multos
564 2148 740 2182 cometas
756 2145 946 2184 erraticos
961 2155 1067 2184 esse.
1112 2145 1224 2193 „Non
1239 2153 1310 2194 est,

42 2196 186 2245 inquit,
212 2198 372 2246 species
392 2198 495 2238 falsa
514 2208 589 2238 nec
608 2199 774 2238 duarum
796 2201 997 2240 stellarum
1017 2201 1189 2242 confinio
1209 2203 1311 2250 ignis

42 2255 244 2300 extentus,
273 2254 347 2292 sed
377 2254 580 2302 proprium
607 2253 721 2293 sidus
749 2261 923 2295 cometes
944 2261 1006 2295 est
1025 2257 1128 2297 sicut
1146 2257 1244 2297 solis
1265 2269 1310 2296 ac

43 2306 170 2346 lunae.
224 2308 329 2348 Talis
356 2309 411 2349 illi
439 2310 565 2349 forma
593 2314 672 2359 est,
708 2322 785 2350 non
814 2311 851 2350 in
882 2313 1093 2352 rotundum
1120 2313 1307 2355 restricta,

1022 2369 1096 2408 20*
