1624 2626
310 174 362 217 78
689 174 733 212 L.
761 171 950 212 ΑΝΝΑΕῙ
979 172 1203 212 SENECAE

313 276 441 313 animo
457 273 742 312 inhorrescunt.
772 276 992 311 tumescunt
1007 282 1145 310 venae.
1176 272 1418 310 concutietur
1434 272 1572 312 crebro

314 330 453 377 spiritu
474 333 632 375 pectus,
658 327 797 365 rabida
817 326 928 364 vocis
952 327 1103 374 eruptio
1125 327 1226 364 colla
1246 326 1454 364 distendet.
1492 332 1575 365 tum

315 388 421 421 artus
441 382 603 430 trepidi,
629 382 827 430 inquietae
847 391 998 426 manus,
1022 381 1141 418 totius
1162 381 1339 427 corporis
1360 380 1575 419 fluctuatio.

277 442 301 475 4
317 438 476 485 Qualem
495 438 598 475 intus
619 442 734 484 putas
754 446 844 473 esse
865 435 1054 480 animum,
1080 435 1192 471 cuius
1218 439 1328 472 extra
1349 435 1478 482 imago
1498 439 1576 473 tam

316 493 433 530 foeda
459 496 546 529 est?
578 496 720 539 quanto
748 490 800 527 illi
826 490 925 526 intra
950 493 1088 536 pectus
1116 488 1324 526 terribilior
1349 489 1478 526 voltus
1505 493 1577 536 est,

316 547 443 584 acrior
463 546 643 593 spiritus,
664 545 845 582 intentior
865 544 1041 591 inpetus,
1063 548 1248 590 rupturus
1269 553 1314 580 se
1333 542 1410 580 nisi
1437 553 1577 590 erupe-

280 603 301 635 5
317 600 377 638 rit.
423 600 566 647 Quales
593 603 685 638 sunt
709 599 880 636 hostiurn
906 598 967 635 vel
991 598 1159 635 ferarum
1191 597 1314 634 caede
1340 597 1578 635 madentium

317 658 386 693 aut
405 655 455 692 ad
476 655 637 692 caedem
658 653 829 691 euntium
850 652 1084 699 adspectus,
1114 651 1244 699 qualia
1262 656 1404 699 poetae
1428 651 1579 688 inferna

317 713 494 747 monstra
520 709 718 746 finxerunt
742 707 947 745 subcincta
974 706 1225 753 serpentibus
1258 710 1295 743 et
1325 706 1440 753 igneo
1471 705 1578 752 flatu,

320 764 457 811 quales
483 764 533 800 ad
558 763 662 800 bella
690 762 897 799 excitanda
921 761 1238 808 discordiamque
1265 759 1303 797 in
1327 761 1495 807 populos
1521 759 1577 797 di-

318 818 529 855 videndam
559 826 776 864 pacemque
803 816 1052 853 lacerandam
1071 815 1291 854 teterrimae
1318 814 1482 852 inserum
1511 824 1578 851 ex-

319 877 430 909 eunt:
451 873 566 909 talem
587 871 702 909 nobis
723 871 818 909 iram
842 871 1078 917 figuremus,
1100 869 1256 907 flamma
1279 868 1424 907 lumina
1441 868 1579 906 arden-

317 926 390 973 tia,
420 926 534 964 sibilo
566 925 795 973 mugituque
823 929 861 962 et
887 919 1032 972 g'emitu
1060 929 1097 962 et
1117 923 1284 962 stridore
1304 928 1342 961 et
1362 923 1395 961 si
1418 933 1497 971 qua
1518 922 1580 961 his

319 981 484 1019 invisior
502 991 582 1018 vox
601 985 679 1026 est,
709 983 1018 1027 perstrepentem
1032 1008 1041 1025 ,
1068 980 1145 1016 tela
1162 988 1280 1015 manu
1299 982 1464 1025 utraque
1484 987 1579 1026 qua—

319 1036 499 1082 tientem,
540 1045 669 1081 neque
703 1035 804 1071 enim
836 1033 889 1071 illi
923 1043 967 1070 se
1000 1038 1133 1080 tegere
1168 1042 1285 1070 curae
1317 1037 1397 1078 est,
1431 1037 1582 1070 torvam

322 1094 603 1137 cruentamque
631 1094 669 1126 et
696 1088 964 1125 cicatricosam
992 1091 1031 1124 et
1049 1086 1279 1125 verberibus
1306 1086 1390 1124 suis
1411 1085 1581 1132 lividam,

322 1144 504 1182 incessus
535 1143 690 1188 vesani,
721 1143 901 1180 obfusam
928 1142 1046 1179 multa
1072 1141 1254 1188 caligine,
1279 1141 1582 1185 incursitantem‚

320 1202 541 1236 vastantem
563 1199 842 1244 fugantemque
864 1201 902 1234 et
927 1196 1096 1234 omnium
1120 1196 1211 1233 odio
1235 1194 1496 1241 laborantem,
1521 1194 1582 1232 sui

322 1252 512 1297 maxime,
536 1253 569 1290 si
593 1253 702 1290 aliter
725 1260 867 1289 nocere
890 1261 966 1288 non
994 1250 1138 1297 possit,
1160 1255 1307 1296 terras,
1332 1249 1472 1297 maria,
1493 1258 1581 1287 coe-

285 1312 308 1346 6
324 1308 400 1345 lum
423 1317 538 1345 ruere
563 1307 803 1354 cupientem,
826 1305 1006 1343 infestam
1039 1305 1181 1352 pariter
1207 1304 1463 1353 invisamque.
1506 1304 1581 1349 vel,

324 1363 359 1400 si
385 1361 556 1406 videtur,
586 1361 636 1399 sit
663 1360 789 1408 qualis
813 1360 917 1406 apud
942 1364 1052 1397 vates
1076 1362 1234 1396 nostros
1259 1362 1319 1396 est

431 1418 681 1463 sanquineum
707 1417 879 1462 quatiens
906 1415 1046 1452 dextra
1073 1413 1235 1451 Bellona
1258 1414 1474 1460 flagellum,

431 1475 498 1509 aut
525 1472 643 1508 scissa
665 1471 842 1517 qaudens
867 1469 973 1506 vadit
995 1469 1197 1506 Discordia
1219 1469 1352 1515 palla,

325 1531 393 1564 aut
427 1526 462 1563 si
497 1535 575 1573 qua
607 1523 736 1571 magis
772 1524 856 1561 dira
893 1523 1014 1561 facies
1052 1522 1265 1570 excogitari
1303 1521 1375 1559 diri
1406 1520 1583 1559 adfectus

328 1584 468 1629 potest.
789 1588 791 1590 ·

292 1643 310 1675 1
409 1633 582 1671 XXXVI.
616 1661 638 1679 ‚,
652 1632 908 1679 Quibusdam,
937 1635 981 1669 ut
1007 1631 1061 1669 ait
1091 1629 1273 1677 Sextius,
1304 1630 1410 1668 iratis
1440 1630 1586 1677 profuit

329 1687 567 1737 adspexisse
605 1688 819 1735 speculum.
878 1685 1114 1734 perturbavit
1159 1684 1247 1723 illos
1286 1689 1391 1723 tanta
1425 1684 1584 1722 mutatio

328 1744 404 1781 sui.
451 1744 559 1780 velut
587 1741 625 1779 in
652 1752 735 1779 rem
764 1745 1010 1789 praesentem
1046 1738 1207 1777 adducti
1235 1750 1313 1777 non
1341 1743 1587 1786 agnoverunt

329 1801 428 1835 se“·=
458 1802 496 1835 et
525 1796 751 1844 quantulum
781 1805 831 1833 ex
859 1805 954 1832 vera
979 1794 1221 1832 deformitate
1250 1793 1377 1841 imago
1405 1793 1471 1831 illa
1496 1803 1585 1840 spe·

291 1852 418 1890 2culo
445 1861 685 1899 repercussa
717 1849 937 1887 reddebat?
977 1849 1143 1887 Animus
1173 1848 1206 1886 si
1235 1848 1388 1886 ostendi
1417 1852 1455 1885 et
1484 1848 1519 1885 si
1547 1848 1586 1885 in

330 1907 410 1944 ulla
431 1906 590 1944 materia
613 1905 816 1952 perlucere
842 1909 998 1952 posset,
1028 1902 1210 1941 intuentis
1233 1913 1307 1940 nos
1332 1902 1588 1940 confunderet

332 1966 413 1998 ater
441 1960 747 2006 maculosusque
781 1964 819 1996 et
847 1963 1031 1996 aestuans
1060 1962 1098 1995 et
1127 1957 1313 1995 distortus
1342 1960 1379 1994 et
1402 1955 1587 1995 tumidus.

331 2025 436 2052 nunc
467 2024 628 2063 quoque
651 2018 756 2051 tanta
779 2013 1004 2051 deformitas
1027 2012 1196 2050 eius-est
1220 2021 1289 2058 per
1314 2021 1409 2049 ossa
1431 2020 1586 2049 carnes-

333 2079 411 2116 que
433 2073 471 2106 et
497 2074 554 2107 tot
580 2068 857 2116 impedimenta
885 2066 1100 2106 effluentis:
1127 2065 1222 2113 quid
1245 2065 1278 2103 si
1302 2066 1433 2103 nudus
1458 2068 1588 2103 osten-

295 2124 516 2162 3deretur2
559 2123 728 2171 Speculo
768 2122 923 2171 quidem
961 2119 1152 2159 nemi-nem
1187 2120 1410 2158 deterritum
1446 2119 1495 2157 ab
1531 2119 1589 2156 ira

336 2178 483 2215 credis:
514 2177 607 2225 quid
629 2181 752 2225 ergo?
781 2176 848 2225 qui
873 2177 924 2215 ad
945 2175 1148 2224 speculum
1169 2179 1346 2221 venerat,
1376 2179 1418 2212 ut
1440 2183 1484 2211 se
1505 2183 1587 2210 mu-

334 2236 451 2277 taret,
481 2231 557 2269 iam
584 2236 811 2270 mutaverat.
841 2231 953 2269 Iratis
981 2229 1136 2277 quidem
1166 2230 1271 2266 nulla
1298 2233 1359 2267 est
1380 2227 1589 2266 formosior

335 2286 490 2334 effigies
522 2296 638 2334 quam
664 2291 778 2326 atrox
806 2290 844 2325 et
863 2282 1022 2324 horrida
1046 2284 1263 2332 qualesque
1285 2293 1376 2322 esse
1397 2283 1511 2321 etiam
1534 2282 1588 2319 vi·
1614 2293 1618 2298 ’
