<?xml version="1.0" encoding="UTF-8"?>
<!DOCTYPE html PUBLIC "-//W3C//DTD XHTML 1.0 Transitional//EN"
    "http://www.w3.org/TR/xhtml1/DTD/xhtml1-transitional.dtd">
<html xmlns="http://www.w3.org/1999/xhtml" xml:lang="en" lang="en">
 <head>
  <title>
</title>
<meta http-equiv="Content-Type" content="text/html;charset=utf-8" />
  <meta name='ocr-system' content='tesseract 3.04.00' />
  <meta name='ocr-capabilities' content='ocr_page ocr_carea ocr_par ocr_line ocrx_word'/>
</head>
<body>
  <div class='ocr_page' id='page_1' title='image "./operaquaesupersu01seneuoft_0027.png"; bbox 0 0 1624 2626; ppageno 0'>
   <div class='ocr_carea' id='block_1_1' title="bbox 208 176 1380 243">
    <p class='ocr_par' dir='ltr' id='par_1_1' title="bbox 208 176 1380 243">
     <span class='ocr_line' id='line_1_1' title="bbox 208 176 1380 243; baseline -0.004 0"><span class='ocrx_word' id='word_1_1' title='bbox 208 202 464 243; x_wconf 75' lang='lat' dir='ltr'>AcclnANT</span> <span class='ocrx_word' id='word_1_2' title='bbox 486 201 592 242; x_wconf 82' lang='lat' dir='ltr'>CUM</span> <span class='ocrx_word' id='word_1_3' title='bbox 615 199 961 240; x_wconf 77' lang='lat' dir='ltr'>PROV1DENT1A</span> <span class='ocrx_word' id='word_1_4' title='bbox 987 198 1076 238; x_wconf 80' lang='lat' dir='ltr'>srr.</span> <span class='ocrx_word' id='word_1_5' title='bbox 1097 176 1174 237; x_wconf 65' lang='lat' dir='ltr'>iv.</span> <span class='ocrx_word' id='word_1_6' title='bbox 1202 199 1254 236; x_wconf 87' lang='lat' dir='ltr'>v.</span> <span class='ocrx_word' id='word_1_7' title='bbox 1329 198 1380 238; x_wconf 83' lang='lat'>13</span> 
     </span>
    </p>
   </div>
   <div class='ocr_carea' id='block_1_2' title="bbox 83 301 1383 525">
    <p class='ocr_par' dir='ltr' id='par_1_2' title="bbox 83 301 1383 525">
     <span class='ocr_line' id='line_1_2' title="bbox 85 301 1380 353; baseline -0.005 -6"><span class='ocrx_word' id='word_1_8' title='bbox 85 317 177 347; x_wconf 89' lang='lat' dir='ltr'>num</span> <span class='ocrx_word' id='word_1_9' title='bbox 199 305 396 346; x_wconf 84' lang='lat' dir='ltr'>debilitari</span> <span class='ocrx_word' id='word_1_10' title='bbox 425 309 493 344; x_wconf 86' lang='lat' dir='ltr'>aut</span> <span class='ocrx_word' id='word_1_11' title='bbox 518 304 744 353; x_wconf 72' lang='lat' dir='ltr'>constringi</span> <span class='ocrx_word' id='word_1_12' title='bbox 759 307 829 342; x_wconf 81' lang='lat' dir='ltr'>aut</span> <span class='ocrx_word' id='word_1_13' title='bbox 846 301 1035 351; x_wconf 79' lang='lat' dir='ltr'>adligari,</span> <span class='ocrx_word' id='word_1_14' title='bbox 1058 303 1187 342; x_wconf 77' lang='lat' dir='ltr'>malos</span> <span class='ocrx_word' id='word_1_15' title='bbox 1215 302 1380 350; x_wconf 77' lang='lat' dir='ltr'>integris</span> 
     </span>
     <span class='ocr_line' id='line_1_3' title="bbox 84 358 1383 413; baseline -0.007 -9"><span class='ocrx_word' id='word_1_16' title='bbox 84 362 326 413; x_wconf 85' lang='lat' dir='ltr'>corporibus</span> <span class='ocrx_word' id='word_1_17' title='bbox 353 362 509 401; x_wconf 87' lang='lat' dir='ltr'>solutos</span> <span class='ocrx_word' id='word_1_18' title='bbox 531 370 578 399; x_wconf 83' lang='lat' dir='ltr'>ae</span> <span class='ocrx_word' id='word_1_19' title='bbox 606 360 802 399; x_wconf 82' lang='lat' dir='ltr'>delicatos</span> <span class='ocrx_word' id='word_1_20' title='bbox 830 359 1060 398; x_wconf 84' lang='lat' dir='ltr'>incedere.“</span> <span class='ocrx_word' id='word_1_21' title='bbox 1100 358 1205 407; x_wconf 81' lang='lat' dir='ltr'>Quid</span> <span class='ocrx_word' id='word_1_22' title='bbox 1230 362 1383 408; x_wconf 71' lang='lat' dir='ltr'>porro?</span> 
     </span>
     <span class='ocr_line' id='line_1_4' title="bbox 83 414 1381 470; baseline -0.005 -11"><span class='ocrx_word' id='word_1_23' title='bbox 83 431 164 470; x_wconf 87' lang='lat' dir='ltr'>non</span> <span class='ocrx_word' id='word_1_24' title='bbox 193 423 256 458; x_wconf 88' lang='lat' dir='ltr'>est</span> <span class='ocrx_word' id='word_1_25' title='bbox 284 418 464 467; x_wconf 86' lang='lat' dir='ltr'>iniquum</span> <span class='ocrx_word' id='word_1_26' title='bbox 493 417 620 456; x_wconf 85' lang='lat' dir='ltr'>fortes</span> <span class='ocrx_word' id='word_1_27' title='bbox 645 416 757 455; x_wconf 84' lang='lat' dir='ltr'>viros</span> <span class='ocrx_word' id='word_1_28' title='bbox 784 419 896 455; x_wconf 81' lang='lat' dir='ltr'>arma</span> <span class='ocrx_word' id='word_1_29' title='bbox 923 422 1089 455; x_wconf 80' lang='lat' dir='ltr'>sumere·</span> <span class='ocrx_word' id='word_1_30' title='bbox 1110 419 1150 455; x_wconf 91' lang='lat' dir='ltr'>et</span> <span class='ocrx_word' id='word_1_31' title='bbox 1175 414 1215 454; x_wconf 89' lang='lat' dir='ltr'>in</span> <span class='ocrx_word' id='word_1_32' title='bbox 1237 414 1381 454; x_wconf 82' lang='lat' dir='ltr'>castris</span> 
     </span>
     <span class='ocr_line' id='line_1_5' title="bbox 83 470 1382 525; baseline -0.005 -11"><span class='ocrx_word' id='word_1_33' title='bbox 83 479 324 525; x_wconf 82' lang='lat' dir='ltr'>pernoctare</span> <span class='ocrx_word' id='word_1_34' title='bbox 343 479 382 513; x_wconf 92' lang='lat' dir='ltr'>et</span> <span class='ocrx_word' id='word_1_35' title='bbox 401 474 598 523; x_wconf 81' lang='lat' dir='ltr'>pro-valio</span> <span class='ocrx_word' id='word_1_36' title='bbox 616 472 801 521; x_wconf 68' lang='lat' dir='ltr'>obligatis</span> <span class='ocrx_word' id='word_1_37' title='bbox 821 476 931 511; x_wconf 85' lang='lat' dir='ltr'>stare</span> <span class='ocrx_word' id='word_1_38' title='bbox 948 470 1205 517; x_wconf 89' lang='lat' dir='ltr'>volneribus,</span> <span class='ocrx_word' id='word_1_39' title='bbox 1226 470 1382 512; x_wconf 81' lang='lat' dir='ltr'><strong>interim</strong></span> 
     </span>
    </p>
   </div>
   <div class='ocr_carea' id='block_1_3' title="bbox 24 527 1385 578">
    <p class='ocr_par' dir='ltr' id='par_1_3' title="bbox 24 527 1385 578">
     <span class='ocr_line' id='line_1_6' title="bbox 24 527 1385 578; baseline -0.004 -8"><span class='ocrx_word' id='word_1_40' title='bbox 24 536 29 539; x_wconf 75' lang='grc'><strong>“</strong></span> <span class='ocrx_word' id='word_1_41' title='bbox 83 532 122 570; x_wconf 88' lang='lat' dir='ltr'>in</span> <span class='ocrx_word' id='word_1_42' title='bbox 144 531 244 570; x_wconf 90' lang='lat' dir='ltr'>urbe</span> <span class='ocrx_word' id='word_1_43' title='bbox 263 540 432 570; x_wconf 88' lang='lat' dir='ltr'>securos</span> <span class='ocrx_word' id='word_1_44' title='bbox 452 539 547 569; x_wconf 87' lang='lat' dir='ltr'>esse</span> <span class='ocrx_word' id='word_1_45' title='bbox 565 529 777 578; x_wconf 82' lang='lat' dir='ltr'>praecisos</span> <span class='ocrx_word' id='word_1_46' title='bbox 790 532 833 568; x_wconf 85' lang='lat' dir='ltr'>et</span> <span class='ocrx_word' id='word_1_47' title='bbox 851 528 1064 577; x_wconf 80' lang='lat' dir='ltr'>professos</span> <span class='ocrx_word' id='word_1_48' title='bbox 1080 527 1385 576; x_wconf 66' lang='lat' dir='ltr'>inpudicitiam?</span> 
     </span>
    </p>
   </div>
   <div class='ocr_carea' id='block_1_4' title="bbox 84 582 1435 2429">
    <p class='ocr_par' dir='ltr' id='par_1_4' title="bbox 84 582 1435 2429">
     <span class='ocr_line' id='line_1_7' title="bbox 85 582 1383 637; baseline -0.004 -11"><span class='ocrx_word' id='word_1_49' title='bbox 85 588 183 637; x_wconf 87' lang='lat' dir='ltr'>quid</span> <span class='ocrx_word' id='word_1_50' title='bbox 218 591 367 636; x_wconf 70' lang='lat' dir='ltr'>porro?</span> <span class='ocrx_word' id='word_1_51' title='bbox 399 597 480 626; x_wconf 90' lang='lat' dir='ltr'>non</span> <span class='ocrx_word' id='word_1_52' title='bbox 512 590 578 624; x_wconf 86' lang='lat' dir='ltr'>est</span> <span class='ocrx_word' id='word_1_53' title='bbox 607 585 791 633; x_wconf 87' lang='lat' dir='ltr'>iniquum</span> <span class='ocrx_word' id='word_1_54' title='bbox 814 584 1090 623; x_wconf 29' lang='lat' dir='ltr'>*nobilissimas</span> <span class='ocrx_word' id='word_1_55' title='bbox 1120 583 1299 632; x_wconf 85' lang='lat' dir='ltr'>virgines</span> <span class='ocrx_word' id='word_1_56' title='bbox 1330 582 1383 621; x_wconf 80' lang='lat' dir='ltr'>ad</span> 
     </span>
     <span class='ocr_line' id='line_1_8' title="bbox 85 639 1383 689; baseline -0.003 -7"><span class='ocrx_word' id='word_1_57' title='bbox 85 654 202 682; x_wconf 84' lang='lat' dir='ltr'>sacra</span> <span class='ocrx_word' id='word_1_58' title='bbox 230 642 419 681; x_wconf 74' lang='lat' dir='ltr'>facienda·</span> <span class='ocrx_word' id='word_1_59' title='bbox 441 641 627 681; x_wconf 88' lang='lat' dir='ltr'>noctibus</span> <span class='ocrx_word' id='word_1_60' title='bbox 656 640 842 689; x_wconf 84' lang='lat' dir='ltr'>excitari,</span> <span class='ocrx_word' id='word_1_61' title='bbox 870 641 1066 679; x_wconf 86' lang='lat' dir='ltr'>altissimo</span> <span class='ocrx_word' id='word_1_62' title='bbox 1088 650 1231 679; x_wconf 88' lang='lat' dir='ltr'>somno</span> <span class='ocrx_word' id='word_1_63' title='bbox 1252 639 1383 688; x_wconf 89' lang='lat' dir='ltr'>inqui-</span> 
     </span>
     <span class='ocr_line' id='line_1_9' title="bbox 85 696 1421 747; baseline -0.003 -9"><span class='ocrx_word' id='word_1_64' title='bbox 85 704 200 738; x_wconf 83' lang='lat' dir='ltr'>natas</span> <span class='ocrx_word' id='word_1_65' title='bbox 221 698 326 738; x_wconf 68' lang='lat' dir='ltr'>frui?</span> <span class='ocrx_word' id='word_1_66' title='bbox 350 698 486 738; x_wconf 83' lang='lat' dir='ltr'>Labor</span> <span class='ocrx_word' id='word_1_67' title='bbox 506 698 680 747; x_wconf 85' lang='lat' dir='ltr'>optimos</span> <span class='ocrx_word' id='word_1_68' title='bbox 702 697 813 736; x_wconf 83' lang='lat' dir='ltr'>citat:</span> <span class='ocrx_word' id='word_1_69' title='bbox 842 701 1007 736; x_wconf 85' lang='lat' dir='ltr'>senatus</span> <span class='ocrx_word' id='word_1_70' title='bbox 1036 706 1110 746; x_wconf 89' lang='lat' dir='ltr'>per</span> <span class='ocrx_word' id='word_1_71' title='bbox 1130 700 1258 735; x_wconf 89' lang='lat' dir='ltr'>totum</span> <span class='ocrx_word' id='word_1_72' title='bbox 1279 696 1384 734; x_wconf 89' lang='lat' dir='ltr'>diem</span> <span class='ocrx_word' id='word_1_73' title='bbox 1399 700 1421 734; x_wconf 70' lang='lat'><strong>4</strong></span> 
     </span>
     <span class='ocr_line' id='line_1_10' title="bbox 87 753 1386 804; baseline -0.004 -10"><span class='ocrx_word' id='word_1_74' title='bbox 87 765 211 804; x_wconf 82' lang='lat' dir='ltr'>saepe</span> <span class='ocrx_word' id='word_1_75' title='bbox 229 755 470 803; x_wconf 77' lang='lat' dir='ltr'>consulitur,</span> <span class='ocrx_word' id='word_1_76' title='bbox 493 764 584 792; x_wconf 86' lang='lat' dir='ltr'>cum</span> <span class='ocrx_word' id='word_1_77' title='bbox 602 753 670 792; x_wconf 84' lang='lat' dir='ltr'>illo</span> <span class='ocrx_word' id='word_1_78' title='bbox 686 757 868 802; x_wconf 87' lang='lat' dir='ltr'>tempore</span> <span class='ocrx_word' id='word_1_79' title='bbox 885 753 1104 792; x_wconf 87' lang='lat' dir='ltr'>vilissimus</span> <span class='ocrx_word' id='word_1_80' title='bbox 1122 753 1298 802; x_wconf 89' lang='lat' dir='ltr'>quisque</span> <span class='ocrx_word' id='word_1_81' title='bbox 1317 756 1386 790; x_wconf 80' lang='lat' dir='ltr'>aut</span> 
     </span>
     <span class='ocr_line' id='line_1_11' title="bbox 85 808 1386 860; baseline -0.003 -10"><span class='ocrx_word' id='word_1_82' title='bbox 85 811 125 850; x_wconf 90' lang='lat' dir='ltr'>in</span> <span class='ocrx_word' id='word_1_83' title='bbox 154 821 298 860; x_wconf 78' lang='lat' dir='ltr'>campo</span> <span class='ocrx_word' id='word_1_84' title='bbox 330 810 452 850; x_wconf 88' lang='lat' dir='ltr'>otium</span> <span class='ocrx_word' id='word_1_85' title='bbox 481 820 599 848; x_wconf 88' lang='lat' dir='ltr'>suum</span> <span class='ocrx_word' id='word_1_86' title='bbox 626 808 799 848; x_wconf 83' lang='lat' dir='ltr'>oblectet</span> <span class='ocrx_word' id='word_1_87' title='bbox 824 814 892 848; x_wconf 83' lang='lat' dir='ltr'>aut</span> <span class='ocrx_word' id='word_1_88' title='bbox 919 809 1142 858; x_wconf 79' lang='lat' dir='ltr'>inpopina</span> <span class='ocrx_word' id='word_1_89' title='bbox 1169 810 1292 848; x_wconf 83' lang='lat' dir='ltr'>lateat</span> <span class='ocrx_word' id='word_1_90' title='bbox 1317 813 1386 846; x_wconf 79' lang='lat' dir='ltr'>aut</span> 
     </span>
     <span class='ocr_line' id='line_1_12' title="bbox 84 865 1384 916; baseline -0.002 -11"><span class='ocrx_word' id='word_1_91' title='bbox 84 872 244 916; x_wconf 83' lang='lat' dir='ltr'>tempus</span> <span class='ocrx_word' id='word_1_92' title='bbox 272 865 313 905; x_wconf 87' lang='lat' dir='ltr'>in</span> <span class='ocrx_word' id='word_1_93' title='bbox 340 867 478 915; x_wconf 80' lang='lat' dir='ltr'>aliquo</span> <span class='ocrx_word' id='word_1_94' title='bbox 506 865 656 904; x_wconf 83' lang='lat' dir='ltr'>circulo</span> <span class='ocrx_word' id='word_1_95' title='bbox 683 870 797 904; x_wconf 83' lang='lat' dir='ltr'>terat.</span> <span class='ocrx_word' id='word_1_96' title='bbox 841 865 948 903; x_wconf 90' lang='lat' dir='ltr'>idem</span> <span class='ocrx_word' id='word_1_97' title='bbox 977 865 1017 903; x_wconf 90' lang='lat' dir='ltr'>in</span> <span class='ocrx_word' id='word_1_98' title='bbox 1045 865 1122 904; x_wconf 81' lang='lat' dir='ltr'>hac</span> <span class='ocrx_word' id='word_1_99' title='bbox 1149 875 1297 913; x_wconf 81' lang='lat' dir='ltr'>magna</span> <span class='ocrx_word' id='word_1_100' title='bbox 1322 874 1384 902; x_wconf 89' lang='lat' dir='ltr'>re-</span> 
     </span>
     <span class='ocr_line' id='line_1_13' title="bbox 87 920 1387 971; baseline -0.002 -10"><span class='ocrx_word' id='word_1_101' title='bbox 87 923 248 971; x_wconf 84' lang='lat' dir='ltr'>publica</span> <span class='ocrx_word' id='word_1_102' title='bbox 274 922 339 961; x_wconf 83' lang='lat' dir='ltr'>fit:</span> <span class='ocrx_word' id='word_1_103' title='bbox 367 920 464 961; x_wconf 88' lang='lat' dir='ltr'>boni</span> <span class='ocrx_word' id='word_1_104' title='bbox 486 921 560 959; x_wconf 76' lang='lat' dir='ltr'>viri</span> <span class='ocrx_word' id='word_1_105' title='bbox 587 921 1073 970; x_wconf 57' lang='lat' dir='ltr'>laborant‚&#39;impendunt‚</span> <span class='ocrx_word' id='word_1_106' title='bbox 1100 921 1387 969; x_wconf 87' lang='lat' dir='ltr'>impenduntur</span> 
     </span>
     <span class='ocr_line' id='line_1_14' title="bbox 89 975 1384 1026; baseline -0.002 -10"><span class='ocrx_word' id='word_1_107' title='bbox 89 984 135 1016; x_wconf 90' lang='lat' dir='ltr'>et</span> <span class='ocrx_word' id='word_1_108' title='bbox 167 978 406 1017; x_wconf 80' lang='lat' dir='ltr'>volentes</span> <span class='ocrx_word' id='word_1_109' title='bbox 442 975 663 1026; x_wconf 85' lang='lat' dir='ltr'>quidem,</span> <span class='ocrx_word' id='word_1_110' title='bbox 698 987 779 1016; x_wconf 88' lang='lat' dir='ltr'>non</span> <span class='ocrx_word' id='word_1_111' title='bbox 815 976 1022 1016; x_wconf 81' lang='lat' dir='ltr'>trahuntur</span> <span class='ocrx_word' id='word_1_112' title='bbox 1054 988 1079 1015; x_wconf 84' lang='lat' dir='ltr'>a</span> <span class='ocrx_word' id='word_1_113' title='bbox 1106 977 1286 1024; x_wconf 81' lang='lat' dir='ltr'>fortuna,</span> <span class='ocrx_word' id='word_1_114' title='bbox 1322 986 1384 1014; x_wconf 89' lang='lat' dir='ltr'>se-</span> 
     </span>
     <span class='ocr_line' id='line_1_15' title="bbox 89 1032 1384 1083; baseline -0.002 -11"><span class='ocrx_word' id='word_1_115' title='bbox 89 1038 262 1083; x_wconf 85' lang='lat' dir='ltr'>quuntur</span> <span class='ocrx_word' id='word_1_116' title='bbox 287 1033 394 1072; x_wconf 81' lang='lat' dir='ltr'>illam</span> <span class='ocrx_word' id='word_1_117' title='bbox 416 1037 454 1070; x_wconf 90' lang='lat' dir='ltr'>et</span> <span class='ocrx_word' id='word_1_118' title='bbox 474 1036 650 1080; x_wconf 80' lang='lat' dir='ltr'>aequant</span> <span class='ocrx_word' id='word_1_119' title='bbox 668 1032 831 1080; x_wconf 79' lang='lat' dir='ltr'>gradus,</span> <span class='ocrx_word' id='word_1_120' title='bbox 862 1033 896 1070; x_wconf 89' lang='lat' dir='ltr'>si</span> <span class='ocrx_word' id='word_1_121' title='bbox 924 1032 1118 1081; x_wconf 82' lang='lat' dir='ltr'>scissent,</span> <span class='ocrx_word' id='word_1_122' title='bbox 1141 1032 1384 1072; x_wconf 83' lang='lat' dir='ltr'>antecessis-</span> 
     </span>
     <span class='ocr_line' id='line_1_16' title="bbox 88 1085 1424 1138; baseline 0 -10"><span class='ocrx_word' id='word_1_123' title='bbox 88 1094 187 1128; x_wconf 87' lang='lat' dir='ltr'>sent.</span> <span class='ocrx_word' id='word_1_124' title='bbox 216 1089 329 1128; x_wconf 87' lang='lat' dir='ltr'>Hanc</span> <span class='ocrx_word' id='word_1_125' title='bbox 350 1099 514 1138; x_wconf 85' lang='lat' dir='ltr'>quoque</span> <span class='ocrx_word' id='word_1_126' title='bbox 535 1085 759 1127; x_wconf 81' lang='lat' dir='ltr'>animosam</span> <span class='ocrx_word' id='word_1_127' title='bbox 778 1087 968 1127; x_wconf 87' lang='lat' dir='ltr'>Demetrii</span> <span class='ocrx_word' id='word_1_128' title='bbox 996 1088 1203 1128; x_wconf 77' lang='lat' dir='ltr'>fortissimi</span> <span class='ocrx_word' id='word_1_129' title='bbox 1223 1088 1298 1126; x_wconf 89' lang='lat' dir='ltr'>viri</span> <span class='ocrx_word' id='word_1_130' title='bbox 1317 1097 1388 1126; x_wconf 86' lang='lat' dir='ltr'>vo-</span> <span class='ocrx_word' id='word_1_131' title='bbox 1403 1095 1424 1128; x_wconf 84' lang='lat'>5</span> 
     </span>
     <span class='ocr_line' id='line_1_17' title="bbox 88 1143 1390 1197; baseline -0.002 -13"><span class='ocrx_word' id='word_1_132' title='bbox 88 1155 174 1184; x_wconf 90' lang='lat' dir='ltr'>cem</span> <span class='ocrx_word' id='word_1_133' title='bbox 202 1145 367 1184; x_wconf 83' lang='lat' dir='ltr'>audisse</span> <span class='ocrx_word' id='word_1_134' title='bbox 390 1155 454 1183; x_wconf 90' lang='lat' dir='ltr'>me</span> <span class='ocrx_word' id='word_1_135' title='bbox 471 1143 656 1197; x_wconf 84' lang='lat' dir='ltr'>memini:</span> <span class='ocrx_word' id='word_1_136' title='bbox 680 1145 924 1193; x_wconf 84' lang='lat' dir='ltr'>Hoeunum,</span> <span class='ocrx_word' id='word_1_137' title='bbox 952 1145 1100 1194; x_wconf 90' lang='lat' dir='ltr'>inquit,</span> <span class='ocrx_word' id='word_1_138' title='bbox 1130 1146 1179 1184; x_wconf 87' lang='lat' dir='ltr'>de</span> <span class='ocrx_word' id='word_1_139' title='bbox 1197 1145 1318 1192; x_wconf 82' lang='lat' dir='ltr'>vobis,</span> <span class='ocrx_word' id='word_1_140' title='bbox 1348 1145 1390 1182; x_wconf 76' lang='lat' dir='ltr'>de·</span> 
     </span>
     <span class='ocr_line' id='line_1_18' title="bbox 87 1201 1388 1250; baseline -0.002 -9"><span class='ocrx_word' id='word_1_141' title='bbox 87 1203 335 1250; x_wconf 82' lang='lat' dir='ltr'>inmortales,</span> <span class='ocrx_word' id='word_1_142' title='bbox 363 1203 479 1250; x_wconf 79' lang='lat' dir='ltr'>queri</span> <span class='ocrx_word' id='word_1_143' title='bbox 495 1211 674 1250; x_wconf 81' lang='lat' dir='ltr'>possum,</span> <span class='ocrx_word' id='word_1_144' title='bbox 702 1201 808 1249; x_wconf 81' lang='lat' dir='ltr'>quod</span> <span class='ocrx_word' id='word_1_145' title='bbox 830 1211 908 1239; x_wconf 81' lang='lat' dir='ltr'>non</span> <span class='ocrx_word' id='word_1_146' title='bbox 934 1206 1025 1240; x_wconf 82' lang='lat' dir='ltr'>ante</span> <span class='ocrx_word' id='word_1_147' title='bbox 1043 1202 1140 1240; x_wconf 76' lang='lat' dir='ltr'>mihi</span> <span class='ocrx_word' id='word_1_148' title='bbox 1156 1203 1388 1240; x_wconf 78' lang='lat' dir='ltr'>voluntatem</span> 
     </span>
     <span class='ocr_line' id='line_1_19' title="bbox 86 1257 1390 1305; baseline -0.001 -9"><span class='ocrx_word' id='word_1_149' title='bbox 86 1263 252 1297; x_wconf 72' lang='lat' dir='ltr'>vestram</span> <span class='ocrx_word' id='word_1_150' title='bbox 286 1261 416 1297; x_wconf 86' lang='lat' dir='ltr'>notam</span> <span class='ocrx_word' id='word_1_151' title='bbox 443 1257 606 1305; x_wconf 77' lang='lat' dir='ltr'>fecistis.</span> <span class='ocrx_word' id='word_1_152' title='bbox 637 1258 756 1305; x_wconf 79' lang='lat' dir='ltr'>prior</span> <span class='ocrx_word' id='word_1_153' title='bbox 780 1258 884 1296; x_wconf 82' lang='lat' dir='ltr'>enim</span> <span class='ocrx_word' id='word_1_154' title='bbox 915 1258 972 1296; x_wconf 92' lang='lat' dir='ltr'>ad</span> <span class='ocrx_word' id='word_1_155' title='bbox 995 1259 1072 1296; x_wconf 77' lang='lat' dir='ltr'>ista</span> <span class='ocrx_word' id='word_1_156' title='bbox 1098 1260 1302 1303; x_wconf 79' lang='lat' dir='ltr'>venissem,</span> <span class='ocrx_word' id='word_1_157' title='bbox 1333 1258 1390 1295; x_wconf 90' lang='lat' dir='ltr'>ad</span> 
     </span>
     <span class='ocr_line' id='line_1_20' title="bbox 87 1313 1387 1365; baseline -0.001 -12"><span class='ocrx_word' id='word_1_158' title='bbox 87 1325 188 1363; x_wconf 78' lang='lat' dir='ltr'>quae</span> <span class='ocrx_word' id='word_1_159' title='bbox 205 1325 310 1353; x_wconf 83' lang='lat' dir='ltr'>nune</span> <span class='ocrx_word' id='word_1_160' title='bbox 329 1317 486 1352; x_wconf 81' lang='lat' dir='ltr'>vocatus</span> <span class='ocrx_word' id='word_1_161' title='bbox 512 1314 663 1351; x_wconf 80' lang='lat' dir='ltr'>adsum.</span> <span class='ocrx_word' id='word_1_162' title='bbox 702 1314 824 1351; x_wconf 76' lang='lat' dir='ltr'>Vultis</span> <span class='ocrx_word' id='word_1_163' title='bbox 849 1313 991 1365; x_wconf 78' lang='lat' dir='ltr'>liberos</span> <span class='ocrx_word' id='word_1_164' title='bbox 1011 1324 1186 1353; x_wconf 86' lang='lat' dir='ltr'>sumere:</span> <span class='ocrx_word' id='word_1_165' title='bbox 1212 1314 1316 1353; x_wconf 80' lang='lat' dir='ltr'>vobis</span> <span class='ocrx_word' id='word_1_166' title='bbox 1333 1315 1387 1352; x_wconf 83' lang='lat' dir='ltr'>il-</span> 
     </span>
     <span class='ocr_line' id='line_1_21' title="bbox 86 1369 1388 1418; baseline -0.001 -9"><span class='ocrx_word' id='word_1_167' title='bbox 86 1373 143 1409; x_wconf 86' lang='lat' dir='ltr'>los</span> <span class='ocrx_word' id='word_1_168' title='bbox 170 1371 317 1409; x_wconf 78' lang='lat' dir='ltr'>sustuli.</span> <span class='ocrx_word' id='word_1_169' title='bbox 372 1369 495 1408; x_wconf 76' lang='lat' dir='ltr'>Vultis</span> <span class='ocrx_word' id='word_1_170' title='bbox 521 1370 695 1417; x_wconf 73' lang='lat' dir='ltr'>aliquam</span> <span class='ocrx_word' id='word_1_171' title='bbox 715 1372 874 1418; x_wconf 83' lang='lat' dir='ltr'>partem</span> <span class='ocrx_word' id='word_1_172' title='bbox 900 1371 1099 1418; x_wconf 59' lang='lat' dir='ltr'>corporis:</span> <span class='ocrx_word' id='word_1_173' title='bbox 1125 1371 1274 1408; x_wconf 82' lang='lat' dir='ltr'>sumite.</span> <span class='ocrx_word' id='word_1_174' title='bbox 1310 1381 1388 1408; x_wconf 78' lang='lat' dir='ltr'>non</span> 
     </span>
     <span class='ocr_line' id='line_1_22' title="bbox 89 1427 1387 1475; baseline -0.001 -10"><span class='ocrx_word' id='word_1_175' title='bbox 89 1437 272 1474; x_wconf 70' lang='lat' dir='ltr'>maynam</span> <span class='ocrx_word' id='word_1_176' title='bbox 290 1437 372 1464; x_wconf 88' lang='lat' dir='ltr'>rem</span> <span class='ocrx_word' id='word_1_177' title='bbox 389 1427 582 1474; x_wconf 78' lang='lat' dir='ltr'>promitto.</span> <span class='ocrx_word' id='word_1_178' title='bbox 618 1427 695 1464; x_wconf 80' lang='lat' dir='ltr'>cito</span> <span class='ocrx_word' id='word_1_179' title='bbox 713 1429 829 1464; x_wconf 84' lang='lat' dir='ltr'>totum</span> <span class='ocrx_word' id='word_1_180' title='bbox 846 1427 1083 1474; x_wconf 78' lang='lat' dir='ltr'>relinquam.</span> <span class='ocrx_word' id='word_1_181' title='bbox 1122 1427 1246 1465; x_wconf 78' lang='lat' dir='ltr'>Vultis</span> <span class='ocrx_word' id='word_1_182' title='bbox 1262 1427 1387 1475; x_wconf 75' lang='lat' dir='ltr'>spiri-</span> 
     </span>
     <span class='ocr_line' id='line_1_23' title="bbox 90 1479 1390 1532; baseline 0 -12"><span class='ocrx_word' id='word_1_183' title='bbox 90 1488 191 1521; x_wconf 86' lang='lat' dir='ltr'>tum.-</span> <span class='ocrx_word' id='word_1_184' title='bbox 219 1479 386 1531; x_wconf 78' lang='lat' dir='ltr'>quidni?</span> <span class='ocrx_word' id='word_1_185' title='bbox 411 1483 560 1519; x_wconf 83' lang='lat' dir='ltr'>nullam</span> <span class='ocrx_word' id='word_1_186' title='bbox 579 1491 729 1520; x_wconf 83' lang='lat' dir='ltr'>moram</span> <span class='ocrx_word' id='word_1_187' title='bbox 744 1481 900 1528; x_wconf 81' lang='lat' dir='ltr'>faciam</span> <span class='ocrx_word' id='word_1_188' title='bbox 912 1511 922 1527; x_wconf 89' lang='lat'>‚</span> <span class='ocrx_word' id='word_1_189' title='bbox 950 1492 1026 1530; x_wconf 82' lang='lat' dir='ltr'>quo</span> <span class='ocrx_word' id='word_1_190' title='bbox 1044 1482 1171 1520; x_wconf 82' lang='lat' dir='ltr'>minus</span> <span class='ocrx_word' id='word_1_191' title='bbox 1188 1483 1390 1532; x_wconf 76' lang='lat' dir='ltr'>recipiatis</span> 
     </span>
     <span class='ocr_line' id='line_1_24' title="bbox 90 1537 1426 1587; baseline 0 -11"><span class='ocrx_word' id='word_1_192' title='bbox 90 1539 194 1586; x_wconf 80' lang='lat' dir='ltr'>quod</span> <span class='ocrx_word' id='word_1_193' title='bbox 219 1538 390 1576; x_wconf 79' lang='lat' dir='ltr'>dedistis.</span> <span class='ocrx_word' id='word_1_194' title='bbox 433 1549 458 1576; x_wconf 87' lang='lat' dir='ltr'>a</span> <span class='ocrx_word' id='word_1_195' title='bbox 484 1539 632 1576; x_wconf 78' lang='lat' dir='ltr'>volente</span> <span class='ocrx_word' id='word_1_196' title='bbox 659 1537 800 1585; x_wconf 77' lang='lat' dir='ltr'>seretis</span> <span class='ocrx_word' id='word_1_197' title='bbox 826 1538 1017 1586; x_wconf 67' lang='lat' dir='ltr'>quiequid</span> <span class='ocrx_word' id='word_1_198' title='bbox 1045 1540 1248 1587; x_wconf 69' lang='lat' dir='ltr'>petieritis.</span> <span class='ocrx_word' id='word_1_199' title='bbox 1289 1538 1393 1585; x_wconf 78' lang='lat' dir='ltr'>Que’d</span> <span class='ocrx_word' id='word_1_200' title='bbox 1405 1539 1426 1572; x_wconf 90' lang='grc'>6</span> 
     </span>
     <span class='ocr_line' id='line_1_25' title="bbox 90 1591 1391 1644; baseline 0 -12"><span class='ocrx_word' id='word_1_201' title='bbox 90 1605 184 1642; x_wconf 71' lang='lat' dir='ltr'>erqo</span> <span class='ocrx_word' id='word_1_202' title='bbox 202 1591 289 1632; x_wconf 82' lang='lat' dir='ltr'>est?</span> <span class='ocrx_word' id='word_1_203' title='bbox 315 1594 535 1632; x_wconf 80' lang='lat' dir='ltr'>maluissem</span> <span class='ocrx_word' id='word_1_204' title='bbox 553 1593 701 1641; x_wconf 85' lang='lat' dir='ltr'>offerre</span> <span class='ocrx_word' id='word_1_205' title='bbox 721 1604 838 1642; x_wconf 80' lang='lat' dir='ltr'>quam</span> <span class='ocrx_word' id='word_1_206' title='bbox 859 1594 1032 1632; x_wconf 82' lang='lat' dir='ltr'>tradere.</span> <span class='ocrx_word' id='word_1_207' title='bbox 1070 1595 1168 1643; x_wconf 82' lang='lat' dir='ltr'>quid</span> <span class='ocrx_word' id='word_1_208' title='bbox 1190 1605 1288 1644; x_wconf 84' lang='lat' dir='ltr'>opus</span> <span class='ocrx_word' id='word_1_209' title='bbox 1310 1594 1391 1642; x_wconf 79' lang='lat' dir='ltr'>fuit</span> 
     </span>
     <span class='ocr_line' id='line_1_26' title="bbox 91 1646 1389 1699; baseline 0 -11"><span class='ocrx_word' id='word_1_210' title='bbox 91 1646 287 1697; x_wconf 78' lang='lat' dir='ltr'>auferre?</span> <span class='ocrx_word' id='word_1_211' title='bbox 313 1650 494 1697; x_wconf 79' lang='lat' dir='ltr'>accipere</span> <span class='ocrx_word' id='word_1_212' title='bbox 515 1651 704 1698; x_wconf 72' lang='lat' dir='ltr'>potuistis.</span> <span class='ocrx_word' id='word_1_213' title='bbox 733 1650 807 1688; x_wconf 86' lang='lat' dir='ltr'>sed</span> <span class='ocrx_word' id='word_1_214' title='bbox 822 1660 873 1688; x_wconf 83' lang='lat' dir='ltr'>ne</span> <span class='ocrx_word' id='word_1_215' title='bbox 890 1661 996 1690; x_wconf 81' lang='lat' dir='ltr'>nune</span> <span class='ocrx_word' id='word_1_216' title='bbox 1014 1651 1170 1699; x_wconf 81' lang='lat' dir='ltr'>quidem</span> <span class='ocrx_word' id='word_1_217' title='bbox 1188 1651 1389 1699; x_wconf 73' lang='lat' dir='ltr'>auferetis,</span> 
     </span>
     <span class='ocr_line' id='line_1_27' title="bbox 91 1706 1391 1757; baseline 0 -13"><span class='ocrx_word' id='word_1_218' title='bbox 91 1707 183 1755; x_wconf 81' lang='lat' dir='ltr'>quia</span> <span class='ocrx_word' id='word_1_219' title='bbox 200 1706 300 1744; x_wconf 76' lang='lat' dir='ltr'><em>nihil</em></span> <span class='ocrx_word' id='word_1_220' title='bbox 324 1706 492 1754; x_wconf 78' lang='lat' dir='ltr'>eripitur</span> <span class='ocrx_word' id='word_1_221' title='bbox 510 1706 588 1743; x_wconf 80' lang='lat' dir='ltr'>nisi</span> <span class='ocrx_word' id='word_1_222' title='bbox 609 1707 803 1744; x_wconf 73' lang='lat' dir='ltr'>retinenti.</span> <span class='ocrx_word' id='word_1_223' title='bbox 839 1706 949 1745; x_wconf 73' lang='lat' dir='ltr'><em>Nihil</em></span> <span class='ocrx_word' id='word_1_224' title='bbox 972 1717 1110 1754; x_wconf 72' lang='lat' dir='ltr'>coqor,</span> <span class='ocrx_word' id='word_1_225' title='bbox 1137 1707 1238 1746; x_wconf 77' lang='lat' dir='ltr'><em>nihil</em></span> <span class='ocrx_word' id='word_1_226' title='bbox 1259 1708 1391 1757; x_wconf 78' lang='lat' dir='ltr'>patior</span> 
     </span>
     <span class='ocr_line' id='line_1_28' title="bbox 90 1761 1393 1812; baseline 0 -12"><span class='ocrx_word' id='word_1_227' title='bbox 90 1763 231 1801; x_wconf 78' lang='lat' dir='ltr'>invitus</span> <span class='ocrx_word' id='word_1_228' title='bbox 250 1772 322 1800; x_wconf 80' lang='lat' dir='ltr'>nec</span> <span class='ocrx_word' id='word_1_229' title='bbox 339 1762 466 1800; x_wconf 83' lang='lat' dir='ltr'>servio</span> <span class='ocrx_word' id='word_1_230' title='bbox 481 1761 569 1810; x_wconf 76' lang='lat' dir='ltr'>de0,</span> <span class='ocrx_word' id='word_1_231' title='bbox 582 1761 654 1800; x_wconf 84' lang='lat' dir='ltr'>sed</span> <span class='ocrx_word' id='word_1_232' title='bbox 670 1762 880 1810; x_wconf 78' lang='lat' dir='ltr'>adsentior,</span> <span class='ocrx_word' id='word_1_233' title='bbox 898 1773 944 1801; x_wconf 89' lang='lat' dir='ltr'>eo</span> <span class='ocrx_word' id='word_1_234' title='bbox 957 1763 1113 1811; x_wconf 77' lang='lat' dir='ltr'>quidem</span> <span class='ocrx_word' id='word_1_235' title='bbox 1131 1764 1268 1812; x_wconf 68' lang='lat' dir='ltr'>maqts,</span> <span class='ocrx_word' id='word_1_236' title='bbox 1288 1763 1393 1811; x_wconf 80' lang='lat' dir='ltr'>quod</span> 
     </span>
     <span class='ocr_line' id='line_1_29' title="bbox 90 1818 1427 1866; baseline -0.001 -9"><span class='ocrx_word' id='word_1_237' title='bbox 90 1819 170 1857; x_wconf 77' lang='lat' dir='ltr'>scio</span> <span class='ocrx_word' id='word_1_238' title='bbox 187 1819 316 1856; x_wconf 84' lang='lat' dir='ltr'>omnia</span> <span class='ocrx_word' id='word_1_239' title='bbox 334 1822 443 1856; x_wconf 86' lang='lat' dir='ltr'>certa</span> <span class='ocrx_word' id='word_1_240' title='bbox 462 1821 500 1855; x_wconf 90' lang='lat' dir='ltr'>et</span> <span class='ocrx_word' id='word_1_241' title='bbox 514 1818 775 1866; x_wconf 72' lang='lat' dir='ltr'>maeternum</span> <span class='ocrx_word' id='word_1_242' title='bbox 790 1818 896 1858; x_wconf 79' lang='lat' dir='ltr'>dicta</span> <span class='ocrx_word' id='word_1_243' title='bbox 914 1820 999 1866; x_wconf 75' lang='lat' dir='ltr'>leye</span> <span class='ocrx_word' id='word_1_244' title='bbox 1018 1819 1243 1858; x_wconf 85' lang='lat' dir='ltr'>decurrere.</span> <span class='ocrx_word' id='word_1_245' title='bbox 1270 1818 1391 1857; x_wconf 83' lang='lat' dir='ltr'>Fata</span> <span class='ocrx_word' id='word_1_246' title='bbox 1406 1828 1427 1863; x_wconf 82' lang='lat'><strong>7</strong></span> 
     </span>
     <span class='ocr_line' id='line_1_30' title="bbox 94 1873 1392 1924; baseline 0 -12"><span class='ocrx_word' id='word_1_247' title='bbox 94 1885 117 1911; x_wconf 92' lang='lat' dir='ltr'>n</span> <span class='ocrx_word' id='word_1_248' title='bbox 131 1884 186 1912; x_wconf 90' lang='lat' dir='ltr'>os</span> <span class='ocrx_word' id='word_1_249' title='bbox 213 1873 406 1912; x_wconf 89' lang='lat' dir='ltr'>ducunt</span> <span class='ocrx_word' id='word_1_250' title='bbox 434 1877 473 1911; x_wconf 89' lang='lat' dir='ltr'>et</span> <span class='ocrx_word' id='word_1_251' title='bbox 501 1876 694 1921; x_wconf 83' lang='lat' dir='ltr'>quantum</span> <span class='ocrx_word' id='word_1_252' title='bbox 713 1873 859 1922; x_wconf 86' lang='lat' dir='ltr'>cuique</span> <span class='ocrx_word' id='word_1_253' title='bbox 882 1875 1076 1923; x_wconf 87' lang='lat' dir='ltr'>temporis</span> <span class='ocrx_word' id='word_1_254' title='bbox 1095 1879 1240 1921; x_wconf 78' lang='lat' dir='ltr'>restat,</span> <span class='ocrx_word' id='word_1_255' title='bbox 1261 1874 1392 1924; x_wconf 79' lang='lat' dir='ltr'>prima</span> 
     </span>
     <span class='ocr_line' id='line_1_31' title="bbox 94 1928 1391 1979; baseline 0.001 -12"><span class='ocrx_word' id='word_1_256' title='bbox 94 1928 343 1968; x_wconf 79' lang='lat' dir='ltr'>nascentium</span> <span class='ocrx_word' id='word_1_257' title='bbox 372 1928 474 1968; x_wconf 86' lang='lat' dir='ltr'>hora</span> <span class='ocrx_word' id='word_1_258' title='bbox 501 1929 714 1977; x_wconf 85' lang='lat' dir='ltr'>disposuit.</span> <span class='ocrx_word' id='word_1_259' title='bbox 755 1939 880 1969; x_wconf 80' lang='lat' dir='ltr'>causa</span> <span class='ocrx_word' id='word_1_260' title='bbox 901 1930 1051 1979; x_wconf 87' lang='lat' dir='ltr'>pendet</span> <span class='ocrx_word' id='word_1_261' title='bbox 1070 1941 1122 1969; x_wconf 87' lang='lat' dir='ltr'>ex</span> <span class='ocrx_word' id='word_1_262' title='bbox 1143 1941 1279 1970; x_wconf 79' lang='lat' dir='ltr'>causa.</span> <span class='ocrx_word' id='word_1_263' title='bbox 1311 1932 1391 1979; x_wconf 93' lang='lat' dir='ltr'>pri—</span> 
     </span>
     <span class='ocr_line' id='line_1_32' title="bbox 92 1984 1391 2034; baseline 0.001 -11"><span class='ocrx_word' id='word_1_264' title='bbox 92 1990 186 2024; x_wconf 70' lang='lat' dir='ltr'>vata</span> <span class='ocrx_word' id='word_1_265' title='bbox 214 1995 262 2024; x_wconf 86' lang='lat' dir='ltr'>ac</span> <span class='ocrx_word' id='word_1_266' title='bbox 292 1984 454 2034; x_wconf 84' lang='lat' dir='ltr'>publica</span> <span class='ocrx_word' id='word_1_267' title='bbox 480 1985 626 2033; x_wconf 83' lang='lat' dir='ltr'>longus</span> <span class='ocrx_word' id='word_1_268' title='bbox 653 1985 754 2025; x_wconf 91' lang='lat' dir='ltr'>ordo</span> <span class='ocrx_word' id='word_1_269' title='bbox 781 1997 916 2026; x_wconf 87' lang='lat' dir='ltr'>rerum</span> <span class='ocrx_word' id='word_1_270' title='bbox 942 1986 1081 2024; x_wconf 82' lang='lat' dir='ltr'>trahit:</span> <span class='ocrx_word' id='word_1_271' title='bbox 1115 1986 1209 2026; x_wconf 91' lang='lat' dir='ltr'>ideo</span> <span class='ocrx_word' id='word_1_272' title='bbox 1237 1987 1391 2026; x_wconf 83' lang='lat' dir='ltr'>sortiter</span> 
     </span>
     <span class='ocr_line' id='line_1_33' title="bbox 94 2040 1392 2091; baseline 0.002 -12"><span class='ocrx_word' id='word_1_273' title='bbox 94 2051 214 2080; x_wconf 89' lang='lat' dir='ltr'>omne</span> <span class='ocrx_word' id='word_1_274' title='bbox 246 2040 480 2091; x_wconf 81' lang='lat' dir='ltr'>patiendum</span> <span class='ocrx_word' id='word_1_275' title='bbox 517 2046 598 2089; x_wconf 88' lang='lat' dir='ltr'>est,</span> <span class='ocrx_word' id='word_1_276' title='bbox 633 2040 728 2090; x_wconf 81' lang='lat' dir='ltr'>quia</span> <span class='ocrx_word' id='word_1_277' title='bbox 755 2052 858 2090; x_wconf 89' lang='lat' dir='ltr'>non,</span> <span class='ocrx_word' id='word_1_278' title='bbox 893 2047 938 2081; x_wconf 89' lang='lat' dir='ltr'>ut</span> <span class='ocrx_word' id='word_1_279' title='bbox 969 2045 1180 2091; x_wconf 84' lang='lat' dir='ltr'>putamus,</span> <span class='ocrx_word' id='word_1_280' title='bbox 1212 2043 1392 2082; x_wconf 88' lang='lat' dir='ltr'>incidunt</span> 
     </span>
     <span class='ocr_line' id='line_1_34' title="bbox 95 2097 1390 2148; baseline 0.002 -13"><span class='ocrx_word' id='word_1_281' title='bbox 95 2101 256 2144; x_wconf 85' lang='lat' dir='ltr'>cuncta,</span> <span class='ocrx_word' id='word_1_282' title='bbox 284 2097 360 2136; x_wconf 90' lang='lat' dir='ltr'>sed</span> <span class='ocrx_word' id='word_1_283' title='bbox 379 2098 557 2135; x_wconf 83' lang='lat' dir='ltr'>veniunt.</span> <span class='ocrx_word' id='word_1_284' title='bbox 589 2097 682 2136; x_wconf 88' lang='lat' dir='ltr'>olim</span> <span class='ocrx_word' id='word_1_285' title='bbox 703 2099 962 2137; x_wconf 86' lang='lat' dir='ltr'>constitutum</span> <span class='ocrx_word' id='word_1_286' title='bbox 990 2102 1052 2137; x_wconf 86' lang='lat' dir='ltr'>est</span> <span class='ocrx_word' id='word_1_287' title='bbox 1074 2098 1178 2148; x_wconf 86' lang='lat' dir='ltr'>-quid</span> <span class='ocrx_word' id='word_1_288' title='bbox 1195 2100 1390 2148; x_wconf 84' lang='lat' dir='ltr'>gaudeas,</span> 
     </span>
     <span class='ocr_line' id='line_1_35' title="bbox 95 2150 1391 2204; baseline 0.002 -13"><span class='ocrx_word' id='word_1_289' title='bbox 95 2151 192 2202; x_wconf 85' lang='lat' dir='ltr'>quid</span> <span class='ocrx_word' id='word_1_290' title='bbox 219 2150 342 2199; x_wconf 84' lang='lat' dir='ltr'>fleas,</span> <span class='ocrx_word' id='word_1_291' title='bbox 373 2157 412 2192; x_wconf 85' lang='lat' dir='ltr'>et</span> <span class='ocrx_word' id='word_1_292' title='bbox 433 2154 617 2202; x_wconf 84' lang='lat' dir='ltr'>quamvis</span> <span class='ocrx_word' id='word_1_293' title='bbox 638 2153 783 2202; x_wconf 82' lang='lat' dir='ltr'>magna</span> <span class='ocrx_word' id='word_1_294' title='bbox 799 2154 986 2193; x_wconf 86' lang='lat' dir='ltr'>videatur</span> <span class='ocrx_word' id='word_1_295' title='bbox 1000 2154 1193 2194; x_wconf 82' lang='lat' dir='ltr'>varietate</span> <span class='ocrx_word' id='word_1_296' title='bbox 1214 2156 1391 2204; x_wconf 79' lang='lat' dir='ltr'>singulo-</span> 
     </span>
     <span class='ocr_line' id='line_1_36' title="bbox 93 2208 1390 2261; baseline 0.002 -15"><span class='ocrx_word' id='word_1_297' title='bbox 93 2219 181 2247; x_wconf 89' lang='lat' dir='ltr'>rum</span> <span class='ocrx_word' id='word_1_298' title='bbox 197 2209 279 2249; x_wconf 81' lang='lat' dir='ltr'>vita</span> <span class='ocrx_word' id='word_1_299' title='bbox 292 2208 500 2258; x_wconf 79' lang='lat' dir='ltr'>distingui,</span> <span class='ocrx_word' id='word_1_300' title='bbox 524 2220 680 2249; x_wconf 80' lang='lat' dir='ltr'>summa</span> <span class='ocrx_word' id='word_1_301' title='bbox 698 2209 738 2247; x_wconf 91' lang='lat' dir='ltr'>in</span> <span class='ocrx_word' id='word_1_302' title='bbox 757 2218 879 2249; x_wconf 74' lang='lat' dir='ltr'>unum</span> <span class='ocrx_word' id='word_1_303' title='bbox 894 2210 1021 2249; x_wconf 84' lang='lat' dir='ltr'>venit=</span> <span class='ocrx_word' id='word_1_304' title='bbox 1042 2211 1264 2260; x_wconf 87' lang='lat' dir='ltr'>accipimus</span> <span class='ocrx_word' id='word_1_305' title='bbox 1286 2212 1390 2261; x_wconf 85' lang='lat' dir='ltr'>peri-</span> 
     </span>
     <span class='ocr_line' id='line_1_37' title="bbox 94 2263 1435 2317; baseline 0.002 -14"><span class='ocrx_word' id='word_1_306' title='bbox 94 2269 183 2303; x_wconf 83' lang='lat' dir='ltr'>tura</span> <span class='ocrx_word' id='word_1_307' title='bbox 211 2263 388 2314; x_wconf 81' lang='lat' dir='ltr'>perituri.</span> <span class='ocrx_word' id='word_1_308' title='bbox 425 2264 528 2313; x_wconf 82' lang='lat' dir='ltr'>Quid</span> <span class='ocrx_word' id='word_1_309' title='bbox 555 2265 691 2314; x_wconf 83' lang='lat' dir='ltr'>itaque</span> <span class='ocrx_word' id='word_1_310' title='bbox 720 2265 1000 2314; x_wconf 64' lang='lat' dir='ltr'>indIgnamur?</span> <span class='ocrx_word' id='word_1_311' title='bbox 1034 2267 1131 2316; x_wconf 89' lang='lat' dir='ltr'>quid</span> <span class='ocrx_word' id='word_1_312' title='bbox 1160 2266 1394 2317; x_wconf 61' lang='lat' dir='ltr'>querimur?</span> <span class='ocrx_word' id='word_1_313' title='bbox 1412 2271 1435 2306; x_wconf 88' lang='lat'>8</span> 
     </span>
     <span class='ocr_line' id='line_1_38' title="bbox 95 2319 1390 2374; baseline 0.002 -15"><span class='ocrx_word' id='word_1_314' title='bbox 95 2320 148 2359; x_wconf 83' lang='lat' dir='ltr'>ad</span> <span class='ocrx_word' id='word_1_315' title='bbox 174 2319 253 2360; x_wconf 86' lang='lat' dir='ltr'>hoc</span> <span class='ocrx_word' id='word_1_316' title='bbox 283 2321 410 2370; x_wconf 79' lang='lat' dir='ltr'>parati</span> <span class='ocrx_word' id='word_1_317' title='bbox 437 2332 591 2361; x_wconf 90' lang='lat' dir='ltr'>sumus.</span> <span class='ocrx_word' id='word_1_318' title='bbox 628 2326 763 2361; x_wconf 82' lang='lat' dir='ltr'>utatur</span> <span class='ocrx_word' id='word_1_319' title='bbox 779 2325 823 2360; x_wconf 91' lang='lat' dir='ltr'>ut</span> <span class='ocrx_word' id='word_1_320' title='bbox 840 2323 925 2362; x_wconf 88' lang='lat' dir='ltr'>vult</span> <span class='ocrx_word' id='word_1_321' title='bbox 943 2322 1028 2362; x_wconf 88' lang='lat' dir='ltr'>suis</span> <span class='ocrx_word' id='word_1_322' title='bbox 1048 2327 1191 2362; x_wconf 81' lang='lat' dir='ltr'>natura</span> <span class='ocrx_word' id='word_1_323' title='bbox 1211 2324 1390 2374; x_wconf 85' lang='lat' dir='ltr'>corpori-</span> 
     </span>
     <span class='ocr_line' id='line_1_39' title="bbox 93 2375 1392 2429; baseline 0.002 -14"><span class='ocrx_word' id='word_1_324' title='bbox 93 2375 191 2415; x_wconf 87' lang='lat' dir='ltr'>bus:</span> <span class='ocrx_word' id='word_1_325' title='bbox 219 2387 295 2415; x_wconf 90' lang='lat' dir='ltr'>nos</span> <span class='ocrx_word' id='word_1_326' title='bbox 325 2378 415 2415; x_wconf 83' lang='lat' dir='ltr'>laeti</span> <span class='ocrx_word' id='word_1_327' title='bbox 447 2378 499 2416; x_wconf 77' lang='lat' dir='ltr'>ad</span> <span class='ocrx_word' id='word_1_328' title='bbox 528 2378 662 2417; x_wconf 81' lang='lat' dir='ltr'>omnia</span> <span class='ocrx_word' id='word_1_329' title='bbox 687 2384 725 2417; x_wconf 91' lang='lat' dir='ltr'>et</span> <span class='ocrx_word' id='word_1_330' title='bbox 755 2378 878 2419; x_wconf 75' lang='lat' dir='ltr'>fortes</span> <span class='ocrx_word' id='word_1_331' title='bbox 899 2379 1122 2428; x_wconf 82' lang='lat' dir='ltr'>cogitemus</span> <span class='ocrx_word' id='word_1_332' title='bbox 1141 2380 1238 2419; x_wconf 85' lang='lat' dir='ltr'>nihil</span> <span class='ocrx_word' id='word_1_333' title='bbox 1258 2381 1392 2429; x_wconf 89' lang='lat' dir='ltr'>perire</span> 
     </span>
    </p>
   </div>
  </div>
 </body>
</html>
