1624 2626
271 153 525 201 LUDUS-DE
543 153 720 194 MORTE
741 152 958 194 CLAUDII.
987 157 1119 195 6—9.
1253 153 1336 194 269

52 257 184 305 ierim,
211 266 301 296 cum
320 255 551 296 causidicos
572 255 752 295 audirem
773 254 879 294 diem
898 259 938 294 et
957 259 1129 294 noctem.
1166 254 1207 294 in
1229 265 1336 303 quos

53 314 88 352 si
114 312 349 360 incidisses,
382 311 502 351 valde
529 312 643 351 fortis
671 313 764 351 licet
790 311 861 350 tibi
885 311 1086 360 videaris,
1119 311 1336 351 maluisses

52 370 212 409 cloacas
221 369 378 418 Augiae
394 378 588 418 purgare:
617 369 740 408 multo
758 367 849 417 plus
859 377 934 417 ego
950 367 1142 407 stercoris
1152 367 1336 408 exhausi.

53 424 134 465 Sed
154 424 344 475 quoniam
363 426 457 465 volo
477 422 602 462 ***.“

131 481 236 521 VIII.
261 480 341 505 *¹⁴¹*
362 492 443 520 non
458 478 623 529 mirum,
644 479 757 530 quod
771 478 812 518 in
827 479 979 519 curiam
995 478 1176 528 inpetum
1192 478 1335 527 fecisti,
1352 484 1372 518 l

50 535 147 576 nihil
172 537 242 576 tibi
270 537 372 575 clusi
392 541 473 576 est.
501 537 624 575 modo
645 537 711 576 dic
730 535 869 584 nobis,
895 536 1056 585 qualem
1075 536 1193 575 deum
1215 535 1336 575 istum

51 593 138 632 fieri
156 604 182 631 v
174 594 270 632 elis.
314 586 611 657 Ἐπικούρειος
624 587 730 640 θεὸς
743 603 826 632 ηοῐι
840 596 974 641 potest
989 601 1104 631 esse=
1134 603 1236 631 ουτε
1250 585 1335 631 αὐ-

49 642 124 696 τὸς
141 649 318 701 πρᾶγμα
336 647 422 700 ἔχει
439 661 480 687 τι
499 641 601 687 οὔτε
619 643 767 696 ἄλλοις
790 643 976 699 παρεχει.
1016 647 1208 688 Stoicus?
1233 659 1334 697 quo·

50 705 172 744 modo
201 709 336 753 potest
363 704 561 744 rotundus
590 715 704 752 esse,
741 709 785 743 ut
815 704 870 743 ait
894 705 1045 752 Varro,
1076 704 1164 743 sine
1189 705 1334 752 capite,

52 759 140 800 sine
159 761 402 810 praeputio?
442 760 515 799 Est
532 760 714 810 aliquid
705 771 744 799 m
764 759 832 799 illo
853 759 978 799 Stoici
993 759 1110 809 dei,
1099 771 1176 799 lam
1193 760 1334 800 video·
1325 787 1334 796 .

51 826 127 855 nec
153 827 224 856 cor
249 827 326 855 nec
353 822 474 864 caput
492 816 623 855 habet.
672 816 714 855 Si
742 815 994 856 mehercules
1017 826 1044 854 a
1062 815 1235 856 Saturno
1265 826 1334 865 pe-
1351 817 1375 851 2

50 871 168 911 tisset
186 873 264 912 hoc
283 872 543 920 beneficium,
563 873 677 912 cuius
698 882 876 912 mensem
897 876 980 912 toto
997 882 1102 911 anno
1119 872 1338 912 celebravit

51 929 256 978 princeps,
278 939 359 968 non
379 927 538 967 tulisset
556 929 664 968 illud.
693 929 836 968 nedum
852 928 903 967 ab
918 928 1036 976 Iove,
1057 938 1189 978 quem,
1211 939 1337 978 quan-

51 990 135 1024 tum
166 985 327 1033 quidem
355 984 395 1022 in
422 984 490 1024 illo
518 984 609 1033 fuit,
645 984 849 1023 damnavit
872 983 1030 1023 incesti.
1082 984 1128 1023 L.
1157 983 1339 1024 Silanum

52 1041 176 1087 enim,
198 1051 389 1089 generum
408 1051 544 1087 suum,
565 1039 726 1079 occidit.
762 1051 855 1088 oro,
878 1046 1044 1088 propter
1063 1040 1192 1089 quid?
1221 1051 1336 1080 soro-

50 1107 134 1135 rem
149 1107 275 1143 suam,
296 1095 594 1135 festivissimam
611 1096 788 1135 omnium
803 1096 1038 1145 puellarum,
1056 1106 1177 1145 quam
1194 1107 1336 1136 omnes

49 1152 247 1191 Venerem
262 1157 467 1200 vocarent,
485 1152 621 1191 maluit
634 1152 827 1192 lunonem
843 1162 1003 1191 vocare.
1033 1152 1176 1202 Quare,
1192 1153 1334 1203 inquit,

52 1218 202 1257 quaero
233 1208 358 1256 enim,
388 1218 571 1247 sororem
591 1213 734 1247 suam?
776 1207 924 1256 Stulte,
955 1209 1093 1248 stude=
1122 1207 1374 1249 *Athenis3

0 1282 4 1299 η
51 1263 255 1303 dimidium
275 1264 387 1312 licet,
405 1265 679 1304 Alexandriae
697 1269 836 1304 totum.
881 1264 983 1312 Quia
1000 1265 1172 1313 Romae,
1193 1265 1336 1314 inquit,

0 1355 3 1363 ,
50 1330 185 1359 mures
204 1321 333 1359 molas
352 1320 518 1370 lingunt.
566 1320 640 1359 Hic
659 1321 778 1360 nobis
801 1331 926 1360 curva
945 1321 1143 1370 corriget?
1173 1320 1276 1369 Quid
1296 1323 1337 1360 in

0 1374 2 1399 ῑ
51 1375 234 1416 cubiculo
265 1387 340 1416 suo
369 1377 490 1417 saciat
515 1377 676 1416 nescio:
714 1381 754 1416 et
781 1377 860 1416 iam
879 1377 1011 1425 „coeli
1031 1382 1232 1416 scrutatur
1250 1379 1337 1426 pla-

51 1434 180 1479 gasffl?
207 1432 308 1471 deus
329 1431 417 1471 fieri
439 1433 548 1473 vult?
578 1444 720 1482 parum
739 1437 821 1481 est,
851 1433 965 1482 quod
982 1433 1176 1482 templum
1194 1434 1234 1472 in
1249 1434 1336 1472 Bri-

54 1485 187 1525 tannia
204 1487 354 1527 habet?
383 1489 494 1537 quod
512 1489 619 1528 hunc
637 1489 798 1528 barbari
818 1490 954 1529 colunt
970 1494 1010 1529 et
1023 1494 1068 1529 ut
1083 1489 1204 1529 deum
1221 1494 1338 1529 orant

52 1543 205 1594 μωροῦ
218 1537 422 1583 εὐϊλάτου
439 1549 584 1595 τυχεῖν
592 1547 636 1583 ‘3“

132 1598 197 1637 IX.
227 1599 404 1638 Tandem
428 1600 515 1639 Iovi
541 1599 652 1640 venit
678 1599 720 1640 in
737 1606 931 1651 mentem,
954 1601 1122 1651 privatis
1142 1601 1248 1641 intra
1268 1612 1333 1640 cu·
1355 1612 1371 1646 1

50 1655 151 1693 riam
170 1655 416 1695 morantibus
437 1657 671 1695 sententiam
692 1657 828 1696 dicere
848 1661 940 1705 [non
957 1660 1089 1705 licere]
1107 1668 1181 1697 nec
1197 1658 1335 1707 dispu-

50 1715 148 1750 tare.
195 1710 328 1759 ,‚Ego,
348 1711 494 1760 inquit,
513 1711 557 1750 P.
579 1712 632 1761 C.,
653 1713 901 1762 interrogare
920 1713 1038 1754 vobis
1061 1715 1336 1763 permiseram,

49 1776 127 1806 vos
146 1777 257 1805 mera
275 1767 449 1816 mapalia
467 1767 632 1807 fecistis.
679 1769 786 1808 Volo
807 1772 878 1817 [ut]
895 1769 1066 1810 servetis
1081 1769 1336 1820 disciplinam

52 1823 198 1862 curiae.
249 1823 344 1870 Hic,
380 1824 687 1873 qualiscumque
715 1829 797 1874 est,
832 1825 931 1875 quid
966 1826 1019 1865 de
1052 1826 1171 1866 nobis
1200 1825 1336 1865 existi-

51 1878 224 1917 mabit?“
242 1879 313 1918 Illo
331 1878 499 1918 dimisso
515 1880 669 1929 primus
684 1881 949 1930 interrogatur
964 1882 1202 1922 sententiam
1214 1882 1336 1921 Ianus
1351 1885 1373 1918 2

52 1939 178 1983 pater.
221 1934 256 1974 is
281 1935 515 1984 designatus
545 1940 631 1975 erat
658 1936 699 1975 in
723 1937 812 1976 Kal.
842 1938 964 1977 Iulias
993 1937 1334 1987 postmeridianus

53 1990 166 2038 Cos.,
200 1989 322 2031 homo
359 1992 614 2040 quantumvis
644 1993 775 2040 vafer,
807 1994 876 2043 qui
910 2004 1073 2043 semper
1103 1994 1216 2033 videt
1246 1988 1336 2058 ἅμρι

52 2041 232 2097 πρόσσω
259 2043 331 2086 καὶ
354 2041 535 2087 ὀπίσσω.
582 2048 622 2087 Is
641 2049 764 2088 multa
783 2049 953 2096 diserte,
977 2050 1117 2098 quod
1107 2061 1154 2089 m.
1169 2051 1256 2090 foro
1276 2050 1334 2089 vi—

52 2105 140 2149 vat,
161 2101 278 2151 dixit,
301 2114 406 2152 quae
422 2104 602 2144 notarius
618 2104 811 2154 persequi
826 2116 906 2144 non
922 2106 1070 2154 potuit,
1092 2111 1132 2146 et
1145 2106 1237 2146 ideo
1253 2117 1334 2146 non

52 2157 205 2206 refero,
238 2168 290 2197 ne
317 2159 405 2199 aliis
430 2160 567 2199 verbis
595 2171 765 2209 ponam,
799 2171 904 2210 quae
932 2160 983 2200 ab
1013 2162 1080 2201 illo
1101 2162 1207 2201 dicta
1228 2168 1333 2202 sunt.

53 2212 179 2252 Multa
205 2213 306 2254 dixit
331 2215 383 2254 de
409 2216 683 2266 magnitudine
711 2217 900 2256 deorum=
938 2227 1019 2256 non
1048 2217 1196 2258 debere
1226 2218 1371 2259 hunc3

54 2269 176 2318 volgo
193 2269 280 2308 dari
293 2270 500 2311 honorem.
544 2271 692 2321 ‚,Olim‚
711 2273 850 2322 inquit,
870 2283 1015 2322 magna
1028 2284 1097 2314 res
1113 2278 1199 2314 erat
1212 2275 1333 2315 deum

58 2323 163 2363 fieri:
192 2325 289 2375 iam,
311 2326 453 2378 Fama,
475 2329 637 2369 mimum
655 2328 786 2369 fecisti
806 2332 861 2378 [et
877 2333 945 2368 iam
961 2333 1146 2379 pessimum
1160 2346 1331 2381 quemque
