1624 2626
173 154 244 193 AD
273 124 516 192 MARcfAM
543 151 611 190 DE
641 149 1037 190 consoLAnoNE.
1067 154 1224 190 17—19.
1258 142 1349 193 Ὡς)

64 255 336 297 cacuminibus
352 264 519 294 nemora
531 251 713 292 nutantia
729 257 768 292 et
787 256 937 292 tantum
951 252 1141 291 silvarum
1158 262 1248 290 cum
1261 251 1349 292 suis

52 312 302 353 ‚animalibus
323 312 538 359 aviumque
558 313 755 349 concentu
782 308 963 348 dissono.
991 308 1092 347 varii
1119 307 1277 347 urbium
1292 307 1350 347 si-
1370 315 1391 350 5

62 374 126 408 tus
141 372 181 407 et
195 368 381 407 seclusae
395 366 580 405 nationes
595 365 777 404 locorum
793 364 1036 412 difficultate,
1059 375 1229 413 quarum
1248 364 1351 404 aliae

62 434 108 464 se
126 422 166 462 in
185 427 344 462 erectos
362 421 602 461 subtrahunt
617 426 787 469 montes,
806 419 908 460 aliae
922 419 1033 469 ripiS,
1053 420 1156 467 lacu,
1176 419 1350 459 vallibus

63 479 234 529 pavidae
254 477 639 518 circumfunduntur.
669 476 807 516 adiuta
825 476 954 516 fructu
975 486 1107 524 seges,
1129 480 1168 515 et
1186 476 1352 515 arbusta

0 563 1 588 3
64 535 151 574 sine
172 536 324 574 cultore
342 533 600 582 feruissitatis.
639 538 679 572 et
696 533 874 572 rivorum
887 532 994 572 tlenis
1010 532 1116 571 inter
1135 537 1249 581 prata
1269 531 1351 571 dis-

0 595 1 614 *
62 601 207 631 cursus
235 595 277 630 et
302 589 461 629 amoeni
497 588 612 628 sinus
645 594 684 628 et
709 589 828 628 litora
851 588 891 627 in
923 592 1080 637 portum
1107 588 1351 627 recedentia.

62 657 232 696 sparsae
253 651 313 686 tot
332 656 406 695 per
425 650 583 684 vastum
602 645 771 692 insulae,
801 654 906 694 quae
924 644 1149 683 interventu
1172 655 1247 683 suo
1269 654 1351 682 ma-

61 703 119 741 ria
139 701 401 751 distinguunt.
433 701 563 749 Quid?
586 701 764 750 lapidum
782 710 1110 750 gemmarumque
1130 700 1262 749 fulgor
1282 703 1351 748 [et]
1372 702 1394 738 6

61 758 102 796 in
121 758 261 809 ter[raj
281 758 517 807 rapidorum
534 757 770 796 torrentium
790 767 931 796 aurum
958 757 1094 795 arenis
1114 755 1352 795 interfluens

63 814 160 854 etin
180 813 325 853 mediis
346 813 463 854 terris
484 813 701 862 medioque
719 823 862 852 rursus
876 813 976 851 mari
993 817 1180 852 terrentes
1201 811 1353 861 ignium

63 870 176 909 faces
196 874 236 908 et
255 869 458 909 vinculum
477 874 670 908 terrarum
692 879 884 916 oceanus,
912 868 1150 908 continentis
1178 869 1353 917 gentium

62 924 210 974 triplici
224 925 316 965 sinu
331 925 522 964 scindens
539 929 579 963 et
595 924 746 973 ingenti
761 924 920 963 licentia
934 928 1205 963 exaestuans?
1231 925 1355 969 Vide-
1374 927 1396 964 7

63 981 127 1021 bis
154 981 219 1020 hic
245 980 434 1031 inquietis
455 979 604 1020 et'sine
634 985 753 1019 vento
769 979 1059 1019 fluctuantibus
1078 980 1195 1029 aquis
1215 980 1355 1019 innare

64 1038 133 1088 [et]
167 1037 378 1076 excedenti
402 1036 594 1076 terrentia
619 1034 894 1084 magnitudine
921 1035 1126 1082 animalia,
1156 1037 1355 1084 quaedam

64 1092 203 1142 gravia
221 1099 262 1133 et
280 1093 411 1132 alieno
433 1103 479 1131 se
490 1091 724 1140 magisterio
740 1092 955 1138 moventia,
977 1091 1174 1140 quaedam
1197 1092 1354 1131 velocia

64 1153 103 1189 et
122 1149 331 1188 concitatis
354 1148 581 1197 perniciora
598 1147 788 1196 remigiis,
820 1147 1020 1196 quaedam
1039 1147 1263 1187 haurientia
1280 1158 1353 1186 un-

64 1205 138 1243 das
158 1209 200 1244 et
213 1215 359 1254 magno
382 1203 753 1253 praenavigantium
774 1204 955 1252 peric-ulo
975 1203 1166 1242 efflantia.
1196 1203 1353 1242 videbis

64 1259 129 1299 hic
153 1260 317 1309 navigia
344 1271 446 1310 quas
473 1271 556 1299 non
583 1270 735 1298 novere
761 1263 890 1298 terras
919 1260 1164 1308 quaerentia.
1196 1259 1354 1299 videbis

65 1316 159 1355 nihil
177 1316 378 1356 humanae
391 1316 592 1355 audaciae
612 1315 889 1364 intemptatum
909 1316 1072 1365 erisque
1092 1321 1132 1355 et
1150 1320 1356 1365 spectator

66 1377 106 1411 et
124 1372 213 1420 ipse
234 1384 329 1422 pars
348 1382 495 1421 magna
514 1372 758 1411 conantium.
792 1370 931 1410 disces
953 1372 1205 1421 docebisque
1234 1377 1353 1419 artes,

67 1428 167 1467 alias
188 1439 292 1476 quae
310 1429 432 1468 vitam
452 1427 662 1475 instruant,
690 1427 790 1466 alias
812 1438 916 1476 quae
937 1433 1089 1476 ornent,
1117 1429 1218 1467 alias
1250 1439 1355 1477 quae

66 1488 219 1531 regant.
248 1483 332 1522 Sed
353 1484 443 1523 istic
459 1488 578 1523 erunt
596 1483 703 1522 mille
724 1494 953 1532 corporum,
977 1485 1109 1532 [mille]
1128 1484 1354 1522 animorum
1374 1487 1397 1524 8

69 1543 221 1586 pestes,
241 1544 280 1578 et
296 1539 403 1578 bella
421 1543 460 1579 et
486 1539 694 1580 latrocinia
712 1544 752 1578 et
766 1550 926 1578 venena
946 1544 985 1578 et
1004 1540 1212 1589 naufragia
1239 1544 1279 1578 et
1297 1540 1356 1578 in-

68 1595 285 1643 temperies
305 1595 408 1634 coeli
427 1595 692 1644 corporisque
710 1600 751 1634 et
778 1595 1080 1636 carissimorum
1106 1596 1257 1635 acerba
1287 1596 1356 1634 de-

69 1649 219 1689 sideria
238 1655 278 1690 et
305 1661 427 1698 mors,
456 1651 651 1690 incertum
680 1651 808 1691 facilis
828 1662 878 1690 an
898 1662 973 1700 per
999 1662 1175 1701 poenam
1203 1652 1356 1690 crucia-

69 1711 254 1755 tumque:
288 1706 467 1745 delibera
493 1710 623 1745 tecum
644 1711 687 1745 et
707 1707 925 1756 perpende,
955 1708 1053 1757 quid
1080 1709 1196 1747 velis.
1232 1713 1277 1747 ut
1305 1708 1358 1746 ad

69 1761 136 1800 illa
155 1761 306 1808 venias,
338 1772 411 1810 per
429 1762 498 1800 illa
517 1763 746 1801 exeundum
773 1768 849 1802 est.
888 1765 1159 1814 nespondebis
1185 1765 1290 1803 velle
1322 1769 1358 1802 te

69 1817 235 1856 vivere?
264 1817 432 1866 quidni?
457 1818 591 1865 immo,
620 1823 731 1867 puto,
760 1818 875 1857 adid-
891 1831 971 1859 non
991 1820 1178 1869 accedes,
1205 1831 1257 1859 ex
1278 1830 1357 1868 quo

68 1872 138 1912 tibi
158 1874 311 1922 aliquid
330 1873 465 1913 decuti
493 1874 628 1912 doles:
657 1875 748 1912 vive
768 1885 864 1923 ergo
893 1880 936 1914 ut
958 1877 1164 1915 con-venit.
1194 1876 1358 1925 „Nem0,

71 1928 218 1977 inquis,
240 1940 316 1968 nos
338 1930 580 1969 consuluit.⁴‘
615 1929 798 1969 Consuiti·
816 1935 916 1970 :sunt
941 1932 993 1970 de
1022 1932 1141 1971 nobis
1169 1935 1358 1981 parentes

71 1985 208 2032 nostri,
240 1984 308 2033 qui
329 1995 418 2024 cum
441 1985 721 2025 condicionem
748 1986 854 2026 vitae
878 1993 1060 2037 nossent,
1089 1987 1128 2026 in
1148 1988 1255 2027 hanc
1274 1997 1358 2027 ‘nos

72 2042 332 2080 sustulerunt.
1214 2066 1216 2071 ›
1306 2076 1308 2078 .

164 2097 266 2136 XJX.
298 2097 393 2136 Sed
412 2102 466 2137 ut
493 2097 550 2136 ad
572 2099 763 2137 solatia
779 2099 999 2147 veniam,
1028 2099 1230 2139 videbis
1253 2100 1358 2149 pri-
1379 2102 1398 2136 1

71 2163 194 2192 mum
231 2153 354 2202 quid
384 2154 663 2193 curandum
698 2155 783 2201 sit,
820 2154 1006 2193 deinde
1039 2155 1358 2204 quemadmo-

73 2209 194 2248 dum.
246 2208 414 2249 Movet
439 2211 699 2259 lug-entem
727 2209 1045 2252 desiderium
1073 2211 1180 2251 eius
1213 2222 1357 2262 quem

75 2264 272 2304 dil-exit.
316 2265 360 2304 -id
387 2276 462 2314 per
488 2277 538 2305 ‘se
567 2266 774 2306 tolerabile
802 2275 896 2306 esse
922 2267 1128 2317 adpareat.
1175 2267 1357 2308 absentis

76 2321 180 2360 enim
203 2320 496 2372 abfuturosque
519 2323 613 2362 dum
629 2323 772 2370 vivent,
794 2333 877 2361 non
891 2322 1050 2374 -flemus,
1073 2325 1254 2373 quamvis
1274 2334 1356 2364 om-

132 2389 263 2415 SENECA
280 2390 371 2415 rim„
391 2381 415 2415 Ι.
1056 2383 1078 2419 9
