1592 2580
316 182 501 222 NATUR.
524 181 737 231 QUAEST.
767 183 860 222 LlB.
880 182 948 222 lV.
976 182 1155 224 PRAEF.
1288 183 1368 225 241

90 285 295 334 exemplar
316 294 560 333 conponere.
591 285 687 324 Cum
709 283 799 334 quis
819 284 870 324 ad
886 289 925 323 te
943 285 1126 331 adulator
1140 285 1369 332 accesserit,

90 340 230 379 dicito:
272 340 368 388 „vis
387 345 430 379 tu
457 342 534 379 ista
559 341 702 387 verba,
735 351 838 390 quae
865 341 942 379 iam
970 342 1020 379 ab
1041 342 1118 380 alio
1138 341 1372 390 magistratu

90 397 141 435 ad
166 396 284 435 alium
304 406 393 435 cum
414 395 622 435 lictoribus
642 401 869 444 transeunt,
890 396 995 435 ferre
1014 397 1066 435 ad
1085 397 1280 446 aliquem,
1302 397 1391 446 quiq

90 452 203 501 paria
222 452 398 490 facturus
418 453 502 490 vult
522 452 714 501 quicquid
738 451 888 490 dixeris
908 452 1076 491 audire?
1109 463 1185 502 ego
1207 463 1283 491 nec
1301 453 1370 491 de—

90 508 342 556 cipere'volo
360 518 436 546 nec
457 507 589 557 decipi
610 518 790 557 possum.
826 507 979 546 laudari
998 518 1062 546 me
1081 519 1106 547 a
1126 508 1263 556 vobis,
1291 508 1371 548 nisi

89 562 304 602 laudaretis
326 562 445 602 etiam
464 564 614 611 malos,
633 564 818 602 vellem.“
845 563 944 611 Quid
964 569 1095 602 autem
1115 575 1287 603 necesse
1308 569 1372 603 est

89 619 128 657 in
155 617 234 657 hoc
265 619 532 666 descendere,
559 625 604 659 ut
631 625 669 658 te
700 624 835 667 petere
857 618 1040 658 cominus
1068 621 1254 668 possint?
1283 621 1369 659 lon-

88 685 180 723 gum
201 673 302 713 inter
320 685 395 712 vos
416 673 664 714 intervallum
683 675 744 713 sit.
775 675 870 714 Cum
890 676 1063 724 cupieris
1082 676 1185 714 bene
1203 676 1369 724 laudari,
1384 686 1425 719 14

89 740 214 779 quare
240 729 318 768 hoc
337 731 406 770 ulli
431 730 610 769 debeas?
637 731 726 779 ipse
753 735 792 769 te
810 730 942 769 lauda.
973 731 1057 769 dic:
1085 731 1367 780 „Liberalibus

89 797 152 824 me
173 785 315 825 studiis
335 786 493 825 tradidi.
524 797 764 835 quamquam
787 792 1004 835 paupertas
1024 787 1102 825 alia
1122 787 1311 827 suaderet
1330 794 1369 827 et

89 842 289 890 ingenium
309 854 353 881 eo
371 842 555 889 duceret,
575 842 643 881 ubi
664 853 860 890 praesens
881 842 1001 881 studii
1020 842 1187 891 pretium
1211 848 1293 892 est,
1315 844 1369 882 ad

89 898 258 946 gratuita
280 899 457 936 carmina
483 907 547 936 me
571 896 720 937 deflexi
747 902 787 937 et
812 899 865 937 ad
893 899 1067 937 salutare
1086 899 1260 939 studium
1279 899 1367 949 phi·

89 953 303 1001 losophiae
339 964 403 992 me
435 953 596 993 contuli.
641 953 806 993 Ostendi
843 954 882 992 in
904 964 1021 992 omne
1050 960 1192 1003 pectus
1222 955 1368 994 cadere
1381 963 1422 997 15

89 1009 272 1048 virtutem
302 1014 342 1048 et
370 1010 565 1049 eluctatus
591 1010 780 1048 natalium
810 1010 1016 1058 angustias
1049 1021 1128 1050 non
1160 1015 1270 1050 sorte
1293 1021 1368 1059 me,

90 1065 165 1103 sed
195 1065 327 1104 animo
346 1076 510 1105 mensus
532 1076 603 1114 par
623 1064 808 1103 maximis
829 1066 932 1104 steti.
978 1066 1066 1104 Non
1094 1066 1188 1105 mihi
1209 1067 1247 1105 in
1273 1068 1367 1106 ami-

90 1120 182 1158 citia
202 1121 366 1160 Getulici
387 1121 451 1159 vel
471 1122 588 1160 Caius
609 1121 728 1159 fidem
746 1120 909 1169 eripuit,
935 1133 1014 1161 non
1036 1122 1074 1160 in
1090 1123 1256 1161 aliorum
1278 1133 1367 1172 per·

90 1186 192 1214 sona
229 1176 438 1216 infeliciter
470 1182 690 1215 amatorum
723 1176 901 1215 Messala
935 1183 973 1216 et
1006 1178 1220 1217 Narcissus
1234 1209 1244 1227 ‚
1298 1178 1367 1217 diu

89 1231 236 1280 publici
259 1232 398 1271 hostes
417 1238 629 1281 antequam
654 1232 733 1278 sui,
764 1233 1015 1281 propositum
1035 1244 1165 1272 meum
1185 1239 1367 1273 avertere

89 1292 321 1336 potuerunt:
350 1289 545 1327 cervicem
575 1299 648 1337 pro
677 1288 758 1326 fide
785 1289 974 1337 opposui.
1017 1290 1168 1328 nullum
1197 1290 1365 1328 verbum

87 1342 200 1388 mihi,
228 1343 337 1392 quod
366 1355 445 1382 non
476 1344 589 1383 salva
609 1345 717 1383 bona
744 1345 992 1384 conscientia
1012 1346 1268 1394 procederet,
1296 1356 1365 1384 ex-

89 1409 251 1437 cussum
267 1403 355 1442 est..
373 1410 446 1448 pro
463 1401 601 1438 amicis
618 1399 750 1438 onmia
765 1400 896 1446 timui,
914 1411 987 1448 pro
1004 1411 1067 1438 me
1082 1401 1197 1448 nihil,
1222 1401 1298 1439 nisi
1315 1412 1365 1440 ne

91 1465 228 1502 parum
245 1454 374 1494 bonus
391 1455 540 1494 amicus
557 1455 736 1494 fuissem.
764 1455 852 1494 Non
868 1455 961 1493 mihi
978 1457 1192 1495 muliebres
1214 1456 1367 1495 fluxere
1378 1462 1421 1498 16

88 1509 292 1557 lacrimae,
325 1521 406 1549 non
430 1521 454 1549 e
475 1511 658 1550 manibus
683 1510 802 1549 ullius
830 1512 1005 1559 supplex
1039 1512 1227 1561 pependi.
1268 1512 1365 1551 nihil

90 1564 322 1603 indecorum
341 1576 416 1605 nec
434 1566 541 1606 bono
562 1577 638 1605 nec
657 1566 743 1604 viro
771 1566 860 1604 feci.
895 1568 1084 1615 periculis
1105 1568 1204 1606 meis
1224 1569 1362 1616 maior,

91 1625 250 1670 paratus
270 1620 328 1660 ire
345 1622 388 1660 in
409 1632 458 1661 ea
473 1652 482 1668 ,
506 1633 609 1671 quae
628 1621 895 1670 minabantur,
919 1623 1068 1670 gratias
1088 1625 1150 1671 egi
1166 1624 1362 1671 fortunae,

90 1676 197 1725 quod
225 1677 399 1726 experiri
419 1679 633 1724 voluisset,
658 1677 793 1727 quanti
821 1678 1071 1717 aestimarem
1100 1679 1233 1718 fidem.
1274 1680 1363 1719 Non

89 1732 260 1771 debebat
275 1733 368 1770 mihi
387 1743 511 1781 parvo
526 1744 592 1772 res
608 1738 716 1773 tanta
732 1739 934 1780 constare,
955 1744 1030 1772 nec
1045 1734 1285 1774 examinavit
1298 1746 1363 1774 me

90 1787 250 1837 quidem
272 1788 358 1827 diu:
387 1799 519 1838 neque
538 1790 643 1827 enim
664 1789 774 1838 paria
796 1789 1043 1838 pendebant,
1075 1795 1205 1830 utrum
1234 1792 1360 1831 satius

89 1849 200 1883 esset
225 1854 289 1883 me
319 1844 450 1893 perire
480 1856 552 1894 pro
577 1845 658 1883 fide
676 1855 727 1883 an
747 1845 867 1883 fidem
888 1856 961 1894 pro
982 1856 1058 1884 me.
1099 1846 1185 1884 Non
1208 1848 1416 1896 praeci-17

89 1899 157 1948 piti
178 1900 314 1948 inpetu
332 1900 371 1938 in
390 1901 568 1939 ultimum
588 1899 816 1948 consilium,
839 1912 918 1950 quo
940 1912 1004 1940 me
1024 1901 1220 1951 eriperem
1241 1903 1362 1942 furori

90 1955 326 2004 potentium,
360 1956 463 1994 misi.
505 1956 689 1995 videbam
716 1957 824 2005 apud
846 1957 976 1996 Caium
1005 1962 1219 2006 tormenta,
1248 1958 1360 1998 vide-

89 2011 180 2049 bam
199 2010 326 2060 ignes.
367 2011 543 2050 sciebam
563 2012 655 2051 olim
682 2012 757 2050 sub
778 2012 844 2051 illo
865 2013 903 2050 in
925 2023 1015 2052 eum
1036 2017 1180 2052 statum
1198 2024 1267 2053 res
1288 2014 1360 2053 hu-

91 2077 228 2105 manas
257 2066 481 2113 decidisse,
514 2071 558 2106 ut
579 2068 679 2106 inter
702 2078 827 2116 opera
845 2067 1147 2108 misericordiae
1166 2069 1360 2109 haberen-

90 2127 154 2160 tur
179 2122 324 2161 occisi=
371 2133 451 2161 non
479 2128 609 2162 tamen
631 2123 735 2161 ferro
755 2123 916 2162 incubui
936 2134 1010 2163 nec
1030 2124 1069 2163 in
1091 2135 1201 2163 mare
1220 2131 1359 2175 aperto

28 2205 43 2220 f
93 2187 165 2216 ore
194 2178 356 2227 desilui,
391 2189 442 2217 nc
479 2179 636 2217 viderer
669 2190 741 2227 pro
773 2179 854 2217 fide
884 2184 1035 2219 tantum
1060 2181 1160 2220 mori
1193 2185 1359 2230 posse.“

92 2232 219 2271 Adice
236 2244 341 2272 nunc
362 2235 552 2273 invictum
573 2234 801 2274 muneribus
817 2235 991 2276 animum
1009 2240 1049 2274 et
1076 2236 1114 2275 in
1135 2242 1244 2277 tanto
1265 2245 1413 2278 ava-18

92 2285 206 2326 ritiae
217 2290 429 2329 certamine
444 2301 658 2339 numquam
670 2291 920 2339 suppositam
930 2302 1090 2331 manum
1104 2294 1227 2332 lucro.
1244 2294 1359 2333 adice

94 2353 198 2382 nunc
218 2355 378 2394 quoque
397 2347 527 2386 victus
548 2345 852 2397 parsimoniam,
881 2348 1078 2388 sermonis
1105 2349 1354 2398 modestiam,

150 2411 281 2438 seneca
299 2414 388 2439 mm.
411 2404 452 2440 11.
1105 2410 1148 2446 16
