1624 2626
279 166 359 208 184
519 168 563 207 L.
591 167 781 207 ANNAEI
809 167 1033 208 SENECAE
1061 169 1194 209 DIAL.
1233 169 1297 208 IX.

167 297 171 303 .
233 274 256 309 9
277 267 371 306 sibi!
417 266 713 316 Sedu-quoniam
739 278 818 306 non
846 271 907 306 est
933 268 1047 308 nobis
1074 273 1221 308 tantum
1248 270 1425 319 roboris,
1459 282 1527 311 an-

277 322 472 370 gustanda
492 327 598 360 certe
617 326 709 360 sunt
723 322 974 371 patrimonia,
988 328 1032 362 ut
1049 324 1177 363 minus
1196 325 1247 363 ad
1267 325 1427 364 iniurias
1449 327 1526 370 sm·-

276 381 395 416 tunae
423 376 546 415 simus
580 376 764 425 expositi.
800 376 1000 416 Habiliora
1028 383 1120 418 sunt
1148 389 1319 427 corpora
1345 380 1384 417 in
1412 373 1531 431 bella&

277 441 380 480 quae
406 431 444 469 in
475 441 583 468 arma
608 442 682 469 sua
710 431 888 469 contrahi
916 438 1099 480 possunt,
1129 444 1244 482 quam
1265 444 1367 481 quae
1389 445 1567 491 super-g

277 485 490 524 funduntur
513 490 552 524 et
577 485 752 534 undique
779 485 1007 533 magnitudo
1026 497 1098 526 sua
1117 488 1344 527 volneribus
1365 488 1526 527 obiecit:

277 539 449 587 optimus
468 539 661 587 pecuniae
680 540 821 578 modus
842 544 919 587 est,
941 541 1006 593 qui
1025 551 1097 580 nec
1116 541 1155 580 in
1176 547 1444 592 paupertatem
1464 554 1526 582 ca·
1598 543 1624 591 Χ

277 594 351 641 dit,
372 603 446 632 nec
466 595 604 642 procul
625 605 648 632 a
668 599 897 642 paupertate
915 595 1093 635 discedit.

236 650 255 682 1
356 648 431 686 IXffi
448 648 620 687 Placebit
638 653 768 687 autem
789 648 888 687 haec
901 649 1014 688 nobis
1033 660 1237 699 mensura,
1258 649 1293 689 si
1314 652 1422 699 prius
1439 661 1527 700 par-

276 701 443 741 simonia
463 703 672 750 placuerit,
694 702 780 741 sine
799 713 877 751 qua
890 713 963 742 nec
978 704 1081 743 ullae
1101 716 1199 754 opes
1220 706 1437 752 sufficiunt,
1453 715 1527 743 nec

277 761 378 804 [cum
395 759 480 803 illa]
509 757 611 796 ullae
638 767 717 795 non
744 757 839 796 satis
858 762 1008 807 patent,
1042 760 1274 807 praesertim
1293 771 1382 798 cum
1410 758 1448 797 in
1470 759 1526 798 vi-

277 811 365 850 cino
385 811 601 850 remedium
621 811 673 851 sit
697 815 736 850 et
752 813 882 861 possit
904 812 992 861 ipsa
1013 818 1227 863 paupertas
1246 815 1284 852 in
1305 814 1462 852 divitias
1483 824 1528 852 se

235 868 257 900 2
276 866 469 904 advocata
495 866 717 914 frugalitate
744 871 986 906 convertere.
1029 869 1329 907 Adsuescamus
1357 879 1381 906 a
1411 868 1528 908 nobis

273 930 479 959 removere
499 931 704 970 pompam,
734 925 773 960 et
798 932 896 960 usus
921 933 1071 969 rerum,
1100 933 1179 961 non
1201 927 1428 962 ornamenta
1446 933 1526 961 me-

274 976 349 1013 tiri.
380 974 498 1014 Cibus
521 977 661 1014 samem
680 975 833 1023 domet,
852 977 961 1024 potio
982 976 1103 1023 sitim,
1123 977 1244 1016 libido
1262 989 1341 1026 qua
1359 987 1527 1016 necesse

274 1034 336 1068 est
350 1029 456 1068 fluat.
477 1030 679 1069 discamus
693 1030 876 1069 membris
891 1032 1038 1070 nostris
1054 1032 1182 1080 inniti,
1203 1033 1346 1071 cultum
1363 1033 1527 1070 victum-

277 1095 356 1132 que
381 1095 461 1122 non
491 1085 541 1122 ad
569 1095 675 1123 nova
700 1085 882 1134 exempla
907 1096 1153 1135 conponere,
1177 1087 1251 1125 sed
1276 1091 1320 1126 ut
1337 1086 1527 1124 maiorum

275 1148 407 1177 mores
428 1139 607 1177 suadent.
636 1140 833 1179 discamus
854 1140 1126 1179 continentiam
1148 1151 1312 1188 augere,
1333 1140 1527 1179 luxuriam

276 1203 481 1241 coercere,
515 1196 681 1241 ,oloriam
709 1197 946 1243 temperare,
980 1195 1221 1233 iracundiam
1249 1195 1390 1242 lenire,
1429 1205 1525 1243 pau-

274 1252 464 1296 pertatem
495 1249 635 1296 aequis
663 1248 788 1288 oculis
820 1249 1062 1297 adspicere,
1090 1249 1346 1296 frugalitatem
1382 1249 1525 1292 colere,

275 1302 427 1340 etiamsi
446 1303 589 1341 multos
609 1302 791 1351 pudebit,
816 1308 858 1342 ut
876 1305 1039 1352 populus
1058 1303 1266 1341 desideriis
1284 1303 1526 1342 naturalibus

274 1367 400 1405 parvo
429 1362 565 1404 parata
593 1357 768 1395 remedia
795 1357 1003 1405 adhibere,
1037 1368 1134 1405 spes
1157 1358 1368 1396 effrenatas
1389 1363 1428 1396 et
1446 1357 1526 1395 ani·

274 1421 380 1449 mum
407 1410 446 1448 in
474 1413 605 1450 futura
631 1412 864 1450 eminentem
885 1411 990 1450 velut
1008 1411 1082 1450 sub
1108 1412 1271 1450 vinculis
1290 1411 1458 1458 habere,
1486 1411 1528 1450 id

274 1475 410 1513 agere,
425 1470 467 1504 ut
482 1466 638 1504 divitias
658 1477 682 1503 a
699 1465 964 1515 nobisvpotius
984 1477 1100 1514 quam
1120 1477 1144 1504 a
1161 1467 1317 1505 fortuna
1332 1471 1526 1514 petamus.

232 1518 255 1553 3
273 1520 357 1558 Νοη
384 1525 516 1568 potest
540 1531 726 1568 umquam
751 1524 857 1559 tanta
883 1520 1054 1559 varietas
1087 1524 1126 1558 et
1152 1520 1336 1569 iniquitas
1363 1531 1527 1559 casuum

273 1575 326 1613 ita
346 1575 510 1623 depelli,
537 1579 580 1613 ut
599 1585 677 1612 non
697 1575 859 1614 multum
879 1576 1141 1623 procellarum
1159 1575 1288 1614 inruat
1305 1585 1446 1623 magna
1465 1585 1525 1612 ar-

271 1628 769 1678 mamentapandentibus.
813 1629 1018 1677 cogendae
1046 1630 1084 1667 in
1111 1635 1236 1668 artum
1255 1640 1320 1668 res
1343 1634 1452 1676 sunt,
1483 1634 1527 1667 ut

271 1684 350 1721 tela
376 1684 415 1721 in
441 1694 582 1721 vanum
604 1683 765 1730 cadant,
794 1683 965 1731 ideoque
985 1685 1100 1722 exilia
1118 1684 1314 1722 interdum
1328 1682 1523 1722 calamita-

272 1742 416 1786 tesque
447 1737 487 1775 in
519 1737 738 1776 remedium
773 1748 932 1777 cessere
960 1743 999 1777 et
1024 1738 1238 1777 levioribus
1265 1737 1524 1776 incommodis

273 1793 456 1840 graviora
476 1797 613 1831 sanata
634 1797 742 1839 sunt,
770 1792 838 1831 ubi
857 1803 994 1841 parum
1014 1793 1122 1831 audit
1139 1797 1352 1841 praecepta
1371 1792 1524 1829 animus

273 1857 348 1885 nec
375 1847 503 1885 curari
529 1847 684 1885 mollius
704 1851 848 1894 potest.
878 1848 1040 1896 quidni?
1069 1847 1282 1885 consulitur
1299 1848 1353 1892 ei,
1373 1846 1406 1884 si
1429 1857 1523 1894 pau-

275 1905 406 1948 pertas
426 1902 480 1949 ei,
501 1901 731 1950 ignominia,
749 1912 880 1942 rerum
900 1901 1056 1941 eversio
1076 1901 1293 1940 adhibetur.
1321 1901 1423 1939 malo
1444 1905 1523 1937 ma-

274 1955 352 1993 lum
379 1955 604 2003 opponitur.
646 1956 932 1995 adsuescamus
960 1966 1054 2004 ergo
1084 1965 1252 1994 coenare
1283 1965 1405 2002 posse
1437 1954 1524 1993 sine

272 2010 422 2057 populo
453 2015 491 2049 et
517 2010 644 2048 servis
671 2010 924 2058 paucioribus
952 2010 1091 2049 serviri
1118 2014 1155 2048 et
1174 2013 1306 2047 vestes
1327 2018 1466 2057 parare
1485 2008 1523 2046 in

275 2063 384 2111 quod
410 2064 591 2113 inventae
611 2069 719 2112 sunt,
747 2064 924 2104 habitare
944 2064 1190 2104 contractius.
1235 2063 1321 2101 Non
1346 2063 1384 2101 in
1404 2073 1524 2100 cursu

273 2121 421 2156 tantum
442 2118 614 2167 circique
635 2120 866 2166 certamine,
887 2120 1013 2158 sedin
1031 2118 1093 2157 his
1114 2117 1252 2166 spatiis
1274 2117 1374 2155 vitae
1393 2117 1522 2155 interi-

232 2177 255 2212 4
273 2182 320 2210 us
340 2170 577 2211 flectendum
596 2179 670 2212 est.
709 2173 934 2213 Studiorum
951 2182 1110 2222 quoque
1132 2183 1233 2220 quae
1251 2171 1525 2210 liberalissima

274 2227 441 2273 inpensa
467 2232 547 2275 est,
570 2228 720 2267 tamdiu
744 2228 934 2268 rationem
960 2226 1095 2274 habet,
1131 2226 1318 2275 quamdiu
1349 2226 1522 2265 modum.

275 2279 367 2328 Quo*
375 2280 675 2321 innumerabiles
690 2283 812 2323 libros
829 2288 867 2323 et
881 2281 1150 2330 bibliothecas,
1164 2291 1326 2330 quarum
1340 2280 1522 2320 dominus
