1592 2580
280 153 464 194 NATUR.
485 154 697 203 QUAEST.
726 154 901 194 LIB.111.
931 158 1106 196 27—29.
1252 151 1334 194 235

56 253 171 304 paria
195 257 300 294 sunt.
337 264 430 293 nam
456 264 530 303 par
554 253 732 304 undique
759 253 837 294 sibi
863 253 954 303 ipsa
980 253 1098 292 tellus
1119 256 1199 293 est:
1237 262 1337 292 cava

58 311 144 349 eius
158 314 197 349 et
215 309 334 358 plana
353 310 439 348 eius
459 310 649 349 inferiora
668 314 771 349 sunt.
804 310 878 348 sed
898 309 986 349 istis
1003 319 1029 348 a
1043 309 1121 348 deo
1142 307 1180 348 in
1200 313 1334 348 rotun—

58 366 152 404 dum
167 364 276 403 orbis
289 370 485 414 aequatus
501 371 574 405 est.
604 366 642 404 in
660 370 772 414 parte
788 369 919 404 autem
934 365 1023 404 eius
1039 370 1079 404 et
1092 364 1218 403 maria
1232 369 1337 411 sunt,

59 430 162 468 quae
189 419 229 459 in
256 421 375 460 unius
401 421 507 470 pilae
526 422 808 470 aequalitatem
829 421 1083 460 conveniunt.
1130 419 1213 459 Sed
1235 420 1340 460 sicut

57 487 223 525 campos
254 476 469 515 intuentem
499 486 603 526 quae
631 477 822 525 paulatim
848 475 1006 515 devexa
1034 481 1150 523 sunt,
1185 476 1338 523 fallunt,

56 532 116 570 sic
143 542 231 571 cum
258 543 340 571 non
364 531 630 581 intellegimus
651 537 884 572 curvaturas
904 532 1046 580 maris,
1074 531 1235 570 videtur
1254 533 1337 580 pla-

56 598 169 634 num,
198 587 390 636 quicquid
411 587 590 637 adparet.
621 593 661 627 at
679 588 776 627 illud
797 589 966 636 aequale
984 588 1100 627 terris
1118 592 1199 634 est,
1226 587 1336 626 ideo·

57 653 136 692 que
165 648 208 681 ut
235 643 393 691 effluat,
422 654 503 683 non
530 653 676 692 magna
702 644 808 682 mole
828 653 874 682 se
892 644 1012 692 tollit,
1042 643 1137 682 dum
1157 643 1257 682 satis
1277 647 1339 682 est

55 698 129 744 illi,
160 702 202 737 ut
229 709 353 747 supra
373 698 485 747 paria
502 698 655 746 veniat,
685 699 826 738 leviter
844 709 1083 747 exsurgere,
1113 708 1189 737 nec
1208 709 1232 737 a
1250 698 1339 737 lito—

54 764 119 801 re,
148 753 217 792 ubi
243 754 408 793 inferius
436 759 517 803 est,
551 754 626 793 sed
653 765 677 793 a
702 755 857 802 medio,
883 753 952 793 ubi
973 754 1038 793 ille
1059 755 1243 793 cumulus
1264 758 1338 802 est,

56 808 207 848 defluit.
260 809 367 858 Ergo
396 814 438 848 ut
466 810 570 849 solet
595 814 733 849 aestus
765 809 1071 859 aequinoctialis
1102 809 1178 849 sub
1205 809 1375 859 ipsum6

54 865 173 904 lunae
200 865 380 914 solisque
412 865 557 905 coitum
586 866 772 905 omnibus
800 865 888 904 aliis
914 865 1042 905 malor
1065 866 1240 913 undare,
1278 865 1338 904 sic

55 920 139 968 hic,
169 921 238 970 qui
265 921 318 959 ad
345 921 606 970 occupandas
632 926 761 960 terras
783 921 958 969 mittitur,
987 921 1115 960 solitis
1136 921 1337 960 maximis-

57 986 137 1025 que
165 976 374 1015 violentior
404 978 494 1026 plus
515 987 709 1026 aquarum
728 976 848 1015 trahit
866 987 942 1015 nec
962 981 1054 1016 ante
1074 987 1194 1025 quam
1213 987 1340 1026 supra

57 1032 263 1070 cacumina
289 1042 447 1078 eorum,
476 1043 581 1081 quos
607 1032 848 1082 perfusurus
877 1037 959 1080 est,
986 1033 1180 1072 montium
1202 1031 1337 1079 crevit,

56 1087 293 1127 devolvitur.
338 1087 415 1126 Per
434 1093 603 1127 centena
617 1088 723 1127 milia
739 1087 981 1137 quibusdam
998 1088 1098 1127 locis
1114 1093 1252 1127 aestus
1268 1098 1338 1126 ex-

56 1142 178 1182 currit
208 1142 397 1182 innoxius
423 1147 462 1182 et
489 1143 671 1183 ordinem
704 1149 851 1182 servat.
892 1143 945 1182 ad
976 1153 1205 1182 mensuram
1232 1142 1339 1182 enim

55 1199 200 1238 crescit
225 1200 449 1247 iterumque
477 1199 695 1238 decrescit:
723 1203 765 1238 at
790 1197 858 1238 illo
886 1203 1069 1248 tempore
1096 1199 1254 1238 solutus
1282 1199 1336 1236 le-

53 1253 172 1302 gibus
200 1253 289 1293 sine
314 1254 435 1294 modo
458 1254 592 1294 fertur.
639 1253 752 1302 „Qua
770 1254 980 1294 ratione2“
1014 1254 1163 1304 inquis.
1197 1254 1337 1293 eadem
1353 1256 1373 1291 7

51 1309 226 1357 ratione,
254 1320 335 1359 qua
359 1309 621 1360 conflagratio
641 1311 774 1349 futura
792 1315 867 1349 est.
911 1310 1134 1359 Utrumque
1153 1310 1215 1356 fit,
1247 1320 1336 1348 cum

53 1365 132 1404 deo
154 1365 285 1404 visum
305 1365 428 1404 ordiri
447 1365 631 1412 meliora,
660 1371 798 1404 vetera
818 1364 935 1404 finiri.
964 1376 1072 1414 aqua
1088 1370 1126 1404 et
1140 1365 1244 1413 ignis
1259 1371 1337 1404 ter-

53 1420 162 1459 renis
193 1420 457 1460 dominantur.
500 1431 552 1459 ex
577 1420 641 1459 his
669 1426 781 1460 ortus
808 1425 848 1459 et
879 1431 930 1459 ex
954 1420 1017 1460 his
1050 1419 1233 1460 interitus
1262 1425 1337 1459 est.

54 1485 150 1523 ergo
181 1475 427 1525 quandoque
455 1477 644 1524 placuere
669 1487 737 1515 res
762 1486 894 1514 novae
921 1476 1092 1523 mundo,
1121 1475 1240 1514 sicin
1261 1486 1337 1514 nos

52 1540 163 1569 mare
191 1531 376 1570 emittitur
402 1531 599 1582 desuper,
626 1535 670 1571 ut
695 1532 830 1571 fervor
867 1531 1074 1581 ignisque,
1108 1541 1197 1570 cum
1231 1531 1339 1570 aliud

53 1596 182 1635 genus
202 1585 311 1626 exitii
333 1587 492 1635 placuit.

133 1641 270 1680 XXIX.
308 1641 475 1690 Quidam
503 1643 732 1682 existimant
758 1647 905 1681 terram
935 1653 1099 1692 quoque
1120 1641 1279 1681 concuti
1298 1646 1372 1680 etl

54 1697 213 1746 dirupto
245 1698 333 1737 solo
362 1708 468 1736 nova
495 1697 701 1737 fluminum
729 1698 862 1747 capita
888 1698 1097 1747 detegere,
1127 1708 1234 1747 quae
1254 1708 1335 1736 am-

53 1752 161 1802 plius
189 1757 231 1791 ut
255 1763 278 1791 e
297 1753 416 1802 pleno
438 1753 693 1802 profundant.
737 1754 938 1801 Berosus,
967 1754 1036 1803 qui
1057 1754 1198 1792 Belum
1217 1753 1336 1792 inter-

52 1813 231 1857 pretatus
260 1813 340 1856 est,
371 1809 425 1847 ait
451 1809 528 1848 ista
554 1819 675 1848 cursu
705 1809 884 1850 siderum
909 1808 1010 1848 fieri.
1048 1809 1152 1849 adeo
1173 1807 1338 1858 quidem

52 1864 255 1910 adfirmat,
291 1868 334 1903 ut
360 1864 663 1913 conflagrationi
691 1869 731 1903 et
758 1863 912 1904 diluvio
943 1869 1102 1913 tempus
1130 1864 1336 1913 adsignet=

52 1930 194 1958 arsura
208 1920 313 1958 enim
327 1924 486 1958 terrena
500 1920 722 1968 contendit,
738 1920 901 1968 quando
917 1920 1052 1959 omnia
1065 1920 1211 1967 sidera,
1232 1929 1338 1968 quae

52 1985 158 2014 nunc
178 1975 363 2014 diversos
382 1979 504 2024 agunt
523 1986 687 2021 cursus,
718 1975 757 2013 in
778 1975 975 2014 Cancrum
998 1976 1258 2014 convenerint
1277 1974 1337 2014 sic

53 2031 128 2070 sub
148 2031 291 2070 eodem
312 2031 444 2080 posita
461 2031 653 2079 vestigio,
681 2034 726 2070 ut
743 2035 854 2069 recta
870 2031 978 2069 linea
996 2031 1107 2069 exire
1127 2041 1199 2080 per
1214 2030 1335 2070 orbes

55 2086 230 2125 omnium
258 2087 406 2135 possit:
443 2085 746 2125 inundationem
774 2086 967 2134 futuram,
1006 2096 1097 2125 cum
1120 2086 1260 2125 eadem
1281 2085 1335 2125 si-

54 2141 191 2181 derum
210 2142 328 2181 turba
350 2143 389 2180 in
411 2142 696 2190 Capricornum
716 2141 960 2180 convenerit.
1005 2141 1090 2180 Illic
1109 2141 1333 2189 solstitium,

53 2194 119 2234 hic
145 2196 286 2236 bruma
312 2197 541 2237 conficitur:
578 2207 748 2245 magnae
778 2197 988 2246 potentiae,
1009 2196 1145 2245 signa,
1172 2196 1333 2246 quando

54 2250 94 2289 in
114 2251 204 2300 ipsa
221 2253 440 2293 mutatione
459 2253 551 2290 anni
571 2257 772 2291 momenta
792 2257 897 2291 sunt.
940 2252 990 2290 Et
1008 2252 1107 2292 istas
1128 2262 1204 2301 ego
1222 2262 1332 2292 rece-
1347 2258 1370 2291 2

55 2307 180 2356 perim
209 2317 353 2349 causas
381 2314 533 2358 (neque
553 2307 656 2347 enim
678 2317 729 2346 ex
748 2319 830 2347 uno
850 2311 914 2347 est
930 2312 1039 2347 tanta
1057 2307 1276 2358 pernicies)
1295 2311 1333 2346 et
