1624 2626
317 181 368 221 10
387 182 517 221 DIAL.
527 182 556 220 Ι.
574 182 742 230 QUARE
753 182 942 230 ALIQUA
958 179 1257 220 INCOMMODA
1271 179 1417 219 BONIS
1431 180 1566 219 VIRIS

313 281 434 320 titiam
453 278 515 319 sui
534 279 816 328 experimento.
849 278 943 327 quid
960 278 1130 326 quisque
1147 281 1287 325 posset
1301 277 1376 316 nisi
1391 281 1582 325 temptan-

315 337 366 374 do
396 346 475 374 non
503 334 649 373 didicit.
691 334 825 382 itaque
845 333 1006 381 quidam
1033 331 1112 381 ipsi
1138 332 1238 370 ultro
1268 341 1312 370 se
1332 332 1582 372 cessantibus

314 389 428 428 malis
449 389 673 427 obtulerunt
691 393 730 427 et
746 389 874 426 virtuti
894 388 1017 425 iturae
1036 387 1075 424 in
1096 386 1311 425 obscurum
1330 386 1582 424 occasionem

277 455 300 489 4
316 455 386 493 per
408 454 526 492 quam
548 444 781 482 enitesceret
800 440 1067 490 quaesierunt.
1099 441 1290 488 Gaudent,
1311 441 1482 488 inquam,
1501 450 1582 478 ma-

313 499 379 547 gni
401 498 472 537 viri
492 498 704 546 aliquando
725 498 844 536 rebus
864 495 1063 543 adversis,
1091 506 1171 534 non
1191 495 1303 534 aliter
1323 505 1442 543 quam
1460 495 1583 533 fortes

313 553 456 591 milites
485 552 623 597 bellis;
649 551 899 600 Triumphum
926 560 1001 598 ego
1029 550 1313 588 murmillonem
1335 549 1408 587 sub
1427 549 1581 588 Tiberio

315 607 485 646 Caesare
517 607 568 644 de
601 607 758 645 raritate
793 615 996 643 munerum
1024 605 1155 642 audivi
1189 608 1436 652 querentem:
1469 613 1585 652 quam

313 663 430 709 bella,
454 661 589 709 inquit,
609 666 715 699 aetas
733 659 863 709 peric!
889 660 1019 698 Avida
1038 663 1098 698 est
1116 659 1280 708 periculi
1299 659 1423 697 virtus
1444 663 1482 696 et
1501 668 1581 706 quo

312 717 456 763 tendat,
478 727 557 754 non
578 716 672 764 quid
692 726 862 763 passura
881 715 931 752 sit
950 714 1113 762 cogitat:
1135 714 1319 762 quoniam
1338 714 1453 751 etiam
1475 712 1583 761 quod

313 781 484 819 passura
519 776 598 817 est,
636 770 786 818 gloriae
814 780 908 817 pars
937 773 1010 807 est.
1053 769 1240 807 militares
1266 768 1339 806 viri
1368 767 1584 815 gloriantur

312 825 557 871 volneribus,
586 824 677 862 laeti
703 824 890 862 fluentem
908 823 1060 862 meliori
1079 834 1178 862 casu
1197 823 1429 870 sanguinem
1450 826 1582 860 osten-

312 884 406 918 tant.
448 879 549 917 idem
579 879 671 917 licet
697 878 859 916 fecerint
878 878 945 926 qui
974 878 1112 926 integri
1131 881 1380 916 revertuntur
1407 886 1457 914 ex
1483 874 1581 922 acie,

277 934 438 981 smagis
466 938 668 981 spectatur
697 933 762 981 qui
791 933 952 971 saucius
972 933 1084 970 redit.
1120 932 1244 981 Ipsis,
1271 933 1451 980 inquam,
1480 930 1581 968 deus

315 987 503 1034 consulit,
530 998 631 1035 quos
658 997 750 1025 esse
777 998 895 1035 quam
917 987 1221 1025 honestissimos
1243 986 1369 1034 cupit,
1398 983 1582 1033 quotiens

314 1042 390 1080 illis
410 1040 608 1080 materiam
631 1041 794 1089 praebet
812 1041 961 1088 aliquid
981 1041 1159 1079 animose
1186 1040 1415 1088 fortiterque
1438 1039 1582 1077 facien-

316 1096 375 1143 di,
403 1096 455 1134 ad
483 1106 601 1143 quam
626 1106 709 1134 rem
729 1105 833 1143 opus
855 1099 916 1133 est
934 1094 1068 1142 aliqua
1086 1106 1217 1134 rerum
1239 1094 1485 1133 difficultate:
1511 1103 1581 1141 gu-

312 1151 561 1189 bernatorem
580 1151 619 1188 in
636 1154 880 1197 tempestate,
901 1150 939 1187 in
960 1149 1045 1187 acie
1061 1150 1219 1188 militem
1237 1149 1454 1196 intellegas.
1477 1147 1584 1186 unde

314 1215 480 1254 possum
501 1205 622 1251 scire,
652 1209 840 1252 quantum
860 1204 1052 1241 adversus
1072 1208 1343 1252 paupertatem
1369 1203 1436 1241 tibi
1466 1202 1583 1241 animi

314 1260 382 1306 sit,
413 1259 446 1298 si
466 1259 611 1297 divitiis
633 1259 810 1297 diffluis?
840 1258 947 1296 unde
969 1268 1135 1306 possum
1156 1259 1278 1306 scire,
1309 1261 1494 1306 quantum
1514 1256 1582 1294 ad-

312 1324 455 1352 versus
479 1312 732 1361 ignominiam
760 1317 798 1351 et
825 1312 1023 1350 infamiam
1043 1313 1256 1360 odiumque
1275 1312 1470 1360 populare
1490 1321 1582 1349 con-

315 1369 481 1407 stantiae
507 1368 675 1413 habeas,
707 1367 741 1406 si
768 1366 868 1404 inter
891 1367 1054 1414 plausus
1075 1367 1274 1414 senescis,
1302 1366 1392 1404 site
1412 1365 1580 1413 inexpu-

314 1422 481 1471 gnabilis
516 1427 554 1460 et
587 1421 838 1460 inclinatione
875 1421 1046 1468 quadam
1074 1421 1261 1458 mentium
1289 1430 1440 1468 pronus
1468 1421 1583 1458 favor

316 1478 521 1525 sequitur?
547 1477 654 1514 unde
682 1476 786 1522 scio,
817 1486 934 1523 quam
962 1485 1091 1523 aequo
1121 1475 1250 1513 animo
1270 1476 1420 1513 laturus
1442 1474 1499 1512 sis
1520 1484 1583 1512 or-

314 1531 493 1578 bitatem,
518 1531 552 1569 si
573 1539 848 1579 quoscumque
869 1530 1081 1577 sustulisti,
1101 1530 1244 1568 vides?
1264 1529 1397 1567 audivi
1414 1533 1472 1576 te,
1493 1539 1583 1567 cum

315 1586 415 1624 alios
435 1585 717 1624 consolareris:
744 1588 837 1622 tunc
858 1585 1179 1632 conspexissem,
1209 1583 1243 1622 si
1264 1588 1302 1621 te
1327 1582 1416 1632 ipse
1438 1593 1580 1622 conso-

278 1640 416 1678 Glatus
437 1650 572 1687 esses,
604 1640 638 1679 si
664 1644 702 1677 te
721 1639 809 1687 ipse
829 1638 964 1677 dolere
983 1639 1194 1677 vetuisses.
1235 1638 1381 1685 Nolite,
1411 1638 1580 1677 obsecro

314 1705 408 1742 vos,
436 1704 706 1742 expavescere
725 1694 820 1741 ista,
849 1703 951 1740 quae
972 1693 1011 1730 di
1030 1693 1256 1731 inmortales
1275 1693 1383 1730 velut
1401 1692 1581 1730 stimulos

314 1749 525 1788 admovent
544 1747 704 1787 animis:
726 1748 926 1786 calamitas
942 1747 1093 1786 virtutis
1113 1747 1272 1786 occasio
1292 1752 1363 1785 est.
1392 1745 1481 1785 illos
1500 1756 1581 1784 me-

313 1804 387 1842 rito
417 1804 503 1851 quis
533 1802 675 1841 dixerit
698 1802 888 1850 miseros,
913 1802 979 1850 qui
998 1802 1117 1840 nimia
1136 1801 1318 1841 felicitate
1336 1805 1580 1849 torpescunt,

277 1861 298 1897 7
316 1869 417 1907 quos
436 1859 543 1896 velut
568 1857 607 1895 in
626 1857 723 1895 mari
742 1858 847 1895 lento
866 1857 1126 1904 tranquillitas
1150 1856 1255 1894 iners
1275 1855 1434 1894 detinet.
1467 1856 1580 1903 Quic-

316 1913 411 1961 quid
430 1912 505 1951 illis
525 1912 725 1959 inciderit,
745 1922 892 1950 novum
909 1911 1052 1951 veniet.
1081 1911 1206 1959 magis
1225 1915 1365 1958 urgent
1385 1920 1506 1949 saeva
1524 1910 1582 1947 in-

316 1973 522 2015 expertos:
552 1977 672 2016 grave
699 1971 761 2005 est
787 1965 932 2005 teneris
954 1967 1174 2005 cervicibus
1194 1966 1339 2013 iugum.
1377 1965 1428 2003 ad
1448 1964 1579 2012 suspi-

317 2023 471 2060 cionem
498 2020 672 2060 volneris
698 2022 772 2060 tiro
800 2021 1000 2068 pallescit,
1030 2021 1218 2060 audacter
1236 2024 1446 2058 veteranus
1467 2029 1578 2057 cruo-

314 2087 398 2115 rem
416 2087 531 2114 suum
551 2079 720 2124 spectat,
753 2076 819 2124 qui
847 2076 921 2114 scit
939 2085 984 2114 se
1004 2085 1126 2123 saepe
1144 2074 1289 2112 vicisse
1310 2080 1402 2122 post
1421 2073 1578 2121 sangui-

316 2142 417 2170 nem.
454 2131 539 2169 Hos
559 2131 691 2179 itaque
711 2131 811 2170 deus
832 2140 933 2179 quos
954 2129 1112 2178 probat,
1143 2139 1244 2176 quos
1269 2133 1388 2177 amat,
1412 2128 1578 2173 indurat,

315 2185 577 2233 recognoscit,
599 2190 767 2224 exercet.
797 2195 868 2223 eos
889 2189 1018 2223 autem
1034 2183 1176 2232 quibus
1193 2183 1398 2231 indulgere
1413 2183 1579 2229 videtur,

318 2240 460 2288 quibus
478 2249 652 2288 parcere,
669 2242 806 2278 molles
822 2238 997 2278 venturis
1012 2238 1123 2276 malis
1141 2242 1283 2276 servat.
1312 2238 1449 2276 erratis
1465 2236 1579 2282 enim,
1613 2247 1615 2249 ·

317 2293 352 2334 si
378 2305 495 2344 quem
519 2293 702 2333 iudicatis
730 2300 957 2344 exceptum:
985 2294 1116 2332 veniet
1136 2293 1186 2331 ad
1213 2292 1320 2331 illum
1340 2293 1407 2331 diu
1426 2290 1579 2330 felicem
