1624 2626
283 172 333 213 18
388 172 518 211 DIAL.
540 172 585 210 ΙΙ.
615 171 684 211 AD
709 170 946 211 SERENUM
968 171 1063 210 NEC
1086 171 1317 211 lNlURIAM
1340 174 1435 213 NEC

283 270 515 309 dissuasuro
544 271 671 318 legem
692 275 785 318 toga
819 270 856 307 in
893 270 978 308 soro
1007 274 1115 308 esset
1141 277 1277 319 erepta
1306 273 1492 322 quodque
1521 286 1543 312 a

282 326 420 364 rostris
440 335 570 373 usque
591 325 642 363 ad
661 335 793 362 arcum
808 324 1020 362 Fabianum
1042 335 1113 373 per
1129 326 1342 365 seditiosae
1362 328 1541 367 factionis

283 391 421 418 manus
449 379 614 418 traditus
642 389 764 417 voces
791 378 979 426 inprobas
1009 382 1048 416 et
1075 384 1192 427 sputa
1220 386 1258 420 et
1292 381 1418 422 omnis
1447 384 1544 422 alias

283 436 446 473 insanae
465 433 721 472 multitudinis
742 432 1000 474 contumelias
1019 434 1259 482 pertulisset.

247 491 266 523 1
364 489 409 527 ΙΙ.
445 489 542 527 Tum
572 499 645 536 ego
673 487 862 534 respondi
889 486 1044 537 habere,
1070 489 1268 537 tegnquo‘d
1303 491 1546 539 reipublicae

285 544 440 582 nomine
468 543 701 586 movereris,
733 552 846 588 quam
875 541 965 579 hinc
991 542 1030 579 P.
1051 543 1229 592 Clodius,
1257 545 1347 583 hinc
1364 547 1544 585 Vatinius

285 609 331 636 ac
350 598 548 646 pessimus
572 596 740 644 quisque
757 596 1020 635 venumdabat
1035 602 1073 636 et
1092 607 1211 636 caeca
1226 601 1439 648 cupiditate
1460 611 1544 639 cor-

284 653 385 701 repti
413 663 492 691 non
518 651 784 697 intelligebant
811 660 854 688 se
882 649 985 704 dum,
1000 652 1193 700 vendunt,
1219 659 1257 693 et
1283 655 1435 693 venire:
1473 666 1545 703 pro

285 708 373 755 ipso
404 707 562 755 quidem
592 706 736 742 Catone
764 714 945 742 securum
963 699 1003 743 te
1020 716 1111 744 esse
1129 706 1241 746 iussi.
1278 711 1423 748 nullum
1445 710 1547 748 enim

286 762 502 810 sapientem
531 770 604 798 nec
624 759 802 797 iniuriam
823 759 1004 807 accipere
1024 771 1096 799 nec
1117 764 1387 802 contumeliam
1410 775 1544 812 posse,

287 817 470 855 Catonem
490 820 619 852 autem
640 814 782 852 certius
803 815 1003 861 exemplar
1024 816 1211 862 sapientiS
1230 819 1302 856 viri
1318 818 1432 856 nobis
1449 819 1546 857 deos

286 871 512 909 inmortales
546 868 707 907 dedisse
735 879 852 915 quam
879 869 1018 906 Ulixen
1050 874 1088 908 et
1113 870 1319 910 Herculem
1333 873 1546 932 2prioribus

287 924 444 963 seculis.
491 924 563 961 lios
593 922 694 960 enim
732 922 853 961 Stoici
887 923 1010 961 nostri
1047 924 1243 971 sapientes
1275 922 1547 974 pronuntiave-

285 984 394 1026 runt,
414 978 580 1017 invictos
601 977 820 1023 laboribus,
841 982 1130 1026 contemptores
1148 982 1357 1028 voluptatis
1374 987 1412 1020 et
1427 982 1547 1019 victo-

251 1035 271 1068 2
287 1044 350 1073 res
372 1034 542 1071 omnium
561 1037 764 1070 terrarum.
792 1032 885 1070 Cato
906 1043 981 1070 non
1005 1042 1092 1070 cum
1114 1034 1206 1072 seris
1222 1046 1359 1074 manus
1377 1037 1547 1084 eontulit,

288 1099 387 1137 quas
417 1087 636 1126 consectari
663 1086 862 1125 venatoris
890 1085 1138 1135 agrestisque
1166 1093 1243 1136 est,
1274 1100 1347 1128 nec
1375 1096 1549 1129 monstra

286 1144 376 1191 igne
405 1152 449 1180 ac
477 1143 580 1180 ferro
609 1146 843 1189 persecutus
873 1146 934 1179 est
960 1150 1036 1180 nee
1061 1141 1099 1179 in
1127 1151 1175 1179 ea
1200 1147 1374 1192 tempora
1401 1145 1547 1192 incidit,

290 1198 431 1245 quibus
461 1197 567 1234 credi
596 1202 735 1243 posset
755 1197 907 1234 coelum
927 1195 1099 1234 humeris
1114 1195 1230 1235 unius
1249 1197 1358 1241 inniti
1377 1209 1549 1239 excussa

289 1253 363 1290 iam
392 1252 551 1299 antiqua
578 1250 806 1288 credulitate
833 1255 870 1288 et
896 1251 1031 1288 seculo
1061 1252 1112 1289 ad
1141 1261 1330 1290 summam
1357 1254 1548 1301 perducto

290 1305 520 1344 sollertiam:
550 1315 637 1343 cum
667 1305 812 1359 ambitu
831 1314 1092 1352 congressus,
1122 1306 1344 1344 multiformi
1363 1310 1484 1356 malo,
1513 1313 1551 1347 et

290 1372 377 1399 cum
395 1360 590 1408 potentiae
605 1355 783 1404 inmensa
800 1359 1022 1409 cupiditate,
1040 1370 1157 1408 quam
1172 1365 1275 1399 totus
1293 1361 1398 1399 orbis
1415 1363 1453 1400 in
1470 1367 1549 1401 tres

289 1416 440 1454 divisus
462 1413 604 1453 satiare
624 1425 702 1456 non
724 1419 894 1462 poterat,
916 1413 1115 1453 adversus
1138 1415 1230 1453 vitia
1251 1415 1414 1454 civitatis
1434 1417 1544 1464 dege-

290 1470 461 1507 nerantis
491 1474 529 1508 et
555 1480 718 1517 pessum
747 1480 819 1506 sua
846 1469 953 1507 mole
975 1468 1138 1507 sidentis
1170 1469 1273 1508 stetit
1300 1471 1411 1508 solus
1433 1476 1470 1508 et
1488 1481 1552 1510 cae

291 1526 446 1562 dentem
472 1525 773 1572 rempublicam,
806 1527 988 1571 quantum
1017 1524 1134 1562 modo
1167 1535 1245 1562 una
1268 1525 1412 1563 retrahi
1439 1536 1552 1564 manu

292 1584 464 1626 poterat,
492 1579 635 1625 tenuit,
666 1579 792 1617 donec
815 1579 878 1615 vel
905 1577 1091 1626 abreptus
1111 1580 1174 1616 vel
1195 1578 1412 1618 abstractus
1434 1580 1550 1618 comi-

292 1639 368 1670 tem
397 1644 441 1671 se
468 1634 534 1671 diu
563 1638 803 1672 sustentatae
836 1632 972 1670 ruinae
1001 1633 1107 1672 dedit
1142 1634 1336 1681 simulque
1364 1634 1554 1671 exstincta

293 1692 402 1735 sunt,
427 1699 528 1736 quae
547 1689 659 1726 nefas
680 1693 762 1727 erat
781 1686 912 1726 dividi.
943 1697 1071 1735 neque
1093 1688 1193 1726 enim
1216 1687 1309 1727 Cato
1331 1693 1420 1735 post
1439 1688 1551 1726 liber—

257 1746 278 1780 3
294 1746 409 1780 tatem
432 1742 527 1780 vixit
546 1754 619 1781 nec
646 1743 805 1782 libertas
828 1745 923 1790 post
943 1742 1138 1780 Catonem.
1176 1743 1275 1780 Huic
1302 1748 1342 1781 tu
1363 1747 1476 1790 putas
1497 1743 1552 1780 in·

292 1796 429 1835 iuriam
458 1797 542 1834 fieri
570 1798 749 1846 potuisse
778 1807 802 1835 a
829 1799 993 1845 populo,
1028 1798 1136 1844 quod
1163 1801 1236 1836 aut
1256 1802 1476 1846 praeturam
1501 1798 1552 1836 illi

294 1852 459 1890 detraxit
478 1857 544 1891 aut
563 1856 719 1900 togam?
739 1852 847 1901 quod
863 1862 1020 1890 sacrum
1034 1852 1133 1892 -illud
1153 1855 1271 1900 caput
1290 1852 1552 1899 purgamentis

295 1905 375 1943 oris
403 1907 625 1955 adspersit?
653 1907 772 1947 Tutus
798 1911 860 1945 est
883 1907 1042 1955 sapiens
1071 1917 1143 1945 nec
1164 1906 1242 1944 ulla
1261 1906 1378 1944 adfici
1404 1911 1470 1945 aut
1496 1906 1552 1945 in·

298 1958 398 1998 iuria
418 1966 483 1998 aut
503 1963 736 2002 contumelia
756 1966 896 2009 potest.

262 2016 282 2048 1
406 2015 470 2051 111.
499 2017 648 2055 Videor
675 2016 767 2055 milti
789 2016 931 2055 intueri
959 2016 1127 2063 animum
1153 2020 1259 2054 tuum
1288 2015 1488 2054 incensum
1517 2021 1554 2054 et

299 2067 631 2109 effervescentem.
670 2081 787 2119 paras
815 2071 1057 2110 adclamare:
1087 2070 1226 2118 „Haec
1248 2076 1337 2109 sunt
1365 2081 1465 2118 quae
1479 2081 1551 2108 au-

299 2123 515 2161 ctoritatem
533 2127 754 2174 praeceptis
771 2126 912 2164 vestris
929 2125 1142 2164 detrahant.
1171 2135 1312 2172 magna
1333 2124 1553 2173 promittitis

300 2182 338 2215 et
358 2187 458 2225 quae
478 2187 528 2215 ne
544 2180 668 2226 optari
687 2181 856 2229 quidem,
877 2180 1020 2225 nedum
1034 2180 1140 2218 credi
1155 2179 1321 2227 possint.
1343 2179 1484 2218 deinde
1498 2179 1552 2216 in-

298 2232 432 2279 gentia
450 2232 569 2270 locuti
590 2244 676 2272 cum
697 2246 912 2284 pauperem
927 2235 1100 2283 negastis
1117 2244 1207 2272 esse
1228 2235 1454 2282 sapientem,
1475 2244 1552 2271 non

302 2286 454 2335 negatis
484 2288 611 2327 solere
640 2289 691 2327 illi
720 2295 757 2330 et
783 2300 938 2335 servum
967 2290 1045 2338 [vel
1065 2287 1261 2336 vestitum]
1293 2293 1331 2335 et
1357 2293 1498 2328 tectum
1518 2294 1559 2326 et
