1592 2580
672 386 715 439 L.
750 385 930 440 ANNAEI
965 386 1184 441 SENECAE

758 485 825 517 AD
860 485 1100 519 LUCILIUM

303 560 872 626 NATURALIUM
929 563 1556 631 QUAESTmNUM

794 672 967 712 LIBER
1002 671 1069 712 ΙΙΙ.

711 801 1160 849 [PRAEFATIO.]

260 884 278 917 1
389 874 473 912 Non
510 876 695 923 praeterit
732 887 812 924 me,
858 877 982 916 Lucili
1019 877 1190 915 virorum
1227 875 1390 924 optime,
1440 888 1556 925 quam

300 939 529 977 magnarum
555 940 685 968 rerum
712 931 966 969 fundamenta
1000 942 1145 980 ponam
1174 940 1317 978 seneX‚
1361 931 1426 979 qui
1445 942 1555 970 mun—

303 984 395 1021 dum
426 983 592 1022 circuire
620 984 805 1023 constitui
834 991 872 1023 et
894 996 1038 1024 causas
1058 990 1294 1033 secretaque
1314 986 1398 1023 eius
1419 995 1556 1024 eruere

300 1042 419 1085 atque
439 1038 524 1077 aliis
545 1040 749 1077 noscenda
768 1040 949 1087 prodere.
988 1040 1146 1087 quando
1174 1045 1251 1077 tam
1273 1041 1392 1077 multa
1413 1050 1554 1078 conse-

302 1103 419 1140 quar,
455 1097 533 1131 tam
570 1104 712 1141 sparsa
749 1094 948 1142 colligam,
986 1099 1064 1132 tam
1102 1095 1255 1132 occulta
1293 1094 1556 1142 perspiciam?

259 1152 281 1185 2
299 1146 450 1185 Premat
472 1157 567 1194 ergo
596 1153 782 1187 senectus
809 1153 849 1187 et
878 1148 1020 1187 obiciat
1040 1159 1165 1187 annos
1190 1149 1289 1186 inter
1307 1158 1410 1186 vana
1428 1149 1556 1186 studia

301 1207 584 1249 consumptos:
625 1206 732 1240 tanto
772 1202 897 1250 magis
929 1213 1139 1250 urgeamus
1175 1207 1214 1240 et
1245 1203 1386 1240 damna
1419 1202 1555 1240 aetatis

301 1256 401 1293 male
422 1260 630 1303 exemptae
651 1256 763 1294 labor
781 1258 943 1295 sarciat:
963 1268 1043 1295 nox
1058 1258 1108 1295 ad
1124 1257 1226 1294 diem
1244 1257 1418 1294 accedat.
1439 1267 1554 1295 occu-

301 1310 481 1357 pationes
506 1311 740 1348 recidantur.
776 1311 996 1358 patrimonii
1023 1312 1139 1358 longe
1165 1321 1187 1348 a
1215 1311 1372 1348 domino
1393 1311 1555 1350 iacentis

302 1374 396 1401 cura
423 1365 611 1402 solvatur.
648 1365 723 1402 sibi
749 1370 855 1403 totus
881 1366 1034 1403 animus
1053 1369 1169 1403 vacet
1188 1369 1225 1403 et
1246 1365 1294 1402 ad
1317 1367 1554 1415 contempla-

259 1420 281 1453 3
302 1418 448 1456 tionem
475 1418 536 1456 sui
567 1420 704 1457 saltem
729 1419 767 1457 in
797 1420 885 1466 ipso
919 1419 998 1457 fine
1024 1419 1222 1467 respiciat.
1254 1418 1387 1457 Faciet
1414 1430 1460 1457 ac
1482 1420 1556 1458 sibi

302 1472 461 1511 instabit
488 1478 526 1511 et
553 1473 696 1512 cotidie
727 1473 955 1512 brevitatem
989 1474 1177 1522 temporis
1212 1472 1400 1511 metietur.
1446 1475 1553 1521 quic-

303 1527 398 1575 quid
427 1526 615 1565 amissum
642 1532 721 1575 est,
749 1528 789 1566 id
817 1528 991 1576 diligenti
1016 1539 1093 1566 usu
1119 1528 1224 1566 vitae
1250 1527 1469 1575 praesentis
1494 1538 1554 1565 re-

303 1582 470 1629 colliget.
499 1581 770 1621 Fidelissimus
787 1587 848 1620 est
862 1583 912 1620 ad
928 1582 1094 1621 honesta
1110 1593 1160 1620 ex
1178 1582 1415 1631 poenitentia
1430 1587 1554 1620 trans-

303 1635 393 1674 itus.
461 1635 555 1674 libet
589 1636 705 1683 igitur
744 1636 838 1675 mihi
871 1637 1094 1675 exclamare
1125 1636 1233 1675 illum
1265 1641 1406 1684 poetae
1436 1636 1554 1674 incliti

305 1692 482 1728 versum:

480 1746 646 1783 tollimus
661 1747 830 1793 inqentes
849 1748 994 1785 animos
1010 1750 1050 1785 et
1066 1747 1237 1785 maxima
1251 1757 1374 1795 parvo

481 1803 647 1848 tempore
664 1802 850 1839 molimur.

301 1854 380 1892 hoe
399 1853 590 1902 dicerem,
623 1854 658 1892 si
686 1864 783 1902 puer
807 1855 1042 1903 iuvenisque
1070 1854 1238 1893 molirer.
1276 1852 1420 1892 nulium
1453 1853 1552 1891 enim

303 1919 381 1946 non
406 1913 484 1947 tam
511 1908 663 1956 magnis
689 1908 809 1948 rebus
827 1914 986 1957 tempus
1004 1914 1211 1957 angustum
1231 1914 1306 1946 estz
1336 1918 1440 1945 nunc
1459 1917 1553 1945 vero

303 1963 355 2001 ad
378 1973 462 2000 rem
482 1963 644 2010 seriam,
673 1973 852 2011 gravem,
883 1963 1103 2002 inmensam
1121 1968 1212 2011 post
1230 1962 1463 2000 meridianas
1483 1962 1552 2001 ho-

261 2025 368 2060 4ras
401 2016 658 2056 accessimus.
698 2017 905 2056 Faciamus
939 2018 1047 2066 quod
1078 2018 1116 2055 in
1148 2017 1284 2056 itinere
1316 2017 1399 2054 fie1i
1432 2017 1551 2055 solet:

306 2072 374 2120 qui
390 2072 540 2115 tardius
559 2070 756 2120 exierunt,
783 2072 990 2111 velocitate
1009 2076 1177 2120 pensant
1195 2081 1355 2109 moram.
1394 2071 1552 2109 festine·
1591 2065 1592 2072 ’

303 2136 392 2164 mus
418 2130 456 2164 et
481 2136 582 2174 opus
609 2126 744 2165 neseio
765 2137 815 2164 an
842 2126 1086 2175 superabile,
1113 2135 1295 2173 magnum
1317 2130 1439 2171 certe,
1468 2125 1555 2164 sine

304 2181 442 2220 aetatis
469 2181 725 2219 excusatione
747 2185 970 2230 tractemus.
1006 2180 1153 2221 Crescit
1170 2179 1344 2227 animus,
1371 2179 1553 2228 quotiens

306 2236 435 2284 coepti
452 2235 756 2283 magnitudinem
776 2236 946 2274 ostendit
964 2239 1004 2274 et
1020 2234 1181 2282 cogitat,
1204 2239 1392 2282 quantum
1406 2244 1551 2295 propo-
1582 2240 1585 2288 j

265 2293 288 2328 5
305 2289 401 2338 sito,
432 2300 510 2329 non
540 2294 727 2339 quantum
753 2289 829 2328 sibi
852 2289 1035 2339 supersit.
1079 2288 1369 2338 consumpsere
1396 2298 1439 2327 se
1467 2288 1550 2336 qui
1581 2289 1583 2334 j
