1624 2626
317 209 372 250 34
429 209 560 248 DIAL.
589 209 636 247 II.
667 208 763 247 NEC
781 208 1013 247 INIURIAM
1030 207 1124 247 NEC
1145 207 1356 247 CONTUM.
1376 218 1456 246 E'rc.

321 309 477 358 quando
497 308 613 346 etiam
632 307 869 346 salutaribus
892 317 971 346 non
990 318 1257 356 occurremua,
1271 308 1363 347 dum
1378 308 1578 347 muliebris

320 375 394 402 nos
415 373 509 401 cura
528 363 634 410 angit
651 362 800 410 aliquid
827 366 962 399 contra
979 362 1147 400 animum
1167 362 1365 401 audiendi.
1402 364 1577 411 aliquan-

320 420 372 457 do
406 418 522 456 etiam
549 417 688 455 obirati
725 416 950 464 potentibus
983 415 1210 464 detegemus
1244 417 1348 455 hunc
1383 418 1580 457 adfectum

320 471 594 520 intemperanti
614 471 802 509 libertate.
856 481 936 509 non
963 474 1023 508 est
1042 475 1169 509 autem
1189 471 1345 510 libertas
1367 471 1460 509 nihil
1487 473 1579 520 pati.

321 527 500 567 fallimur.
541 525 701 564 libertas
720 530 781 563 est
798 523 967 562 animum
986 534 1255 573 superponere
1275 526 1423 564 iniuriis
1440 531 1478 564 et
1493 537 1581 565 eum

320 583 452 620 facere
470 591 534 627 se,
556 591 607 618 ex
627 590 705 628 quo
727 581 813 618 solo
842 579 916 617 sibi
934 579 1145 627 gaudenda
1170 580 1337 619 veniant.
1387 582 1583 620 exteriora

321 637 519 675 deducere
539 646 563 673 a
582 645 647 681 se,
665 644 715 671 ne
735 633 910 681 inquieta
929 634 1082 681 agenda
1104 634 1154 672 sit
1172 634 1251 672 vita
1270 635 1442 673 omnium
1461 636 1579 682 riSUS,

321 691 494 730 omnium
513 690 668 737 linguas
688 688 848 729 timenti.
901 688 990 736 quis
1017 689 1118 726 enim
1146 694 1224 736 est,
1254 689 1320 737 qui
1344 700 1421 727 non
1451 692 1582 738 possit

284 748 306 781 3
322 744 595 784 contumeliam
616 744 759 790 facere,
781 743 814 780 si
835 742 1042 791 quisquam
1065 747 1221 790 potest?
1268 743 1432 782 Diverso
1454 750 1581 783 autem

321 799 496 838 remedio
517 803 646 836 utetur
673 798 836 845 sapiens
856 797 1154 845 adsectatorque
1181 798 1419 845 sapientiae:
1451 799 1581 847 inper-

321 855 434 893 fectis
455 853 558 890 enim
578 857 617 891 et
639 852 770 890 adhuc
797 852 849 890 ad
878 852 1076 900 publicum
1102 862 1146 889 se
1171 851 1358 890 iudicium
1385 853 1581 900 dirigenti-

319 907 394 947 bus
415 908 491 946 hoc
512 907 815 956 proponendum
842 910 903 944 est
930 906 1039 947 inter
1054 905 1215 944 iniurias
1241 906 1353 954 ipsos
1384 912 1581 946 contume-

320 964 478 1011 liasque
511 962 658 1000 debere
691 961 861 999 versari:
900 961 1032 998 omnia
1058 961 1206 999 leviora
1234 962 1413 1000 accident
1440 972 1581 1010 exspe-

321 1017 528 1057 ctantibus.
546 1027 624 1064 quo
643 1016 813 1064 quisque
828 1015 1033 1053 honestior
1046 1025 1201 1063 genere,
1219 1016 1331 1061 sama,
1351 1017 1582 1063 patrimonio

322 1076 394 1118 est,
413 1072 491 1110 hoc
511 1081 555 1109 se
574 1070 712 1109 fortius
732 1074 853 1117 gerat.
894 1080 1044 1107 memor
1070 1070 1110 1107 in
1137 1070 1263 1117 prima
1289 1070 1374 1108 acie
1400 1071 1500 1109 altos
1521 1081 1581 1109 or·

322 1126 436 1164 dines
457 1130 581 1172 stare,
602 1124 858 1163 contumelias
880 1129 919 1162 et
938 1124 1060 1162 verba
1078 1124 1274 1172 probrosa
1293 1130 1331 1163 et
1350 1125 1582 1172 ignominias

322 1186 361 1219 ct
392 1185 523 1219 cetera
555 1179 908 1217 dehonestamenta
933 1179 1039 1217 velut
1066 1181 1276 1217 clamorem
1295 1179 1466 1218 hostium
1485 1182 1584 1219 serat

322 1240 362 1273 et
378 1235 597 1283 longinqua
616 1235 694 1272 tela
713 1238 752 1271 et
772 1243 871 1271 saxa
886 1233 972 1271 sine
991 1233 1151 1271 volnere
1172 1234 1276 1278 circa
1303 1235 1437 1282 galeas
1458 1236 1582 1283 erepi-

321 1290 454 1328 tantia.
497 1288 659 1328 iniurias
686 1299 781 1326 vero
807 1293 850 1326 ut
876 1289 1056 1334 volnera,
1088 1289 1163 1326 alia
1183 1288 1319 1336 armis,
1342 1288 1416 1327 alia
1435 1291 1585 1337 pectori

322 1344 463 1391 infixa,
495 1353 575 1381 non
602 1343 798 1388 deiectus,
832 1352 881 1379 ne
907 1347 1036 1381 motus
1057 1343 1215 1390 quidem
1236 1343 1362 1391 gradu
1381 1345 1585 1382 sustineat.

323 1398 476 1437 etiamsi
517 1397 706 1445 premeris
741 1401 779 1435 et
810 1397 952 1435 infesta
985 1397 1022 1434 vi
1053 1397 1226 1444 urgeris,
1281 1398 1423 1436 cedere
1455 1403 1584 1436 tamen

322 1459 437 1501 turpe
469 1457 546 1490 est:
584 1451 831 1498 adsignatum
861 1462 885 1488 a
911 1456 1048 1489 natura
1081 1452 1209 1490 locum
1247 1456 1370 1490 tuere.
1428 1454 1586 1500 quaeris

287 1512 310 1546 4
325 1509 414 1556 quis
433 1506 495 1544 hic
515 1506 565 1544 sit
583 1507 723 1544 locus?
752 1505 836 1543 viri.
877 1504 1052 1554 Sapienti
1080 1507 1185 1544 aliud
1213 1507 1398 1544 auxilium
1418 1511 1480 1545 est
1495 1507 1586 1546 huic

324 1561 575 1601 contrarium.
615 1570 689 1598 vos
710 1560 812 1598 enim
830 1570 913 1597 rem
932 1561 1085 1608 geritis,
1114 1560 1167 1598 illi
1194 1566 1306 1609 parta
1323 1561 1489 1599 victoria
1511 1567 1584 1600 est.

324 1617 380 1655 Ne
398 1619 615 1664 repugnate
634 1612 767 1653 vestro
788 1615 894 1653 bono
919 1620 957 1654 et
983 1615 1084 1653 hanc
1104 1626 1235 1663 spem,
1264 1616 1357 1654 dum
1379 1616 1430 1653 ad
1451 1627 1585 1654 verum

324 1670 582 1720 pervenistis,
617 1669 706 1708 alite
725 1670 763 1707 in
784 1669 922 1708 animiS
949 1670 1197 1718 libentesque
1226 1670 1389 1708 meliora
1415 1671 1584 1718 excipite

325 1731 364 1764 et
383 1724 569 1774 opinione
597 1734 642 1762 ac
671 1728 764 1762 voto
795 1724 940 1762 iuvate:
970 1735 1062 1762 esse
1092 1725 1239 1773 aliquid
1265 1723 1461 1769 invictum,
1492 1735 1584 1763 esse

326 1780 508 1827 aliquem,
525 1780 563 1817 in
584 1789 700 1827 quem
717 1778 811 1816 nihil
827 1780 981 1818 fortuna
1003 1780 1143 1828 possit,
1168 1790 1189 1818 e
1212 1778 1414 1827 republica
1435 1784 1496 1818 est
1517 1790 1583 1827 ge·
1623 1810 1624 1818 ,

327 1836 431 1874 neris
455 1834 626 1873 humani.
