1624 2626
304 139 385 180 280
673 137 717 175 L.
744 136 934 181 ANNAEI
963 135 1186 175 SENECAE

305 236 499 284 vimus**]
521 235 795 275 subsiluimus:
826 235 884 273 sic
905 235 1004 273 haec
1023 236 1199 274 inmensa
1218 235 1422 275 multitudo
1442 236 1558 297 uniffs

307 295 459 332 animae
476 291 724 331 circumdata
735 290 838 328 illius
858 289 998 338 spiritu
1012 290 1178 338 regitur,
1203 291 1307 329 illius
1323 292 1473 330 ratione
1487 290 1558 329 fle-

307 349 422 387 ctitur
448 356 638 395 pressura
666 355 711 384 se
737 355 784 382 ac
809 345 979 383 fractura
996 343 1146 383 viribus
1166 345 1268 394 suis,
1298 345 1375 384 nisi
1394 345 1558 384 consilio
1580 358 1585 361 ¹

307 402 576 441 sustineretur.

271 464 290 496 1
387 456 454 493 IV.
486 455 604 494 Suam
624 454 756 502 itaque
777 451 1080 492 incolumitatem
1101 458 1249 501 amant,
1276 464 1365 493 cum
1387 464 1458 502 pro
1477 465 1557 492 uno

306 510 466 550 homine
496 510 621 547 denas
649 508 827 556 legiones
855 508 894 545 in
925 506 1046 546 aciem
1067 508 1284 556 deducunt,
1315 519 1404 547 cum
1422 509 1460 546 in
1481 509 1557 556 pri-

307 576 409 604 mam
439 565 604 602 frontem
631 567 866 612 procurrunt
893 566 932 600 et
957 561 1126 600 adversa
1150 562 1378 602 volneribus
1396 568 1560 611 pectora

309 621 455 665 ferunt,
481 629 530 656 ne
549 617 796 666 imperatoris
813 615 873 655 sui
887 617 1001 664 signa
1015 621 1225 655 vertantur.
1267 617 1335 656 Ille
1351 622 1412 655 est
1426 617 1557 664 [enim]

308 675 526 720 vinculum,
558 683 627 721 per
649 673 757 720 quod
777 671 1002 719 respublica
1023 671 1225 718 cohaeret,
1250 672 1313 709 ille
1329 671 1489 720 spin'tus
1504 672 1559 709 vi-

309 730 415 776 talis,
444 738 560 775 quem
587 727 686 765 haec
712 730 769 764 tot
796 725 901 764 milia
926 725 1101 772 trahunt,
1129 725 1222 763 nihil
1241 725 1331 774 ipsa
1350 736 1420 774 per
1439 736 1483 764 se
1502 727 1559 764 fu-

311 789 396 822 tura
413 783 488 821 nisi
509 792 609 820 onus
630 786 668 819 et
687 781 852 830 praeda,
873 780 906 818 si
926 790 1038 818 mens
1053 779 1118 818 illa
1133 779 1284 828 imperii
1300 779 1559 819 subtrahatur.

266 843 288 876 2
412 863 414 865 -
567 836 673 883 Reqe
692 836 872 874 incolumi
888 845 992 874 mens
1012 836 1181 874 omnibus
1201 846 1302 874 una.-

415 892 552 930 ame'sso
570 902 712 938 rupere
726 891 855 938 fidem.

306 945 379 985 Hic
400 956 518 984 casus
539 946 741 983 Romanae
761 944 872 993 pacis
893 943 1053 984 exitium
1070 944 1160 992 erit,
1180 943 1244 982 hic
1257 943 1352 984 tanti
1368 944 1561 983 fortunam

307 1001 447 1049 populi
473 1000 512 1038 in
533 1000 667 1038 ruinas
690 1005 790 1047 aget.
825 999 975 1037 tamdiu
994 999 1043 1037 ab
1063 998 1139 1038 isto
1161 1000 1336 1047 periculo
1357 998 1480 1037 aberit
1497 998 1561 1037 hic

307 1055 500 1103 populus,
538 1052 726 1102 quamdiu
751 1052 851 1091 sciet
880 1054 983 1091 ferre
1013 1054 1165 1101 frenos,
1206 1064 1307 1102 quos
1337 1052 1372 1091 si
1402 1053 1560 1101 quando

307 1109 508 1156 abruperit
535 1110 596 1146 vel
624 1108 757 1155 aliquo
787 1117 884 1145 casu
911 1105 1118 1146 discussos
1145 1108 1285 1156 reponi
1313 1106 1389 1146 sibi
1415 1118 1561 1155 passus

308 1174 387 1202 non
417 1162 506 1209 erit,
534 1162 633 1200 haec
660 1162 789 1200 unitas
810 1167 848 1200 et
866 1161 929 1200 hic
949 1162 1106 1200 maximi
1126 1162 1278 1210 imperii
1298 1166 1504 1201 contextus
1523 1161 1561 1199 in

307 1223 440 1266 partes
460 1218 601 1255 multas
617 1216 801 1263 dissiliet,
821 1216 1006 1264 idemque
1021 1216 1112 1254 huic
1129 1215 1215 1254 urbi
1231 1216 1458 1254 dominandi
1471 1216 1561 1254 finis

266 1276 290 1311 3
308 1273 397 1319 erit,
417 1270 485 1319 qui
505 1271 670 1319 parendi
691 1271 818 1309 suerit.
863 1271 958 1308 Ideo
975 1271 1174 1319 principes
1194 1280 1391 1318 regesque
1406 1277 1444 1308 et
1464 1280 1561 1318 quo-

308 1336 478 1374 cumque
505 1324 581 1363 alio
606 1325 764 1364 nomine
791 1329 883 1363 sunt
908 1329 1058 1364 tutores
1086 1329 1209 1363 status
1239 1324 1384 1373 publici
1403 1335 1480 1362 non
1502 1329 1563 1363 est

307 1381 446 1418 mirum
468 1379 588 1417 amari
607 1381 707 1418 ultra
728 1379 902 1428 privatas
922 1380 1038 1418 etiam
1061 1378 1389 1417 necessitudines.
1417 1389 1507 1416 nam
1526 1379 1562 1417 si

307 1435 415 1474 sanis
443 1434 665 1472 hominibus
695 1433 850 1482 publica
877 1434 1040 1482 privatis
1059 1434 1215 1482 potiora
1234 1437 1342 1480 sunt,
1371 1432 1562 1480 sequitur,

307 1495 350 1528 ut
368 1490 402 1527 is
426 1498 586 1538 quoque
605 1489 734 1527 carior
751 1489 819 1536 sit,
849 1488 887 1525 in
909 1498 1023 1536 quem
1045 1498 1089 1526 se
1107 1487 1333 1536 respublica
1349 1486 1561 1526 convertit:

309 1546 401 1583 olim
429 1543 531 1581 enim
557 1543 611 1581 ita
631 1553 675 1582 se
694 1543 818 1581 induit
835 1542 1076 1591 reipublicae
1098 1542 1261 1589 Caesar,
1289 1546 1331 1580 ut
1350 1542 1486 1580 seduci
1507 1543 1561 1579 al·

309 1602 434 1637 terum
452 1607 531 1635 non
552 1598 681 1645 possit
699 1597 785 1636 sine
803 1596 1009 1645 utriusque
1027 1596 1213 1646 pernicie.
1242 1607 1332 1634 nam
1346 1600 1388 1635 ut
1401 1596 1455 1634 illi
1472 1595 1561 1634 viri-

307 1653 383 1692 bus
404 1663 507 1700 opus
528 1657 606 1698 est,
636 1652 688 1690 ita
707 1657 745 1690 et
764 1651 855 1690 huic
876 1651 1015 1700 capite.
1390 1660 1392 1663 ·

269 1713 289 1746 1
387 1708 437 1745 V.
466 1705 640 1754 Longius
655 1707 810 1744 videtur
824 1706 1046 1745 recessisse
1061 1716 1086 1744 a
1101 1706 1304 1755 proposito
1321 1705 1444 1744 oratio
1461 1715 1560 1752 mea,

308 1766 349 1800 at
376 1761 622 1807 mehercules
647 1770 730 1798 rem
757 1761 883 1809 ipsam
914 1761 1064 1809 premit.
1102 1771 1194 1799 nam
1221 1760 1274 1808 si,
1301 1760 1408 1808 quod
1431 1759 1560 1797 adhuc

310 1815 521 1864 colligitur,
555 1821 598 1854 tu
624 1816 778 1853 animus
809 1815 1050 1863 reipublicae
1082 1820 1173 1854 tuae
1207 1825 1275 1863 eS,
1316 1815 1382 1852 illa
1414 1824 1560 1862 corpus

307 1876 437 1916 tuum,
467 1870 602 1916 vides,
641 1874 684 1908 ut
711 1875 826 1917 puto,
857 1880 973 1918 quam
1002 1869 1231 1909 necessaria
1259 1869 1463 1907 clementia
1490 1868 1559 1906 sit:

307 1925 377 1962 tibi
396 1925 500 1962 enim
520 1924 670 1972 parcis,
700 1935 787 1963 cum
808 1924 953 1963 videris
972 1925 1082 1963 alteri
1101 1933 1277 1973 parcere.
1317 1922 1561 1960 Parcendum

309 1980 442 2027 itaque
453 1982 514 2017 est
529 1979 644 2017 etiam
660 1978 696 2016 in
703 1979 916 2027 probandis
929 1979 1079 2017 civibus
1094 1989 1172 2017 non
1188 1977 1299 2016 aliter
1308 1987 1426 2025 quam
1440 1987 1559 2014 mem—

310 2033 391 2070 bris
413 2034 707 2081 languentibus,
737 2029 830 2071 et'si
850 2031 1008 2082 quando
1024 2033 1145 2071 misso
1163 2032 1353 2079 sanguine
1367 2041 1470 2078 opus
1487 2035 1558 2076 est,

312 2086 544 2125 sustinenda
562 2093 623 2126 est
639 2089 803 2139 [manus]
817 2117 826 2136 ,
845 2098 895 2126 ne
908 2088 1009 2126 ultra
1025 2097 1139 2135 quam
1155 2095 1321 2123 necesse
1338 2085 1388 2123 sit
1401 2085 1558 2122 incidat.

274 2146 296 2179 2
310 2140 380 2179 Est
404 2151 520 2189 ergo,
547 2147 590 2180 ut
607 2142 806 2190 dicebam,
833 2142 1038 2181 clementia
1057 2140 1236 2180 omnibus
1258 2139 1415 2187 quidem
1435 2139 1558 2177 homi-

311 2195 428 2233 nibus
449 2197 664 2234 secundum
685 2202 880 2243 naturam,
901 2195 1069 2234 maxime
1088 2199 1216 2233 tamen
1232 2194 1378 2232 decora
1393 2194 1560 2242 impera-

313 2249 475 2297 toribus,
499 2256 645 2298 quanto
666 2252 756 2300 plus
774 2251 893 2290 habet
909 2249 1130 2299 apudillos,
1149 2248 1256 2297 quod
1273 2252 1415 2296 servet,
1437 2257 1559 2297 quan·
