1624 2626
314 190 394 231 116
556 191 600 228 L.
627 189 813 228 ANNAEI
844 188 1068 228 SENECAE
1095 189 1225 228 DIAL.
1252 184 1318 227 VI.

314 291 440 329 fuisse
459 288 535 328 sibi
562 289 747 327 consessa
765 293 842 334 est,
871 289 959 336 plus
986 299 1101 337 quam
1131 290 1319 337 populum
1338 289 1566 333 Romanum,

317 355 434 393 quem
452 343 610 382 nolebat
626 344 773 382 tristem
788 343 940 381 tristitia
955 353 1028 381 sua
1041 344 1181 391 facere,
1204 345 1291 391 plus
1307 354 1423 391 quam
1435 344 1567 391 Augu-

315 404 438 446 stum,
463 397 532 447 qui
550 398 744 437 subducto
765 399 887 435 altero
908 397 1142 436 adminiculo
1161 397 1352 436 titubabat
1371 408 1444 436 nec
1463 399 1569 435 luctu

316 465 478 492 suorum
508 452 755 491 inclinandus
790 457 891 498 erat,
935 453 1025 500 plus
1062 463 1178 500 quam
1210 452 1406 490 Tiberium
1436 452 1568 498 filium,

318 509 429 547 cuius
453 508 578 556 pietas
605 507 820 552 efficiebat,
848 510 890 543 ut
917 506 954 543 in
976 507 1041 546 illo
1062 507 1204 544 acerbo
1225 511 1263 544 et
1282 506 1426 544 defleto
1445 507 1568 553 genti-

281 563 390 602 3bus
410 563 546 601 funere
564 562 658 608 nihil
678 561 753 599 sibi
772 559 848 598 nisi
876 571 1077 599 numerum
1105 561 1249 599 deesse
1277 561 1448 598 sentiret.
1486 560 1569 606 Hic,

316 622 360 656 ut
377 617 535 665 opinor,
564 616 693 654 aditus
716 616 768 653 illi
796 615 885 662 suit,
914 614 990 653 hoc
1009 615 1240 664 principium
1261 615 1369 663 apud
1390 615 1569 652 seminam

319 671 515 720 opinionis
550 681 647 709 suae
687 670 891 708 custodem
931 669 1287 718 diligentissimam:
1338 669 1500 717 „Usque
1532 669 1571 705 in

317 727 423 765 hunc
442 727 564 772 diem,
584 726 702 771 Iulia,
733 728 920 772 quantum
943 724 1101 772 quidem
1121 734 1195 772 ego
1216 724 1358 772 sciam,
1381 723 1572 761 adsiduus

317 781 392 819 viri
410 781 465 818 tui
484 790 630 825 comes,
649 779 711 818 cui
730 790 810 817 non
831 782 976 817 tantum
997 789 1099 826 quae
1118 778 1156 816 in
1176 778 1375 826 publicum
1395 777 1576 816 emittun-

320 840 382 874 tur
400 839 511 882 nota,
541 835 614 872 sed
642 843 779 872 omnes
807 837 898 871 sunt
924 832 1159 872 secretiores
1188 833 1404 871 animorum
1424 826 1574 870 vestro-

319 901 403 928 rum
423 893 565 935 motus,
587 888 730 926 dedisti
746 898 918 936 operam,
939 894 988 925 ne
1005 887 1099 936 quid
1115 892 1222 925 esset
1236 887 1346 935 quod
1362 887 1400 924 in
1414 892 1451 924 te
1469 885 1573 935 quis-

277 949 301 985 4
321 955 439 992 quam
466 942 783 992 reprehenderet.
824 952 898 980 nec
923 943 963 980 id
990 941 1028 980 in
1053 940 1267 979 maioribus
1293 942 1411 980 modo
1442 940 1574 978 obser-

322 999 434 1046 vasti,
456 999 527 1036 sed
546 998 584 1036 in
605 997 783 1043 minimis,
804 1007 854 1034 ne
874 997 969 1045 quid
988 997 1153 1042 faeereS,
1176 996 1238 1033 cui
1254 997 1408 1043 famam,
1428 995 1575 1033 uberri-

320 1065 423 1093 mam
460 1053 678 1102 principum
711 1051 903 1099 iudicem,
934 1052 1058 1088 velles
1098 1051 1318 1098 ignoscere.
1360 1060 1432 1088 nec
1468 1049 1577 1097 quic—

324 1119 442 1157 quam
473 1106 677 1156 pulchrius
711 1106 891 1144 existimo
920 1115 1037 1154 quam
1064 1105 1101 1142 in
1133 1115 1285 1143 summo
1313 1105 1468 1153 fastigio
1500 1104 1578 1141 col-

323 1165 471 1202 locatas
490 1163 696 1200 multarum
715 1171 846 1198 rerum
864 1159 1020 1198 veniam
1039 1159 1146 1206 dare,
1165 1159 1308 1197 nullius
1326 1163 1477 1207 petere:
1498 1166 1580 1195 ser—

323 1218 479 1256 vandus
507 1217 639 1264 itaque
666 1215 735 1255 tibi
766 1215 807 1253 in
833 1214 907 1252 hac
936 1224 1096 1263 quoque
1123 1224 1167 1252 re
1193 1219 1283 1252 tuus
1309 1224 1397 1252 mos
1417 1218 1497 1259 est,
1532 1221 1581 1249 ne

328 1273 424 1321 quid
443 1272 673 1317 committas,
695 1270 802 1318 quod
819 1269 947 1307 minus
967 1269 1127 1306 aliterve
1148 1269 1290 1306 factum
1308 1268 1421 1305 velis.

291 1324 309 1364 i
405 1328 455 1365 V.
471 1326 622 1365 Deinde
638 1335 708 1363 oro
726 1329 845 1372 atque
860 1325 1040 1371 obsecro,
1058 1326 1107 1361 ne
1122 1327 1158 1360 te
1178 1322 1376 1360 difficilem
1394 1320 1529 1360 amicis
1546 1325 1584 1358 et

328 1381 611 1420 intractabilem
631 1383 823 1428 praestes.
853 1389 932 1417 non
953 1383 1014 1416 est
1027 1377 1129 1415 enim
1146 1377 1253 1426 quod
1268 1377 1428 1425 ignores
1445 1385 1583 1414 omnes

327 1437 403 1475 hos
421 1435 596 1481 nescire,
617 1433 948 1482 quemadmodum
967 1442 1011 1471 se
1029 1437 1183 1480 gerant,
1208 1433 1419 1480 loquantur
1438 1430 1586 1478 aliquid

330 1501 463 1530 coram
489 1494 527 1527 te
555 1489 604 1527 de
622 1489 751 1527 Druso
772 1487 954 1535 annihil,
981 1497 1030 1525 ne
1051 1491 1117 1525 aut
1137 1486 1280 1525 oblivio
1302 1485 1509 1524 clarissimi
1529 1484 1585 1521 iu-

293 1551 314 1583 2
330 1546 440 1584 venis
461 1545 515 1583 illi
534 1544 651 1582 faciat
667 1543 847 1582 iniuriam
866 1547 933 1581 aut
949 1543 1094 1580 mentio
1115 1540 1195 1579 tibi.
1233 1541 1326 1578 Cum
1345 1539 1585 1578 secessimus

331 1606 369 1639 et
386 1599 426 1638 in
441 1609 562 1638 unum
577 1598 845 1645 convenimus,
867 1598 970 1635 facta
986 1596 1071 1634 eius
1087 1595 1270 1643 dictaque
1287 1599 1432 1643 quanto
1449 1593 1587 1631 meruit

332 1659 522 1703 suspectu
542 1654 797 1691 celebramus.
833 1662 965 1690 coram
985 1656 1023 1689 te
1043 1652 1160 1688 altum
1180 1650 1295 1688 nobis
1315 1650 1365 1687 de
1385 1649 1449 1686 illo
1470 1648 1586 1686 silen-

331 1711 427 1749 tium
445 1713 524 1747 est:
554 1717 666 1746 cares
686 1707 820 1755 itaque
839 1705 1010 1744 maxima
1037 1706 1259 1753 voluptate,
1289 1704 1356 1742 filii
1383 1704 1436 1742 tui
1464 1702 1587 1740 laudi-

333 1765 420 1811 bus,
441 1773 540 1812 quas
560 1765 639 1801 non
659 1762 794 1800 dubito
815 1761 907 1810 quin
929 1762 990 1798 vel
1010 1760 1196 1808 inpendio
1215 1759 1336 1805 vitae,
1358 1758 1392 1795 si
1412 1761 1587 1806 potestas

297 1820 467 1867 3detur,
499 1818 539 1855 in
572 1828 712 1855 aevum
747 1826 861 1855 omne
889 1815 943 1854 sis
976 1820 1243 1863 prorogatura.
1286 1812 1414 1860 Quare
1441 1815 1588 1860 patere,

335 1873 453 1912 immo
475 1882 636 1911 accerse
658 1881 882 1918 sermones,
918 1871 1061 1918 quibus
1082 1869 1146 1907 ille
1170 1872 1346 1906 narretur
1372 1871 1410 1904 et
1432 1870 1588 1914 apertas

338 1939 453 1967 aures
473 1927 619 1976 praebe
646 1926 697 1965 ad
719 1936 862 1964 nomen
888 1924 1193 1972 memoriamque
1218 1922 1286 1960 filii
1313 1922 1381 1959 tui.
1421 1931 1494 1958 nec
1513 1919 1590 1957 hoc

337 1993 457 2030 grave
477 1982 638 2020 duxeris
658 1986 874 2020 ceterorum
895 1990 1016 2026 more,
1037 1979 1104 2027 qui
1122 1978 1161 2016 in
1180 1976 1373 2015 eiusmodi
1390 1987 1487 2014 casu
1501 1984 1589 2022 par-

301 2043 414 2079 4tem
441 2037 532 2075 mali
558 2041 695 2085 putant
719 2036 854 2074 audire
881 2035 1031 2073 solatia.
1072 2033 1181 2071 Nunc
1208 2030 1419 2069 incubuisti
1445 2034 1525 2068 tota
1552 2028 1592 2066 in

340 2093 498 2129 alteram
527 2095 676 2139 partem
705 2096 743 2129 et
769 2090 888 2128 oblita
914 2088 1117 2127 meliorum
1149 2088 1344 2125 fortunam
1376 2091 1480 2123 tuam
1514 2094 1592 2131 qua

342 2146 511 2184 deterior
529 2151 589 2184 est
607 2146 795 2194 adspicis.
832 2155 912 2183 non
932 2141 1156 2182 convertisti
1173 2146 1210 2179 te
1230 2140 1282 2177 ad
1302 2137 1503 2179 convictus
1524 2137 1591 2175 filii

340 2201 396 2239 tui
424 2210 694 2248 occursusque
721 2200 936 2246 iucundos,
972 2207 1051 2236 non
1085 2196 1132 2234 ad
1172 2195 1350 2244 pueriles·
1375 2194 1592 2240 dulcesque

340 2255 569 2299 blanditias,
597 2266 675 2292 non
696 2255 747 2293 ad
773 2255 1011 2292 incrementa
1029 2251 1257 2290 studiorum.
1292 2249 1462 2288 ultimam
1487 2247 1593 2285 illam

345 2310 484 2348 faciem
502 2319 630 2346 rerum
652 2310 810 2357 premis.
851 2311 890 2347 in
909 2310 1032 2353 illam,
1063 2305 1174 2353 quasi
1197 2314 1332 2352 parum
1353 2305 1438 2351 ipsa
1459 2311 1529 2350 per
1549 2311 1592 2338 se
