<?xml version="1.0" encoding="UTF-8"?>
<!DOCTYPE html PUBLIC "-//W3C//DTD XHTML 1.0 Transitional//EN"
    "http://www.w3.org/TR/xhtml1/DTD/xhtml1-transitional.dtd">
<html xmlns="http://www.w3.org/1999/xhtml" xml:lang="en" lang="en">
 <head>
  <title>
</title>
<meta http-equiv="Content-Type" content="text/html;charset=utf-8" />
  <meta name='ocr-system' content='tesseract 3.04.00' />
  <meta name='ocr-capabilities' content='ocr_page ocr_carea ocr_par ocr_line ocrx_word'/>
</head>
<body>
  <div class='ocr_page' id='page_1' title='image "./operaquaesupersu01seneuoft/operaquaesupersu01seneuoft_0147.png"; bbox 0 0 1624 2626; ppageno 0'>
   <div class='ocr_carea' id='block_1_1' title="bbox 172 189 1349 234">
    <p class='ocr_par' dir='ltr' id='par_1_1' title="bbox 172 189 1349 234">
     <span class='ocr_line' id='line_1_1' title="bbox 172 189 1349 234; baseline -0.002 -1"><span class='ocrx_word' id='word_1_1' title='bbox 172 196 243 234; x_wconf 84' lang='lat' dir='ltr'>AD</span> <span class='ocrx_word' id='word_1_2' title='bbox 271 191 514 232; x_wconf 81' lang='lat' dir='ltr'>MARCIAM</span> <span class='ocrx_word' id='word_1_3' title='bbox 542 191 608 231; x_wconf 92' lang='lat' dir='ltr'>DE</span> <span class='ocrx_word' id='word_1_4' title='bbox 639 189 1036 231; x_wconf 84' lang='lat' dir='ltr'><strong>CONSOLATIONE.</strong></span> <span class='ocrx_word' id='word_1_5' title='bbox 1065 196 1224 231; x_wconf 81' lang='lat'><strong>20—22.</strong></span> <span class='ocrx_word' id='word_1_6' title='bbox 1268 189 1349 232; x_wconf 83' lang='lat'>133</span> 
     </span>
    </p>
   </div>
   <div class='ocr_carea' id='block_1_2' title="bbox 55 292 1395 2412">
    <p class='ocr_par' dir='ltr' id='par_1_2' title="bbox 55 292 1392 1350">
     <span class='ocr_line' id='line_1_2' title="bbox 61 292 1351 346; baseline -0.004 -9"><span class='ocrx_word' id='word_1_7' title='bbox 61 296 175 346; x_wconf 71' lang='lat' dir='ltr'>cuius</span> <span class='ocrx_word' id='word_1_8' title='bbox 201 300 567 345; x_wconf 79' lang='lat' dir='ltr'>quantumcumque</span> <span class='ocrx_word' id='word_1_9' title='bbox 595 292 715 332; x_wconf 77' lang='lat' dir='ltr'>fuerit</span> <span class='ocrx_word' id='word_1_10' title='bbox 740 292 1047 340; x_wconf 75' lang='lat' dir='ltr'>incrementum,</span> <span class='ocrx_word' id='word_1_11' title='bbox 1076 297 1157 332; x_wconf 84' lang='lat' dir='ltr'>non</span> <span class='ocrx_word' id='word_1_12' title='bbox 1183 292 1351 332; x_wconf 87' lang='lat' dir='ltr'>multum</span> 
     </span>
     <span class='ocr_line' id='line_1_3' title="bbox 58 347 1349 398; baseline -0.005 -4"><span class='ocrx_word' id='word_1_13' title='bbox 58 351 187 394; x_wconf 68' lang='lat' dir='ltr'>aberit</span> <span class='ocrx_word' id='word_1_14' title='bbox 205 350 397 391; x_wconf 70' lang='lat' dir='ltr'>anihilo?</span> <span class='ocrx_word' id='word_1_15' title='bbox 424 360 508 390; x_wconf 87' lang='lat' dir='ltr'>uno</span> <span class='ocrx_word' id='word_1_16' title='bbox 534 349 658 388; x_wconf 90' lang='lat' dir='ltr'>modo</span> <span class='ocrx_word' id='word_1_17' title='bbox 678 349 843 389; x_wconf 84' lang='lat' dir='ltr'>multum</span> <span class='ocrx_word' id='word_1_18' title='bbox 869 352 933 387; x_wconf 86' lang='lat' dir='ltr'>est</span> <span class='ocrx_word' id='word_1_19' title='bbox 962 347 1075 397; x_wconf 82' lang='lat' dir='ltr'>quod</span> <span class='ocrx_word' id='word_1_20' title='bbox 1099 348 1285 398; x_wconf 80' lang='lat' dir='ltr'>vivimus,</span> <span class='ocrx_word' id='word_1_21' title='bbox 1314 350 1349 395; x_wconf 83' lang='lat' dir='ltr'>si</span> 
     </span>
     <span class='ocr_line' id='line_1_4' title="bbox 58 404 1390 448; baseline -0.003 0"><span class='ocrx_word' id='word_1_22' title='bbox 58 407 159 448; x_wconf 79' lang='lat' dir='ltr'>satis</span> <span class='ocrx_word' id='word_1_23' title='bbox 177 412 252 447; x_wconf 86' lang='lat' dir='ltr'>est.</span> <span class='ocrx_word' id='word_1_24' title='bbox 294 406 406 446; x_wconf 83' lang='lat' dir='ltr'>Licet</span> <span class='ocrx_word' id='word_1_25' title='bbox 424 405 520 445; x_wconf 90' lang='lat' dir='ltr'>mihi</span> <span class='ocrx_word' id='word_1_26' title='bbox 538 407 704 445; x_wconf 66' lang='lat' dir='ltr'>vivaces</span> <span class='ocrx_word' id='word_1_27' title='bbox 723 404 821 445; x_wconf 82' lang='lat' dir='ltr'>etin</span> <span class='ocrx_word' id='word_1_28' title='bbox 838 404 1071 443; x_wconf 83' lang='lat' dir='ltr'>memoriam</span> <span class='ocrx_word' id='word_1_29' title='bbox 1094 404 1264 444; x_wconf 77' lang='lat' dir='ltr'>traditae</span> <span class='ocrx_word' id='word_1_30' title='bbox 1283 416 1347 444; x_wconf 45' lang='lat' dir='ltr'>se*</span> <span class='ocrx_word' id='word_1_31' title='bbox 1367 408 1390 443; x_wconf 81' lang='lat'><strong>3</strong></span> 
     </span>
     <span class='ocr_line' id='line_1_5' title="bbox 60 461 1347 509; baseline -0.002 -7"><span class='ocrx_word' id='word_1_32' title='bbox 60 462 350 504; x_wconf 88' lang='lat' dir='ltr'>nectutisviros</span> <span class='ocrx_word' id='word_1_33' title='bbox 361 462 556 509; x_wconf 86' lang='lat' dir='ltr'>nomines,</span> <span class='ocrx_word' id='word_1_34' title='bbox 578 466 773 500; x_wconf 84' lang='lat' dir='ltr'>centenos</span> <span class='ocrx_word' id='word_1_35' title='bbox 788 461 998 509; x_wconf 81' lang='lat' dir='ltr'>denosque</span> <span class='ocrx_word' id='word_1_36' title='bbox 1013 471 1262 509; x_wconf 83' lang='lat' dir='ltr'><strong>percenseas</strong></span> <span class='ocrx_word' id='word_1_37' title='bbox 1279 472 1347 500; x_wconf 50' lang='lat' dir='ltr'>an*</span> 
     </span>
     <span class='ocr_line' id='line_1_6' title="bbox 58 516 1352 566; baseline -0.002 -9"><span class='ocrx_word' id='word_1_38' title='bbox 58 530 156 559; x_wconf 75' lang='lat' dir='ltr'>nos:</span> <span class='ocrx_word' id='word_1_39' title='bbox 184 529 275 560; x_wconf 87' lang='lat' dir='ltr'>eum</span> <span class='ocrx_word' id='word_1_40' title='bbox 301 519 354 558; x_wconf 85' lang='lat' dir='ltr'>ad</span> <span class='ocrx_word' id='word_1_41' title='bbox 375 528 493 559; x_wconf 87' lang='lat' dir='ltr'>omne</span> <span class='ocrx_word' id='word_1_42' title='bbox 512 522 672 566; x_wconf 86' lang='lat' dir='ltr'>tempus</span> <span class='ocrx_word' id='word_1_43' title='bbox 694 516 894 556; x_wconf 82' lang='lat' dir='ltr'>dimiseris</span> <span class='ocrx_word' id='word_1_44' title='bbox 921 516 1111 564; x_wconf 85' lang='lat' dir='ltr'>animum,</span> <span class='ocrx_word' id='word_1_45' title='bbox 1140 517 1250 556; x_wconf 76' lang='lat' dir='ltr'>nulla</span> <span class='ocrx_word' id='word_1_46' title='bbox 1277 517 1352 556; x_wconf 83' lang='lat' dir='ltr'>erit</span> 
     </span>
     <span class='ocr_line' id='line_1_7' title="bbox 58 572 1348 623; baseline -0.002 -9"><span class='ocrx_word' id='word_1_47' title='bbox 58 576 124 614; x_wconf 87' lang='lat' dir='ltr'>illa</span> <span class='ocrx_word' id='word_1_48' title='bbox 141 574 369 614; x_wconf 88' lang='lat' dir='ltr'>brevissimi</span> <span class='ocrx_word' id='word_1_49' title='bbox 396 573 705 623; x_wconf 82' lang='lat' dir='ltr'>longissimique</span> <span class='ocrx_word' id='word_1_50' title='bbox 725 573 814 614; x_wconf 83' lang='lat' dir='ltr'>aevi</span> <span class='ocrx_word' id='word_1_51' title='bbox 834 572 1070 621; x_wconf 79' lang='lat' dir='ltr'>differentia,</span> <span class='ocrx_word' id='word_1_52' title='bbox 1099 572 1134 611; x_wconf 89' lang='lat' dir='ltr'>si</span> <span class='ocrx_word' id='word_1_53' title='bbox 1162 572 1348 622; x_wconf 87' lang='lat' dir='ltr'>inspecto</span> 
     </span>
     <span class='ocr_line' id='line_1_8' title="bbox 59 629 1374 680; baseline -0.003 -9"><span class='ocrx_word' id='word_1_54' title='bbox 59 635 213 680; x_wconf 82' lang='lat' dir='ltr'>quanto</span> <span class='ocrx_word' id='word_1_55' title='bbox 240 629 333 679; x_wconf 87' lang='lat' dir='ltr'>quis</span> <span class='ocrx_word' id='word_1_56' title='bbox 353 629 497 669; x_wconf 88' lang='lat' dir='ltr'>vixerit</span> <span class='ocrx_word' id='word_1_57' title='bbox 524 629 669 678; x_wconf 87' lang='lat' dir='ltr'>spatio,</span> <span class='ocrx_word' id='word_1_58' title='bbox 700 629 986 678; x_wconf 77' lang='lat' dir='ltr'>conparaveris</span> <span class='ocrx_word' id='word_1_59' title='bbox 1015 633 1162 678; x_wconf 88' lang='lat' dir='ltr'>quanto</span> <span class='ocrx_word' id='word_1_60' title='bbox 1191 640 1274 668; x_wconf 87' lang='lat' dir='ltr'>nou</span> <span class='ocrx_word' id='word_1_61' title='bbox 1293 629 1349 667; x_wconf 86' lang='lat' dir='ltr'>vi·</span> <span class='ocrx_word' id='word_1_62' title='bbox 1371 641 1374 644; x_wconf 57' lang='lat'><strong>⁴</strong></span> 
     </span>
     <span class='ocr_line' id='line_1_9' title="bbox 56 685 1392 735; baseline -0.002 -9"><span class='ocrx_word' id='word_1_63' title='bbox 56 686 172 726; x_wconf 84' lang='lat' dir='ltr'>xerit.</span> <span class='ocrx_word' id='word_1_64' title='bbox 198 686 356 727; x_wconf 89' lang='lat' dir='ltr'>Deinde</span> <span class='ocrx_word' id='word_1_65' title='bbox 374 685 410 726; x_wconf 93' lang='lat' dir='ltr'>si</span> <span class='ocrx_word' id='word_1_66' title='bbox 430 686 650 727; x_wconf 88' lang='lat' dir='ltr'>inmaturus</span> <span class='ocrx_word' id='word_1_67' title='bbox 672 685 851 735; x_wconf 68' lang='lat' dir='ltr'>[decessit</span> <span class='ocrx_word' id='word_1_68' title='bbox 866 685 943 732; x_wconf 66' lang='lat' dir='ltr'>tibi,</span> <span class='ocrx_word' id='word_1_69' title='bbox 962 690 1067 724; x_wconf 76' lang='lat' dir='ltr'>certe</span> <span class='ocrx_word' id='word_1_70' title='bbox 1078 685 1168 733; x_wconf 82' lang='lat' dir='ltr'>fato</span> <span class='ocrx_word' id='word_1_71' title='bbox 1186 695 1263 724; x_wconf 78' lang='lat' dir='ltr'>non</span> <span class='ocrx_word' id='word_1_72' title='bbox 1282 687 1349 724; x_wconf 81' lang='lat' dir='ltr'>in-</span> <span class='ocrx_word' id='word_1_73' title='bbox 1369 687 1392 719; x_wconf 73' lang='lat'><strong>4</strong></span> 
     </span>
     <span class='ocr_line' id='line_1_10' title="bbox 55 740 1348 790; baseline -0.002 -8"><span class='ocrx_word' id='word_1_74' title='bbox 55 746 247 790; x_wconf 79' lang='lat' dir='ltr'>maturus]</span> <span class='ocrx_word' id='word_1_75' title='bbox 269 741 459 783; x_wconf 86' lang='lat' dir='ltr'>decessit.</span> <span class='ocrx_word' id='word_1_76' title='bbox 489 742 589 781; x_wconf 81' lang='lat' dir='ltr'>vixit</span> <span class='ocrx_word' id='word_1_77' title='bbox 616 742 720 781; x_wconf 89' lang='lat' dir='ltr'>enim</span> <span class='ocrx_word' id='word_1_78' title='bbox 742 746 933 790; x_wconf 85' lang='lat' dir='ltr'>quantum</span> <span class='ocrx_word' id='word_1_79' title='bbox 954 740 1092 780; x_wconf 89' lang='lat' dir='ltr'>debuit</span> <span class='ocrx_word' id='word_1_80' title='bbox 1110 741 1260 779; x_wconf 83' lang='lat' dir='ltr'>vivere.</span> <span class='ocrx_word' id='word_1_81' title='bbox 1290 741 1348 779; x_wconf 85' lang='lat' dir='ltr'>ni·</span> 
     </span>
     <span class='ocr_line' id='line_1_11' title="bbox 56 796 1349 847; baseline -0.001 -11"><span class='ocrx_word' id='word_1_82' title='bbox 56 798 112 837; x_wconf 85' lang='lat' dir='ltr'>hil</span> <span class='ocrx_word' id='word_1_83' title='bbox 130 798 185 837; x_wconf 85' lang='lat' dir='ltr'>illi</span> <span class='ocrx_word' id='word_1_84' title='bbox 201 798 279 837; x_wconf 88' lang='lat' dir='ltr'>iam</span> <span class='ocrx_word' id='word_1_85' title='bbox 299 799 402 838; x_wconf 76' lang='lat' dir='ltr'>ultra</span> <span class='ocrx_word' id='word_1_86' title='bbox 426 802 651 847; x_wconf 81' lang='lat' dir='ltr'>supererat.</span> <span class='ocrx_word' id='word_1_87' title='bbox 688 797 777 836; x_wconf 89' lang='lat' dir='ltr'>Non</span> <span class='ocrx_word' id='word_1_88' title='bbox 799 808 880 836; x_wconf 88' lang='lat' dir='ltr'>una</span> <span class='ocrx_word' id='word_1_89' title='bbox 901 796 1132 836; x_wconf 85' lang='lat' dir='ltr'>hominibus</span> <span class='ocrx_word' id='word_1_90' title='bbox 1160 802 1349 836; x_wconf 79' lang='lat' dir='ltr'>senectus</span> 
     </span>
     <span class='ocr_line' id='line_1_12' title="bbox 58 852 1350 906; baseline -0.002 -13"><span class='ocrx_word' id='word_1_91' title='bbox 58 859 132 902; x_wconf 87' lang='lat' dir='ltr'>est,</span> <span class='ocrx_word' id='word_1_92' title='bbox 151 859 259 893; x_wconf 87' lang='lat' dir='ltr'>utne</span> <span class='ocrx_word' id='word_1_93' title='bbox 278 853 518 893; x_wconf 82' lang='lat' dir='ltr'>animalibus</span> <span class='ocrx_word' id='word_1_94' title='bbox 546 854 731 903; x_wconf 82' lang='lat' dir='ltr'>quidem:</span> <span class='ocrx_word' id='word_1_95' title='bbox 759 855 863 891; x_wconf 87' lang='lat' dir='ltr'>intra</span> <span class='ocrx_word' id='word_1_96' title='bbox 892 852 1198 906; x_wconf 84' lang='lat' dir='ltr'>quatuordecim</span> <span class='ocrx_word' id='word_1_97' title='bbox 1227 854 1350 902; x_wconf 87' lang='lat' dir='ltr'>quae-</span> 
     </span>
     <span class='ocr_line' id='line_1_13' title="bbox 58 908 1352 958; baseline -0.002 -9"><span class='ocrx_word' id='word_1_98' title='bbox 58 910 151 949; x_wconf 87' lang='lat' dir='ltr'>dam</span> <span class='ocrx_word' id='word_1_99' title='bbox 170 920 302 949; x_wconf 84' lang='lat' dir='ltr'>annos</span> <span class='ocrx_word' id='word_1_100' title='bbox 321 908 565 958; x_wconf 82' lang='lat' dir='ltr'>defatigavit,</span> <span class='ocrx_word' id='word_1_101' title='bbox 594 909 753 949; x_wconf 78' lang='lat' dir='ltr'>ethaeo</span> <span class='ocrx_word' id='word_1_102' title='bbox 782 909 860 948; x_wconf 84' lang='lat' dir='ltr'>illis</span> <span class='ocrx_word' id='word_1_103' title='bbox 888 908 1126 957; x_wconf 83' lang='lat' dir='ltr'>longissima</span> <span class='ocrx_word' id='word_1_104' title='bbox 1155 912 1352 948; x_wconf 76' lang='lat' dir='ltr'>aetasest</span> 
     </span>
     <span class='ocr_line' id='line_1_14' title="bbox 59 964 1352 1015; baseline -0.001 -11"><span class='ocrx_word' id='word_1_105' title='bbox 59 975 165 1015; x_wconf 88' lang='lat' dir='ltr'>quae</span> <span class='ocrx_word' id='word_1_106' title='bbox 178 964 328 1005; x_wconf 88' lang='lat' dir='ltr'>homini</span> <span class='ocrx_word' id='word_1_107' title='bbox 349 965 489 1014; x_wconf 87' lang='lat' dir='ltr'>prima.</span> <span class='ocrx_word' id='word_1_108' title='bbox 534 964 674 1013; x_wconf 83' lang='lat' dir='ltr'>dispar</span> <span class='ocrx_word' id='word_1_109' title='bbox 701 965 848 1013; x_wconf 85' lang='lat' dir='ltr'>cuique</span> <span class='ocrx_word' id='word_1_110' title='bbox 877 964 1039 1003; x_wconf 88' lang='lat' dir='ltr'>vivendi</span> <span class='ocrx_word' id='word_1_111' title='bbox 1059 964 1230 1003; x_wconf 79' lang='lat' dir='ltr'>facultas</span> <span class='ocrx_word' id='word_1_112' title='bbox 1257 965 1352 1003; x_wconf 82' lang='lat' dir='ltr'>data</span> 
     </span>
     <span class='ocr_line' id='line_1_15' title="bbox 58 1019 1350 1068; baseline -0.002 -8"><span class='ocrx_word' id='word_1_113' title='bbox 58 1026 134 1061; x_wconf 90' lang='lat' dir='ltr'>est.</span> <span class='ocrx_word' id='word_1_114' title='bbox 162 1031 285 1061; x_wconf 54' lang='lat' dir='ltr'>nemo&gt;</span> <span class='ocrx_word' id='word_1_115' title='bbox 302 1021 420 1060; x_wconf 87' lang='lat' dir='ltr'>nimis</span> <span class='ocrx_word' id='word_1_116' title='bbox 440 1021 519 1061; x_wconf 77' lang='lat' dir='ltr'>cito</span> <span class='ocrx_word' id='word_1_117' title='bbox 537 1021 718 1067; x_wconf 76' lang='lat' dir='ltr'>moritur,</span> <span class='ocrx_word' id='word_1_118' title='bbox 746 1019 842 1068; x_wconf 77' lang='lat' dir='ltr'>quia</span> <span class='ocrx_word' id='word_1_119' title='bbox 862 1020 1040 1059; x_wconf 87' lang='lat' dir='ltr'>victurus</span> <span class='ocrx_word' id='word_1_120' title='bbox 1061 1020 1209 1058; x_wconf 82' lang='lat' dir='ltr'>diutius</span> <span class='ocrx_word' id='word_1_121' title='bbox 1231 1030 1350 1068; x_wconf 88' lang='lat' dir='ltr'>quam</span> 
     </span>
     <span class='ocr_line' id='line_1_16' title="bbox 60 1074 1392 1125; baseline -0.003 -9"><span class='ocrx_word' id='word_1_122' title='bbox 60 1077 160 1117; x_wconf 83' lang='lat' dir='ltr'>vixit</span> <span class='ocrx_word' id='word_1_123' title='bbox 177 1088 260 1116; x_wconf 86' lang='lat' dir='ltr'>non</span> <span class='ocrx_word' id='word_1_124' title='bbox 282 1077 367 1116; x_wconf 87' lang='lat' dir='ltr'>fuit.</span> <span class='ocrx_word' id='word_1_125' title='bbox 404 1076 530 1119; x_wconf 84' lang='lat' dir='ltr'>Fixus</span> <span class='ocrx_word' id='word_1_126' title='bbox 551 1082 613 1117; x_wconf 89' lang='lat' dir='ltr'>est</span> <span class='ocrx_word' id='word_1_127' title='bbox 639 1076 787 1125; x_wconf 84' lang='lat' dir='ltr'>cuique</span> <span class='ocrx_word' id='word_1_128' title='bbox 806 1074 1020 1115; x_wconf 84' lang='lat' dir='ltr'>terminus:</span> <span class='ocrx_word' id='word_1_129' title='bbox 1046 1075 1225 1115; x_wconf 88' lang='lat' dir='ltr'>manebit</span> <span class='ocrx_word' id='word_1_130' title='bbox 1245 1086 1349 1114; x_wconf 85' lang='lat' dir='ltr'>sern-</span> <span class='ocrx_word' id='word_1_131' title='bbox 1371 1079 1392 1112; x_wconf 83' lang='lat'>5</span> 
     </span>
     <span class='ocr_line' id='line_1_17' title="bbox 59 1131 1350 1182; baseline -0.001 -10"><span class='ocrx_word' id='word_1_132' title='bbox 59 1143 132 1182; x_wconf 86' lang='lat' dir='ltr'>per</span> <span class='ocrx_word' id='word_1_133' title='bbox 153 1133 222 1172; x_wconf 88' lang='lat' dir='ltr'>ubi</span> <span class='ocrx_word' id='word_1_134' title='bbox 240 1133 398 1182; x_wconf 84' lang='lat' dir='ltr'>positus</span> <span class='ocrx_word' id='word_1_135' title='bbox 419 1138 494 1173; x_wconf 87' lang='lat' dir='ltr'>est.</span> <span class='ocrx_word' id='word_1_136' title='bbox 532 1142 607 1172; x_wconf 87' lang='lat' dir='ltr'>nec</span> <span class='ocrx_word' id='word_1_137' title='bbox 630 1132 740 1173; x_wconf 79' lang='lat' dir='ltr'>inum</span> <span class='ocrx_word' id='word_1_138' title='bbox 760 1131 928 1171; x_wconf 78' lang='lat' dir='ltr'>uiterius</span> <span class='ocrx_word' id='word_1_139' title='bbox 949 1131 1155 1180; x_wconf 76' lang='lat' dir='ltr'>diligentia</span> <span class='ocrx_word' id='word_1_140' title='bbox 1174 1137 1243 1170; x_wconf 88' lang='lat' dir='ltr'>aut</span> <span class='ocrx_word' id='word_1_141' title='bbox 1261 1142 1350 1181; x_wconf 81' lang='lat' dir='ltr'>gra-</span> 
     </span>
     <span class='ocr_line' id='line_1_18' title="bbox 58 1187 1349 1238; baseline -0.003 -10"><span class='ocrx_word' id='word_1_142' title='bbox 58 1188 112 1228; x_wconf 80' lang='lat' dir='ltr'>tia</span> <span class='ocrx_word' id='word_1_143' title='bbox 127 1188 394 1238; x_wconf 82' lang='lat' dir='ltr'>promovebit.</span> <span class='ocrx_word' id='word_1_144' title='bbox 425 1188 615 1237; x_wconf 84' lang='lat' dir='ltr'>sic-habe,</span> <span class='ocrx_word' id='word_1_145' title='bbox 634 1190 694 1228; x_wconf 82' lang='lat' dir='ltr'>m&#39;l</span> <span class='ocrx_word' id='word_1_146' title='bbox 711 1187 822 1227; x_wconf 80' lang='lat' dir='ltr'>iilum</span> <span class='ocrx_word' id='word_1_147' title='bbox 838 1197 890 1226; x_wconf 86' lang='lat' dir='ltr'>ex</span> <span class='ocrx_word' id='word_1_148' title='bbox 909 1187 1081 1227; x_wconf 89' lang='lat' dir='ltr'>consilio</span> <span class='ocrx_word' id='word_1_149' title='bbox 1095 1188 1349 1236; x_wconf 83' lang='lat' dir='ltr'>perdidisse:</span> 
     </span>
     <span class='ocr_line' id='line_1_19' title="bbox 57 1244 277 1287; baseline 0.018 -4"><span class='ocrx_word' id='word_1_150' title='bbox 57 1244 144 1285; x_wconf 85' lang='lat' dir='ltr'>tulit</span> <span class='ocrx_word' id='word_1_151' title='bbox 157 1255 277 1287; x_wconf 85' lang='lat' dir='ltr'>suum</span> 
     </span>
     <span class='ocr_line' id='line_1_20' title="bbox 354 1300 1036 1350; baseline -0.004 -10"><span class='ocrx_word' id='word_1_152' title='bbox 354 1306 548 1350; x_wconf 75' lang='lat' dir='ltr'>metasque</span> <span class='ocrx_word' id='word_1_153' title='bbox 570 1301 654 1340; x_wconf 79' lang='lat' dir='ltr'>dati</span> <span class='ocrx_word' id='word_1_154' title='bbox 666 1301 846 1350; x_wconf 77' lang='lat' dir='ltr'>pervenit</span> <span class='ocrx_word' id='word_1_155' title='bbox 865 1300 923 1339; x_wconf 83' lang='lat' dir='ltr'>ad</span> <span class='ocrx_word' id='word_1_156' title='bbox 939 1301 1036 1340; x_wconf 81' lang='lat' dir='ltr'>aevi.</span> 
     </span>
    </p>

    <p class='ocr_par' dir='ltr' id='par_1_3' title="bbox 60 1355 1395 2243">
     <span class='ocr_line' id='line_1_21' title="bbox 140 1355 1395 1406; baseline 0.002 -11"><span class='ocrx_word' id='word_1_157' title='bbox 140 1356 230 1396; x_wconf 82' lang='lat' dir='ltr'>Non</span> <span class='ocrx_word' id='word_1_158' title='bbox 249 1361 312 1396; x_wconf 90' lang='lat' dir='ltr'>est</span> <span class='ocrx_word' id='word_1_159' title='bbox 330 1356 467 1406; x_wconf 89' lang='lat' dir='ltr'>itaque</span> <span class='ocrx_word' id='word_1_160' title='bbox 482 1357 593 1405; x_wconf 84' lang='lat' dir='ltr'>quod</span> <span class='ocrx_word' id='word_1_161' title='bbox 612 1357 672 1396; x_wconf 90' lang='lat' dir='ltr'>sic</span> <span class='ocrx_word' id='word_1_162' title='bbox 691 1361 731 1395; x_wconf 89' lang='lat' dir='ltr'>te</span> <span class='ocrx_word' id='word_1_163' title='bbox 754 1366 921 1395; x_wconf 81' lang='lat' dir='ltr'>oneres:</span> <span class='ocrx_word' id='word_1_164' title='bbox 952 1355 1108 1405; x_wconf 87' lang='lat' dir='ltr'>„potuit</span> <span class='ocrx_word' id='word_1_165' title='bbox 1125 1355 1273 1395; x_wconf 91' lang='lat' dir='ltr'>diutius</span> <span class='ocrx_word' id='word_1_166' title='bbox 1291 1356 1349 1394; x_wconf 86' lang='lat' dir='ltr'>vi·</span> <span class='ocrx_word' id='word_1_167' title='bbox 1373 1362 1395 1397; x_wconf 87' lang='lat'><strong>6</strong></span> 
     </span>
     <span class='ocr_line' id='line_1_22' title="bbox 60 1411 1351 1462; baseline 0.001 -13"><span class='ocrx_word' id='word_1_168' title='bbox 60 1415 195 1452; x_wconf 89' lang='lat' dir='ltr'>vere.“</span> <span class='ocrx_word' id='word_1_169' title='bbox 220 1413 309 1452; x_wconf 89' lang='lat' dir='ltr'>Non</span> <span class='ocrx_word' id='word_1_170' title='bbox 330 1417 393 1452; x_wconf 81' lang='lat' dir='ltr'>est</span> <span class='ocrx_word' id='word_1_171' title='bbox 411 1413 633 1462; x_wconf 83' lang='lat' dir='ltr'>interrupta</span> <span class='ocrx_word' id='word_1_172' title='bbox 653 1411 741 1452; x_wconf 89' lang='lat' dir='ltr'>eius</span> <span class='ocrx_word' id='word_1_173' title='bbox 761 1412 843 1450; x_wconf 78' lang='lat' dir='ltr'>vita</span> <span class='ocrx_word' id='word_1_174' title='bbox 862 1422 939 1450; x_wconf 89' lang='lat' dir='ltr'>nec</span> <span class='ocrx_word' id='word_1_175' title='bbox 957 1422 1149 1461; x_wconf 89' lang='lat' dir='ltr'>umquam</span> <span class='ocrx_word' id='word_1_176' title='bbox 1169 1422 1214 1450; x_wconf 92' lang='lat' dir='ltr'>se</span> <span class='ocrx_word' id='word_1_177' title='bbox 1234 1413 1351 1451; x_wconf 86' lang='lat' dir='ltr'>annis</span> 
     </span>
     <span class='ocr_line' id='line_1_23' title="bbox 62 1468 1354 1518; baseline 0.002 -13"><span class='ocrx_word' id='word_1_178' title='bbox 62 1477 184 1514; x_wconf 82' lang='lat' dir='ltr'>casus</span> <span class='ocrx_word' id='word_1_179' title='bbox 203 1468 382 1508; x_wconf 85' lang='lat' dir='ltr'>intericit.</span> <span class='ocrx_word' id='word_1_180' title='bbox 412 1468 581 1509; x_wconf 87' lang='lat' dir='ltr'>solvitur</span> <span class='ocrx_word' id='word_1_181' title='bbox 601 1469 711 1518; x_wconf 90' lang='lat' dir='ltr'>quod</span> <span class='ocrx_word' id='word_1_182' title='bbox 730 1468 876 1517; x_wconf 89' lang='lat' dir='ltr'>cuique</span> <span class='ocrx_word' id='word_1_183' title='bbox 892 1469 1138 1516; x_wconf 90' lang='lat' dir='ltr'>promissum</span> <span class='ocrx_word' id='word_1_184' title='bbox 1161 1473 1236 1507; x_wconf 86' lang='lat' dir='ltr'>est.</span> <span class='ocrx_word' id='word_1_185' title='bbox 1256 1472 1354 1507; x_wconf 83' lang='lat' dir='ltr'>eunt</span> 
     </span>
     <span class='ocr_line' id='line_1_24' title="bbox 62 1523 1353 1574; baseline 0.001 -13"><span class='ocrx_word' id='word_1_186' title='bbox 62 1525 129 1562; x_wconf 79' lang='lat' dir='ltr'>via</span> <span class='ocrx_word' id='word_1_187' title='bbox 149 1534 224 1562; x_wconf 87' lang='lat' dir='ltr'>sua</span> <span class='ocrx_word' id='word_1_188' title='bbox 236 1524 318 1563; x_wconf 83' lang='lat' dir='ltr'>rata</span> <span class='ocrx_word' id='word_1_189' title='bbox 330 1534 406 1564; x_wconf 85' lang='lat' dir='ltr'>nec</span> <span class='ocrx_word' id='word_1_190' title='bbox 421 1525 598 1564; x_wconf 83' lang='lat' dir='ltr'>adiciunt</span> <span class='ocrx_word' id='word_1_191' title='bbox 613 1525 830 1574; x_wconf 88' lang='lat' dir='ltr'>quicquam</span> <span class='ocrx_word' id='word_1_192' title='bbox 845 1534 922 1563; x_wconf 86' lang='lat' dir='ltr'>nec</span> <span class='ocrx_word' id='word_1_193' title='bbox 937 1534 990 1562; x_wconf 86' lang='lat' dir='ltr'>ex</span> <span class='ocrx_word' id='word_1_194' title='bbox 1006 1523 1209 1572; x_wconf 86' lang='lat' dir='ltr'>promisso</span> <span class='ocrx_word' id='word_1_195' title='bbox 1225 1524 1353 1562; x_wconf 89' lang='lat' dir='ltr'>semel</span> 
     </span>
     <span class='ocr_line' id='line_1_25' title="bbox 63 1578 1353 1629; baseline 0.002 -13"><span class='ocrx_word' id='word_1_196' title='bbox 63 1578 238 1618; x_wconf 81' lang='lat' dir='ltr'>demunt.</span> <span class='ocrx_word' id='word_1_197' title='bbox 290 1579 439 1620; x_wconf 86' lang='lat' dir='ltr'>frustra</span> <span class='ocrx_word' id='word_1_198' title='bbox 465 1585 559 1619; x_wconf 87' lang='lat' dir='ltr'>vota</span> <span class='ocrx_word' id='word_1_199' title='bbox 589 1591 638 1620; x_wconf 87' lang='lat' dir='ltr'>ae</span> <span class='ocrx_word' id='word_1_200' title='bbox 673 1580 808 1620; x_wconf 89' lang='lat' dir='ltr'>studia</span> <span class='ocrx_word' id='word_1_201' title='bbox 833 1584 944 1619; x_wconf 87' lang='lat' dir='ltr'>sunt:</span> <span class='ocrx_word' id='word_1_202' title='bbox 984 1580 1149 1618; x_wconf 87' lang='lat' dir='ltr'>habebit</span> <span class='ocrx_word' id='word_1_203' title='bbox 1177 1580 1353 1629; x_wconf 85' lang='lat' dir='ltr'>quisque</span> 
     </span>
     <span class='ocr_line' id='line_1_26' title="bbox 64 1634 1351 1685; baseline 0.001 -12"><span class='ocrx_word' id='word_1_204' title='bbox 64 1639 255 1682; x_wconf 86' lang='lat' dir='ltr'>quantum</span> <span class='ocrx_word' id='word_1_205' title='bbox 283 1634 339 1673; x_wconf 89' lang='lat' dir='ltr'>illi</span> <span class='ocrx_word' id='word_1_206' title='bbox 358 1634 445 1675; x_wconf 86' lang='lat' dir='ltr'>dies</span> <span class='ocrx_word' id='word_1_207' title='bbox 465 1635 617 1684; x_wconf 91' lang='lat' dir='ltr'>primus</span> <span class='ocrx_word' id='word_1_208' title='bbox 638 1636 866 1685; x_wconf 79' lang='lat' dir='ltr'>adscripsit.</span> <span class='ocrx_word' id='word_1_209' title='bbox 906 1646 958 1674; x_wconf 84' lang='lat' dir='ltr'>ex</span> <span class='ocrx_word' id='word_1_210' title='bbox 976 1634 1046 1675; x_wconf 87' lang='lat' dir='ltr'>illo</span> <span class='ocrx_word' id='word_1_211' title='bbox 1067 1647 1148 1685; x_wconf 88' lang='lat' dir='ltr'>quo</span> <span class='ocrx_word' id='word_1_212' title='bbox 1181 1635 1351 1685; x_wconf 82' lang='lat' dir='ltr'>primum</span> 
     </span>
     <span class='ocr_line' id='line_1_27' title="bbox 62 1691 1351 1741; baseline 0.002 -13"><span class='ocrx_word' id='word_1_213' title='bbox 62 1691 192 1728; x_wconf 84' lang='lat' dir='ltr'>lucem</span> <span class='ocrx_word' id='word_1_214' title='bbox 212 1691 322 1738; x_wconf 90' lang='lat' dir='ltr'>vidit,</span> <span class='ocrx_word' id='word_1_215' title='bbox 342 1691 416 1730; x_wconf 87' lang='lat' dir='ltr'>iter</span> <span class='ocrx_word' id='word_1_216' title='bbox 430 1692 569 1731; x_wconf 86' lang='lat' dir='ltr'>mortis</span> <span class='ocrx_word' id='word_1_217' title='bbox 584 1692 873 1740; x_wconf 81' lang='lat' dir='ltr'>ingressusest</span> <span class='ocrx_word' id='word_1_218' title='bbox 887 1691 1143 1741; x_wconf 83' lang='lat' dir='ltr'>accessitque</span> <span class='ocrx_word' id='word_1_219' title='bbox 1160 1693 1239 1731; x_wconf 82' lang='lat' dir='ltr'>sato</span> <span class='ocrx_word' id='word_1_220' title='bbox 1257 1702 1351 1740; x_wconf 83' lang='lat' dir='ltr'>pro-</span> 
     </span>
     <span class='ocr_line' id='line_1_28' title="bbox 62 1745 1350 1804; baseline 0.002 -20"><span class='ocrx_word' id='word_1_221' title='bbox 62 1745 153 1794; x_wconf 88' lang='lat' dir='ltr'>pior</span> <span class='ocrx_word' id='word_1_222' title='bbox 172 1751 212 1784; x_wconf 88' lang='lat' dir='ltr'>et</span> <span class='ocrx_word' id='word_1_223' title='bbox 237 1747 291 1784; x_wconf 81' lang='lat' dir='ltr'>ini</span> <span class='ocrx_word' id='word_1_224' title='bbox 310 1747 390 1795; x_wconf 87' lang='lat' dir='ltr'>ipsi</span> <span class='ocrx_word' id='word_1_225' title='bbox 407 1747 475 1804; x_wconf 67' lang='lat' dir='ltr'>qpi</span> <span class='ocrx_word' id='word_1_226' title='bbox 494 1746 769 1788; x_wconf 86' lang='lat' dir='ltr'>adiciebantur</span> <span class='ocrx_word' id='word_1_227' title='bbox 787 1748 1087 1787; x_wconf 86' lang='lat' dir='ltr'>adulescentiae</span> <span class='ocrx_word' id='word_1_228' title='bbox 1108 1749 1220 1795; x_wconf 90' lang='lat' dir='ltr'>anni,</span> <span class='ocrx_word' id='word_1_229' title='bbox 1243 1749 1350 1787; x_wconf 82' lang='lat' dir='ltr'>vitae</span> 
     </span>
     <span class='ocr_line' id='line_1_29' title="bbox 63 1801 1392 1852; baseline -0.001 -10"><span class='ocrx_word' id='word_1_230' title='bbox 63 1801 384 1844; x_wconf 86' lang='lat' dir='ltr'>detrahebantur.</span> <span class='ocrx_word' id='word_1_231' title='bbox 413 1803 456 1841; x_wconf 87' lang='lat' dir='ltr'>In</span> <span class='ocrx_word' id='word_1_232' title='bbox 476 1802 554 1842; x_wconf 90' lang='lat' dir='ltr'>hoc</span> <span class='ocrx_word' id='word_1_233' title='bbox 571 1814 710 1842; x_wconf 85' lang='lat' dir='ltr'>omnes</span> <span class='ocrx_word' id='word_1_234' title='bbox 729 1813 866 1843; x_wconf 86' lang='lat' dir='ltr'>errore</span> <span class='ocrx_word' id='word_1_235' title='bbox 879 1814 1099 1852; x_wconf 88' lang='lat' dir='ltr'>versamur,</span> <span class='ocrx_word' id='word_1_236' title='bbox 1121 1809 1260 1843; x_wconf 86' lang='lat' dir='ltr'>utnon</span> <span class='ocrx_word' id='word_1_237' title='bbox 1277 1815 1349 1852; x_wconf 89' lang='lat' dir='ltr'>pu·</span> <span class='ocrx_word' id='word_1_238' title='bbox 1371 1804 1392 1841; x_wconf 83' lang='lat'>7</span> 
     </span>
     <span class='ocr_line' id='line_1_30' title="bbox 62 1857 1351 1908; baseline 0.001 -12"><span class='ocrx_word' id='word_1_239' title='bbox 62 1862 191 1898; x_wconf 86' lang='lat' dir='ltr'>temus</span> <span class='ocrx_word' id='word_1_240' title='bbox 211 1857 261 1901; x_wconf 84' lang='lat' dir='ltr'>ad</span> <span class='ocrx_word' id='word_1_241' title='bbox 284 1863 451 1897; x_wconf 87' lang='lat' dir='ltr'>mortem</span> <span class='ocrx_word' id='word_1_242' title='bbox 479 1859 555 1898; x_wconf 88' lang='lat' dir='ltr'>nisi</span> <span class='ocrx_word' id='word_1_243' title='bbox 585 1869 706 1898; x_wconf 90' lang='lat' dir='ltr'>senes</span> <span class='ocrx_word' id='word_1_244' title='bbox 733 1859 1030 1908; x_wconf 78' lang='lat' dir='ltr'>inclinatosque</span> <span class='ocrx_word' id='word_1_245' title='bbox 1061 1860 1140 1898; x_wconf 89' lang='lat' dir='ltr'>iam</span> <span class='ocrx_word' id='word_1_246' title='bbox 1168 1869 1351 1908; x_wconf 78' lang='lat' dir='ltr'>vergere,</span> 
     </span>
     <span class='ocr_line' id='line_1_31' title="bbox 65 1913 1351 1964; baseline 0.002 -12"><span class='ocrx_word' id='word_1_247' title='bbox 65 1923 155 1952; x_wconf 88' lang='lat' dir='ltr'>cum</span> <span class='ocrx_word' id='word_1_248' title='bbox 187 1913 255 1953; x_wconf 89' lang='lat' dir='ltr'>illo</span> <span class='ocrx_word' id='word_1_249' title='bbox 288 1913 454 1954; x_wconf 86' lang='lat' dir='ltr'>infantia</span> <span class='ocrx_word' id='word_1_250' title='bbox 484 1915 616 1954; x_wconf 90' lang='lat' dir='ltr'>statim</span> <span class='ocrx_word' id='word_1_251' title='bbox 647 1921 686 1955; x_wconf 88' lang='lat' dir='ltr'>et</span> <span class='ocrx_word' id='word_1_252' title='bbox 716 1916 892 1964; x_wconf 78' lang='lat' dir='ltr'>iuventa,</span> <span class='ocrx_word' id='word_1_253' title='bbox 928 1915 1058 1955; x_wconf 90' lang='lat' dir='ltr'>omnis</span> <span class='ocrx_word' id='word_1_254' title='bbox 1093 1921 1204 1955; x_wconf 87' lang='lat' dir='ltr'>aetas</span> <span class='ocrx_word' id='word_1_255' title='bbox 1239 1917 1351 1955; x_wconf 85' lang='lat' dir='ltr'>ferat.</span> 
     </span>
     <span class='ocr_line' id='line_1_32' title="bbox 62 1970 1351 2019; baseline 0.002 -11"><span class='ocrx_word' id='word_1_256' title='bbox 62 1970 199 2017; x_wconf 82' lang='lat' dir='ltr'>Agunt</span> <span class='ocrx_word' id='word_1_257' title='bbox 216 1980 322 2019; x_wconf 84' lang='lat' dir='ltr'>opus</span> <span class='ocrx_word' id='word_1_258' title='bbox 340 1982 458 2010; x_wconf 89' lang='lat' dir='ltr'>suum</span> <span class='ocrx_word' id='word_1_259' title='bbox 477 1971 577 2010; x_wconf 78' lang='lat' dir='ltr'>fata=</span> <span class='ocrx_word' id='word_1_260' title='bbox 601 1970 718 2011; x_wconf 88' lang='lat' dir='ltr'>nobis</span> <span class='ocrx_word' id='word_1_261' title='bbox 736 1982 904 2011; x_wconf 85' lang='lat' dir='ltr'>sensum</span> <span class='ocrx_word' id='word_1_262' title='bbox 922 1976 1087 2010; x_wconf 84' lang='lat' dir='ltr'>nostrae</span> <span class='ocrx_word' id='word_1_263' title='bbox 1106 1972 1218 2010; x_wconf 86' lang='lat' dir='ltr'>necis</span> <span class='ocrx_word' id='word_1_264' title='bbox 1240 1971 1351 2010; x_wconf 82' lang='lat' dir='ltr'>aufe-</span> 
     </span>
     <span class='ocr_line' id='line_1_33' title="bbox 62 2026 1348 2076; baseline 0.002 -13"><span class='ocrx_word' id='word_1_265' title='bbox 62 2029 167 2072; x_wconf 82' lang='lat' dir='ltr'>runt,</span> <span class='ocrx_word' id='word_1_266' title='bbox 196 2036 359 2075; x_wconf 88' lang='lat' dir='ltr'>quoque</span> <span class='ocrx_word' id='word_1_267' title='bbox 380 2026 539 2066; x_wconf 79' lang='lat' dir='ltr'>facilius</span> <span class='ocrx_word' id='word_1_268' title='bbox 560 2027 769 2076; x_wconf 87' lang='lat' dir='ltr'>obrepant,</span> <span class='ocrx_word' id='word_1_269' title='bbox 795 2038 908 2066; x_wconf 86' lang='lat' dir='ltr'>mors</span> <span class='ocrx_word' id='word_1_270' title='bbox 929 2027 1005 2066; x_wconf 89' lang='lat' dir='ltr'>sub</span> <span class='ocrx_word' id='word_1_271' title='bbox 1025 2027 1116 2075; x_wconf 85' lang='lat' dir='ltr'>ipso</span> <span class='ocrx_word' id='word_1_272' title='bbox 1145 2027 1252 2067; x_wconf 90' lang='lat' dir='ltr'>vitae</span> <span class='ocrx_word' id='word_1_273' title='bbox 1275 2038 1348 2066; x_wconf 89' lang='lat' dir='ltr'>no—</span> 
     </span>
     <span class='ocr_line' id='line_1_34' title="bbox 64 2079 1348 2132; baseline 0.003 -14"><span class='ocrx_word' id='word_1_274' title='bbox 64 2079 170 2119; x_wconf 90' lang='lat' dir='ltr'>mine</span> <span class='ocrx_word' id='word_1_275' title='bbox 195 2082 310 2122; x_wconf 86' lang='lat' dir='ltr'>latet:</span> <span class='ocrx_word' id='word_1_276' title='bbox 336 2082 527 2122; x_wconf 73' lang='lat' dir='ltr'>infantem</span> <span class='ocrx_word' id='word_1_277' title='bbox 555 2083 594 2121; x_wconf 89' lang='lat' dir='ltr'>in</span> <span class='ocrx_word' id='word_1_278' title='bbox 623 2093 671 2122; x_wconf 91' lang='lat' dir='ltr'>se</span> <span class='ocrx_word' id='word_1_279' title='bbox 694 2082 864 2132; x_wconf 83' lang='lat' dir='ltr'>pueritia</span> <span class='ocrx_word' id='word_1_280' title='bbox 893 2083 1108 2131; x_wconf 87' lang='lat' dir='ltr'>convertit,</span> <span class='ocrx_word' id='word_1_281' title='bbox 1139 2083 1348 2132; x_wconf 83' lang='lat' dir='ltr'>pueritiam</span> 
     </span>
     <span class='ocr_line' id='line_1_35' title="bbox 65 2135 1349 2189; baseline 0.003 -15"><span class='ocrx_word' id='word_1_282' title='bbox 65 2135 277 2185; x_wconf 88' lang='lat' dir='ltr'>pubertas,</span> <span class='ocrx_word' id='word_1_283' title='bbox 311 2138 497 2178; x_wconf 86' lang='lat' dir='ltr'>iuvenem</span> <span class='ocrx_word' id='word_1_284' title='bbox 524 2149 653 2178; x_wconf 88' lang='lat' dir='ltr'>senex</span> <span class='ocrx_word' id='word_1_285' title='bbox 684 2139 858 2179; x_wconf 80' lang='lat' dir='ltr'>abstulit.</span> <span class='ocrx_word' id='word_1_286' title='bbox 902 2139 1147 2178; x_wconf 87' lang='lat' dir='ltr'>incrementa</span> <span class='ocrx_word' id='word_1_287' title='bbox 1172 2139 1282 2189; x_wconf 89' lang='lat' dir='ltr'>ipsa,</span> <span class='ocrx_word' id='word_1_288' title='bbox 1314 2139 1349 2178; x_wconf 89' lang='lat' dir='ltr'>si</span> 
     </span>
     <span class='ocr_line' id='line_1_36' title="bbox 63 2191 692 2243; baseline 0.002 -13"><span class='ocrx_word' id='word_1_289' title='bbox 63 2191 168 2231; x_wconf 87' lang='lat' dir='ltr'>bene</span> <span class='ocrx_word' id='word_1_290' title='bbox 187 2199 398 2243; x_wconf 52' lang='lat' dir='ltr'>conputas</span> <span class='ocrx_word' id='word_1_291' title='bbox 420 2195 567 2234; x_wconf 89' lang='lat' dir='ltr'>damna</span> <span class='ocrx_word' id='word_1_292' title='bbox 587 2200 692 2234; x_wconf 90' lang='lat' dir='ltr'>sunt.</span> 
     </span>
    </p>

    <p class='ocr_par' dir='ltr' id='par_1_4' title="bbox 65 2248 1391 2412">
     <span class='ocr_line' id='line_1_37' title="bbox 145 2248 1391 2299; baseline 0.002 -12"><span class='ocrx_word' id='word_1_293' title='bbox 145 2248 265 2288; x_wconf 85' lang='lat' dir='ltr'>XXII.</span> <span class='ocrx_word' id='word_1_294' title='bbox 287 2250 486 2299; x_wconf 80' lang='lat' dir='ltr'>Quereris,</span> <span class='ocrx_word' id='word_1_295' title='bbox 513 2251 676 2298; x_wconf 88' lang='lat' dir='ltr'>Marcia,</span> <span class='ocrx_word' id='word_1_296' title='bbox 703 2260 786 2289; x_wconf 89' lang='lat' dir='ltr'>non</span> <span class='ocrx_word' id='word_1_297' title='bbox 811 2255 894 2289; x_wconf 85' lang='lat' dir='ltr'>tam</span> <span class='ocrx_word' id='word_1_298' title='bbox 917 2249 987 2290; x_wconf 90' lang='lat' dir='ltr'>diu</span> <span class='ocrx_word' id='word_1_299' title='bbox 1010 2251 1135 2290; x_wconf 89' lang='lat' dir='ltr'>filium</span> <span class='ocrx_word' id='word_1_300' title='bbox 1162 2256 1274 2290; x_wconf 85' lang='lat' dir='ltr'>tuum</span> <span class='ocrx_word' id='word_1_301' title='bbox 1291 2252 1350 2290; x_wconf 82' lang='lat' dir='ltr'>vi·</span> <span class='ocrx_word' id='word_1_302' title='bbox 1369 2256 1391 2291; x_wconf 92' lang='lat'>1</span> 
     </span>
     <span class='ocr_line' id='line_1_38' title="bbox 65 2303 1349 2356; baseline 0.002 -14"><span class='ocrx_word' id='word_1_303' title='bbox 65 2303 177 2343; x_wconf 88' lang='lat' dir='ltr'>xisse</span> <span class='ocrx_word' id='word_1_304' title='bbox 191 2316 312 2354; x_wconf 88' lang='lat' dir='ltr'>quam</span> <span class='ocrx_word' id='word_1_305' title='bbox 328 2305 538 2355; x_wconf 70' lang='lat' dir='ltr'>potuisse?</span> <span class='ocrx_word' id='word_1_306' title='bbox 561 2306 670 2346; x_wconf 90' lang='lat' dir='ltr'>unde</span> <span class='ocrx_word' id='word_1_307' title='bbox 689 2307 793 2345; x_wconf 89' lang='lat' dir='ltr'>enim</span> <span class='ocrx_word' id='word_1_308' title='bbox 814 2306 895 2345; x_wconf 90' lang='lat' dir='ltr'>scis</span> <span class='ocrx_word' id='word_1_309' title='bbox 916 2317 966 2345; x_wconf 86' lang='lat' dir='ltr'>an</span> <span class='ocrx_word' id='word_1_310' title='bbox 988 2307 1134 2347; x_wconf 88' lang='lat' dir='ltr'>diutius</span> <span class='ocrx_word' id='word_1_311' title='bbox 1154 2307 1208 2346; x_wconf 89' lang='lat' dir='ltr'>illi</span> <span class='ocrx_word' id='word_1_312' title='bbox 1224 2317 1349 2356; x_wconf 85' lang='lat' dir='ltr'>expe·</span> 
     </span>
     <span class='ocr_line' id='line_1_39' title="bbox 67 2358 1345 2412; baseline 0.005 -15"><span class='ocrx_word' id='word_1_313' title='bbox 67 2358 185 2399; x_wconf 88' lang='lat' dir='ltr'>dierit</span> <span class='ocrx_word' id='word_1_314' title='bbox 202 2361 365 2401; x_wconf 70' lang='lat' dir='ltr'>vivere?</span> <span class='ocrx_word' id='word_1_315' title='bbox 401 2373 452 2401; x_wconf 92' lang='lat' dir='ltr'>an</span> <span class='ocrx_word' id='word_1_316' title='bbox 472 2362 529 2402; x_wconf 80' lang='lat' dir='ltr'>ilii</span> <span class='ocrx_word' id='word_1_317' title='bbox 547 2362 623 2402; x_wconf 88' lang='lat' dir='ltr'>hac</span> <span class='ocrx_word' id='word_1_318' title='bbox 643 2367 769 2402; x_wconf 86' lang='lat' dir='ltr'>morte</span> <span class='ocrx_word' id='word_1_319' title='bbox 786 2363 1011 2403; x_wconf 87' lang='lat' dir='ltr'>consultum</span> <span class='ocrx_word' id='word_1_320' title='bbox 1032 2364 1111 2403; x_wconf 74' lang='lat' dir='ltr'>sit?</span> <span class='ocrx_word' id='word_1_321' title='bbox 1143 2363 1269 2412; x_wconf 80' lang='lat' dir='ltr'>Quem</span> <span class='ocrx_word' id='word_1_322' title='bbox 1288 2364 1345 2403; x_wconf 85' lang='lat' dir='ltr'>in·</span> 
     </span>
    </p>
   </div>
  </div>
 </body>
</html>
