1592 2580
225 227 230 231 ,
259 174 340 216 252
606 176 648 217 L.
676 176 864 215 ANNAEI
896 176 1120 216 SENECAE
1588 221 1592 260 1

254 275 374 314 bant
366 286 402 312 1n
424 275 532 320 illos,
553 275 695 322 quibus
716 275 895 322 delegata
914 281 998 315 erat
1015 287 1109 315 cura
1128 277 1394 326 providendae
1414 282 1506 316 tem·
1587 265 1592 315 i

256 329 439 378 pestatis‚
463 329 571 377 quod
591 330 836 377 neglegentia
855 340 990 368 eorum
1011 331 1148 370 vineae
1166 333 1423 380 vapulassem
1443 339 1508 372 aut
1590 341 1592 351 ¹

254 388 413 432 segetes
442 383 716 432 procidissent.
759 384 807 422 Et
833 385 940 432 apud
965 396 1038 424 nos
1066 386 1104 423 in
1131 386 1339 426 duodecim
1365 376 1509 426 tabulis

212 442 234 476 3
254 444 432 485 cavetur,
451 450 500 477 ne
518 441 603 486 quis
621 441 764 477 alienos
778 438 934 485 fructus
950 444 1198 479 excantasset.
1233 442 1357 480 Rudis
1379 441 1508 479 adhue

254 493 465 541 antiquitas
495 493 680 531 credebat
702 498 740 531 et
764 493 915 533 adtrahi
941 494 1085 533 imbres
1107 495 1283 534 cantibus
1304 501 1341 534 et
1359 495 1508 543 repelli,

254 558 423 596 quorum
442 547 533 586 nihil
555 557 677 596 posse
691 547 775 586 fieri
793 554 868 586 tarn
885 549 1012 595 palam
1028 554 1106 595 est,
1128 554 1170 588 ut
1183 549 1296 589 huius
1315 550 1372 589 rei
1388 560 1509 588 causa

253 602 396 641 nullius
422 601 648 651 philosophi
674 602 812 640 schola
831 603 1010 641 intranda
1033 604 1093 642 sit.

333 657 436 695 VIII
448 656 613 697 Unam
639 668 735 695 rem
765 657 922 695 adhuc
945 657 1155 696 adiciam
1184 664 1222 697 et
1248 636 1380 697 favere
1408 664 1444 697 te
1463 669 1509 697 ac

255 712 443 760 plaudere
474 711 632 750 iuvabit.
670 712 820 750 Aiunt
852 712 1008 751 nivem
1039 712 1085 751 in
1119 723 1174 752 ea
1209 718 1346 761 parte
1378 713 1510 751 aeris

254 766 389 812 fieri,
411 776 537 815 quae
558 776 714 814 prope
732 771 896 805 terras
917 772 1004 806 est.
1024 766 1126 805 hanc
1142 767 1243 806 enim
1263 769 1350 816 plus
1365 767 1510 805 habere

254 821 397 859 caloris
425 831 475 859 ex
504 826 673 870 quatuor
702 821 854 859 causis:
895 832 992 869 una,
1028 823 1136 869 quod
1164 822 1289 861 omnis
1319 826 1510 860 terrarum

254 875 501 924 evaporatio,
535 886 623 913 cum
656 876 816 914 multum
842 876 881 913 in
913 886 958 914 se
985 877 1123 914 fervidi
1149 876 1328 925 aridique
1356 876 1508 923 habeat,

254 930 331 968 hoc
351 934 414 968 est
431 929 595 969 calidior
616 941 694 978 quo
714 931 922 969 recentior.
958 932 1097 977 altera,
1128 932 1235 979 quod
1255 931 1352 969 radii
1371 931 1467 969 solis
1487 941 1512 969 a

254 989 359 1023 terra
385 984 564 1027 resiliunt
594 990 632 1024 et
661 985 699 1023 in
726 995 772 1024 se
798 990 976 1024 currunt:
1015 986 1154 1024 horum
1179 986 1392 1034 duplicatio
1421 996 1509 1033 pro-

252 1039 360 1077 xima
389 1049 571 1088 quaeque
595 1050 620 1078 a
647 1040 761 1078 terris
791 1040 988 1087 calefacit,
1021 1051 1123 1088 quae
1150 1041 1239 1079 ideo
1261 1042 1347 1089 plus
1368 1040 1512 1078 habent

252 1094 423 1142 teporis,
453 1094 545 1156 quia
564 1096 689 1134 solem
713 1095 775 1133 bis
796 1095 977 1134 sentiunt.
1022 1096 1136 1134 tertia
1155 1106 1276 1134 causa
1295 1099 1372 1141 est,
1403 1094 1511 1142 quod

252 1149 378 1210 magis
395 1149 603 1196 superiora
621 1149 846 1197 perflantur,
862 1154 901 1188 at
911 1159 1184 1199 quaecumque
1199 1151 1393 1198 depressa
1407 1153 1510 1196 sunt,

252 1201 382 1241 minus
404 1202 529 1241 ventis
551 1204 818 1246 verberantur.

333 1257 397 1296 IX.
426 1257 594 1296 Accedit
611 1257 672 1296 his
694 1258 794 1297 ratio
813 1258 1042 1298 Democriti:
1071 1258 1229 1307 „Omne
1255 1268 1401 1306 corpus
1431 1268 1508 1306 quo

253 1311 421 1351 solidius
442 1317 521 1359 est,
549 1312 626 1351 hoc
649 1314 820 1351 calorem
842 1312 955 1351 citius
977 1314 1168 1362 concipit,
1200 1313 1343 1351 diutius
1365 1316 1509 1350 servat.

252 1367 385 1415 itaque
405 1366 439 1404 si
458 1367 497 1404 in
514 1367 599 1405 sole
619 1368 801 1415 posueris
818 1378 984 1406 aeneum
1001 1377 1072 1407 vas
1089 1372 1127 1406 et
1142 1368 1302 1406 vitreum
1319 1372 1357 1405 et
1372 1377 1509 1414 argen-
1587 1370 1592 1423 §i

251 1426 376 1468 teum,
400 1431 524 1460 aeneo
546 1421 660 1460 citius
681 1423 789 1460 calor
806 1423 988 1470 accedet,
1010 1422 1153 1462 diutius
1173 1422 1386 1460 haerebit.“
1414 1421 1509 1459 Adi·
1591 1433 1592 1442 ¹

253 1476 306 1515 cit
319 1476 463 1515 deinde
475 1505 484 1522 ‚
503 1486 626 1524 quare
645 1476 840 1515 existimet
854 1477 930 1515 hoc
949 1477 1045 1517 fieri.
1074 1477 1190 1525 ‚,His,
1207 1477 1349 1525 inquit,
1370 1485 1510 1524 corpo-

207 1534 213 1543 ·
251 1531 362 1570 ribus
373 1561 382 1578 ,
409 1541 511 1579 quae
528 1531 687 1570 duriora
703 1537 741 1570 et
759 1533 960 1580 pressiora
976 1538 1082 1579 sunt,
1103 1542 1270 1570 necesse
1286 1536 1347 1570 est
1360 1530 1512 1568 minora

253 1585 445 1624 foramina
465 1596 556 1623 esse
571 1591 610 1624 et
629 1587 844 1626 tenuiorem
864 1587 901 1624 in
920 1587 1084 1635 singulis
1105 1587 1300 1634 spiritum:
1322 1584 1510 1633 sequitur,

252 1643 315 1686 ut,
351 1640 684 1688 quemadmodum
710 1641 862 1679 minora
888 1642 1089 1680 balnearia
1116 1646 1153 1680 et
1180 1642 1330 1679 minora
1349 1640 1517 1678 millarIa,

254 1695 367 1733 citius
395 1694 600 1742 calefiunt,
629 1695 688 1734 sic
715 1695 814 1734 haec
843 1696 1035 1734 foramina
1063 1696 1218 1735 occulta
1237 1701 1275 1734 et
1294 1695 1431 1734 oculos
1453 1695 1510 1733 su-

253 1748 399 1797 gientia
426 1753 465 1787 et
492 1750 659 1788 celerius
686 1751 880 1789 fervorem
909 1750 1079 1789 sentiant
1107 1754 1146 1790 et
1170 1755 1331 1799 propter
1351 1749 1523 1787 easdem·

253 1805 477 1852 angustias,
508 1805 697 1852 quiequid
718 1806 958 1853 receperint,
984 1806 1134 1844 tardius
1154 1805 1366 1843 reddant.“
1404 1804 1511 1840 Haec

254 1859 371 1906 longe
387 1863 619 1907 praeparata
635 1859 687 1896 ad
705 1859 744 1897 id
765 1860 1004 1907 perducunt,
1020 1861 1070 1898 de
1085 1871 1164 1908 quo
1181 1869 1284 1898 nunc
1300 1857 1509 1906 quaeritur.

331 1913 378 1951 X.
417 1912 550 1952 Omnis
579 1924 647 1952 aer
674 1924 752 1962 quo
783 1915 945 1963 propior
971 1919 1033 1953 est
1058 1914 1192 1962 terris,
1225 1914 1302 1952 hoc
1325 1912 1507 1950 crassior.

254 1968 588 2016 quemadmodum
613 1968 652 2006 in
673 1979 778 2016 aqua
797 1974 836 2007 et
855 1970 893 2008 in
913 1970 1077 2008 humore
1098 1969 1202 2007 omni
1228 1969 1304 2006 ima
1324 1971 1384 2005 est
1406 1966 1509 2013 faex,

253 2022 306 2061 ita
323 2022 363 2060 in
382 2024 474 2060 aere
490 2023 736 2070 spississima
756 2034 939 2072 quaeque
959 2024 1154 2062 desidunt.
1179 2024 1255 2066 iam
1272 2026 1400 2059 autem
1422 2031 1510 2068 pro·

251 2076 387 2115 batum
417 2081 478 2115 est
506 2077 657 2124 onmia,
692 2087 771 2125 quo
799 2079 1007 2118 crassioris
1027 2077 1307 2130 solidiorisque
1323 2075 1510 2113 materiae

254 2137 364 2179 sunt,
399 2131 478 2170 hoc
505 2131 662 2170 fidelius
690 2133 890 2172 custodire
918 2134 1090 2172 calorem
1107 2137 1319 2179 receptum.
1359 2129 1512 2168 Editior

255 2196 323 2223 aer
344 2197 423 2234 quo
444 2186 599 2234 longius
619 2197 643 2224 a
662 2191 852 2225 terrarum
872 2188 1053 2227 conluvie
1070 2186 1254 2234 recessit,
1286 2185 1362 2223 hoc
1384 2184 1510 2223 since-

254 2239 336 2278 rior
366 2241 579 2288 puriorque
607 2245 678 2279 est.
717 2242 849 2290 itaque
881 2244 1006 2281 solem
1025 2252 1102 2280 non
1122 2240 1280 2288 retinet,
1310 2239 1384 2279 sed
1403 2238 1511 2278 velut

256 2304 328 2342 per
347 2295 462 2334 inane
481 2294 722 2335 transmittit.
751 2297 842 2336 ideo
865 2298 993 2338 minus
1013 2295 1152 2334 calefit.
