1598 2606
395 194 463 234 DE
489 193 770 234 BENEFICIIS
796 193 893 234 ΠΒ.
908 193 955 234 Π.
982 197 1157 234 22—25.
1361 192 1417 233 29

139 297 271 339 ritis.
307 296 429 337 tutius
456 301 520 336 est
548 295 747 345 quosdam
774 294 983 335 offendere
1010 305 1129 345 quam
1155 294 1415 343 demeruisse,

139 358 416 404 argumentum
436 353 542 394 enim
561 351 657 390 nihil
681 351 909 391 debentium
929 349 1023 389 odio
1052 355 1267 400 quaerunt:
1306 351 1416 400 atqui

138 410 235 449 nihil
259 409 386 458 magis
415 408 703 457 praestandum
730 411 811 455 est,
849 417 968 455 quam
1001 411 1045 445 ut
1075 407 1268 446 memoria
1297 407 1414 446 nobis

137 466 366 505 meritorum
395 464 570 502 haereat.
618 472 722 511 quae
749 462 919 501 subinde
951 462 1172 501 reficienda
1205 467 1284 510 est,
1321 463 1416 512 quia

136 531 212 559 nec
230 521 382 559 referre
403 523 536 568 potest
554 519 742 568 gratiam,
772 518 849 557 nisi
869 518 936 567 qui
955 517 1151 563 meminit,
1181 522 1220 556 et
1244 518 1312 567 qui
1333 528 1414 556 me-

136 577 355 616 miniteam
380 576 514 614 refert.
570 574 666 612 Nec
692 573 919 612 delicate
950 572 1306 623 accipiendum
1335 579 1455 614 est2

137 642 228 671 nec
256 631 512 671 submisse
540 628 876 669 ethumiliter.
914 639 1006 668 nam
1028 629 1096 678 qui
1114 630 1333 678 neglegens
1354 636 1416 669 est

135 688 177 726 in
196 687 451 736 accipiendo,
483 696 572 725 cum
593 696 710 725 omne
729 684 967 724 beneficium
989 695 1132 724 recens
1162 687 1315 733 [mayis]
1344 696 1414 734 pa-

136 747 239 791 teat,
268 743 365 792 quid
397 741 536 790 faciet,
553 752 656 780 ¹cum
689 740 818 789 prima
850 740 938 779 eius
970 741 1160 790 voluptas
1188 741 1416 780 refrixerit?

135 798 285 837 Alius
305 797 510 846 accepit
530 796 830 844 fastidiose,
853 799 1054 845 tamquam
1076 796 1144 845 qui
1162 796 1286 836 dicat:
1308 807 1413 844 „non
1434 800 1457 836 3

139 854 302 903 quidem
322 853 416 893 mihi
433 863 537 901 opus
557 857 639 901 est,
670 851 743 891 sed
772 851 867 901 quia
897 856 975 890 tam
1003 852 1122 890 valde
1147 851 1231 900 vis,
1271 853 1414 891 faciam

137 909 207 949 tibi
226 908 303 948 mei
328 910 603 958 potestatem.“
642 908 743 946 alius
767 907 928 956 supine,
950 911 992 946 ut
1013 907 1176 946 dubium
1198 908 1415 956 praestanti

137 965 352 1014 relinquat,
391 975 441 1003 an
462 964 644 1003 senserit.
682 963 785 1001 alius
812 964 881 1002 vix
908 963 1021 1001 labra
1047 963 1204 1002 diduxit
1223 968 1262 1002 et
1284 963 1414 1012 ingra-

137 1021 234 1069 tior,
267 1031 385 1069 quam
414 1019 448 1058 si
477 1020 688 1066 tacuisset,
722 1018 806 1058 fuit.
851 1018 1182 1067 Loquendum
1216 1023 1294 1058 est
1327 1023 1455 1069 pro4

137 1075 482 1125 magnitudine
508 1074 580 1113 rei
599 1075 868 1123 inpensius
893 1078 934 1112 et
951 1074 1019 1112 illa
1037 1073 1268 1113 adicienda:
1300 1075 1412 1124 „plu-

135 1132 193 1171 ris
215 1142 332 1180 quam
351 1135 469 1179 putas
491 1129 718 1179 obligasti.“
755 1140 873 1168 nemo
894 1129 998 1167 enim
1022 1140 1103 1168 non
1123 1130 1273 1178 gaudet
1291 1130 1413 1170 bene-

135 1188 269 1226 ficium
290 1197 406 1226 suum
426 1186 543 1225 latius
559 1190 710 1234 patere.
747 1185 909 1233 „nescis
927 1185 1024 1233 quid
1040 1184 1135 1224 mihi
1150 1186 1412 1234 praestiteris,

136 1243 210 1282 sed
239 1243 342 1282 scire
370 1246 410 1280 te
437 1246 612 1291 oportet,
641 1246 790 1290 quanto
826 1241 916 1290 plus
940 1240 991 1279 sit
1020 1251 1140 1290 quam
1167 1241 1413 1280 existimas.“

138 1298 278 1337 Statim
296 1302 432 1346 gratus
453 1302 533 1344 est,
554 1297 622 1346 qui
645 1307 690 1336 se
710 1302 861 1336 onerat.
902 1307 1147 1346 „numquam
1165 1297 1232 1335 tibi
1247 1297 1413 1346 gratiani

135 1354 285 1392 referre
307 1358 462 1402 potero.
505 1353 600 1392 illud
621 1356 728 1392 certe
747 1363 828 1392 non
852 1352 1035 1392 desinam
1057 1351 1207 1402 ubique
1232 1353 1413 1393 confiteri

136 1420 201 1448 me
219 1410 370 1448 referre
389 1419 469 1448 non
495 1411 660 1457 posse.“

217 1465 338 1504 XXV.
368 1464 484 1503 Nullo
511 1464 637 1512 magis
660 1463 872 1502 Caesarem
898 1464 1126 1512 Augustum
1155 1463 1350 1503 demeruit
1378 1469 1416 1503 et
1437 1471 1453 1504 1

138 1519 191 1558 ad
210 1519 287 1558 alia
313 1519 548 1569 inpetranda
580 1519 735 1558 facilem
761 1518 839 1557 sibi
866 1519 1040 1558 reddidit
1057 1518 1248 1566 Furnius,
1294 1530 1411 1568 quani

139 1574 270 1624 quod,
303 1584 392 1613 cum
422 1575 523 1623 patri
542 1573 789 1614 Antonianas
811 1579 945 1623 partes
967 1579 1105 1613 secuto
1127 1574 1283 1613 veniam
1298 1574 1409 1624 inpe-

137 1633 302 1676 trasset,
331 1630 447 1668 dixin
475 1631 580 1670 hanc
599 1641 728 1678 unam,
752 1630 908 1678 Caesar,
932 1631 1053 1670 habeo
1074 1632 1260 1669 iniuriam
1283 1635 1411 1670 tuam:

137 1685 300 1733 effecisti
314 1689 356 1724 ut
375 1688 540 1725 viverem
554 1690 591 1725 et
607 1696 780 1724 morerer
797 1688 986 1734 inyratus.
1022 1685 1123 1734 Quid
1138 1691 1200 1724 est
1214 1691 1294 1725 tam
1310 1687 1410 1735 grati

139 1740 259 1780 animi
293 1751 413 1789 quam
447 1741 556 1780 nullo
588 1741 710 1780 modo
745 1740 822 1779 sibi
847 1742 1108 1780 satisfacere?
1134 1752 1251 1790 quam
1280 1753 1331 1780 ne
1358 1743 1411 1781 ad

138 1807 253 1845 spem
283 1797 442 1846 quidem
480 1794 734 1845 exaequandi
766 1807 956 1846 umquam
982 1796 1168 1836 beneficii
1188 1798 1414 1836 accedere?

137 1852 210 1892 His
231 1857 350 1901 atque
373 1851 571 1891 eiusmodi
600 1851 768 1890 vocibus
789 1852 830 1890 id
849 1862 1035 1900 agamuS,
1061 1857 1105 1892 ut
1132 1853 1319 1892 voluntas
1339 1864 1392 1891 no
1429 1863 1453 1896 2

138 1913 221 1947 stra
241 1919 321 1947 non
340 1909 478 1956 lateat,
509 1907 584 1946 sed
611 1907 811 1956 aperiatur
838 1912 878 1946 et
903 1909 1046 1947 luceat.
1095 1908 1231 1946 Verba
1251 1914 1412 1948 cessent

138 1964 248 2012 licet,
277 1964 312 2003 si
348 1963 683 2012 quemadmodum
715 1961 908 2002 debemus
942 1963 1088 2002 adfecti
1117 1974 1277 2013 sumus,
1316 1975 1409 2003 con-

140 2019 306 2059 scientia
325 2019 512 2058 eminebit
531 2018 569 2057 in
589 2020 711 2057 voltu.
749 2017 823 2066 Qui
846 2024 983 2066 gratus
1002 2020 1158 2057 futurus
1178 2020 1409 2067 est,·statim
1428 2029 1451 2063 3

139 2075 234 2113 dum
261 2074 425 2123 accipit,
454 2075 504 2113 de
530 2073 737 2112 reddendo
766 2073 923 2122 cogitet.
962 2074 1214 2124 Chrysippus
1249 2075 1409 2124 quidem

139 2130 234 2168 dicit
251 2129 361 2171 illum
378 2131 486 2169 velut
512 2130 550 2168 in
583 2135 783 2168 certamen
813 2139 957 2169 cursus
988 2130 1242 2178 conpositum
1266 2136 1304 2170 et
1323 2141 1408 2171 car-

142 2184 299 2225 ceribus
319 2185 516 2225 inclusum
537 2184 713 2235 opperiri
731 2183 879 2222 debere
898 2190 1056 2234 tempus
1079 2196 1208 2234 suum,
1227 2185 1280 2225 ad
1300 2188 1408 2236 quod

139 2242 248 2280 velut
267 2241 360 2281 dato
380 2242 495 2290 signo
516 2240 710 2291 prosiliat.
748 2244 786 2278 et
807 2240 967 2289 quidem
982 2251 1126 2290 magna
1141 2241 1194 2280 illi
1209 2244 1408 2281 eeleritate

141 2306 246 2345 opus
279 2302 359 2344 est,
387 2307 532 2347 magna
565 2296 839 2345 contentione,
875 2301 917 2336 ut
949 2302 1217 2347 consequatur
1250 2304 1407 2338 antece-

141 2351 310 2391 dentem.
439 2352 443 2355 “
