1624 2626
367 138 433 178 DE
463 136 752 176 CLEMENTIA
783 136 880 175 LIB.
895 137 924 174 1.
958 141 1130 177 17—19.
1310 134 1393 176 293

112 238 327 278 formosius
348 237 389 276 id
409 249 502 276 esse
520 238 924 287 magnificentiusque
940 237 1137 285 fatebitur,
1159 248 1240 286 quo
1256 236 1296 276 in
1310 247 1392 276 ma-

111 295 184 334 iori
213 293 484 343 praestabitur
517 298 736 342 potestate,
774 304 894 342 quam
926 305 1007 332 non
1041 298 1201 342 oportet
1231 293 1394 332 noxiam

109 359 223 397 csse,
254 348 290 388 si
309 349 362 387 ad
381 354 547 388 naturae
566 350 695 397 legem
712 349 964 398 conponitur.
998 349 1148 388 Natura
1163 349 1268 388 enim
1285 354 1393 389 com·
1414 344 1437 378 2

109 409 242 445 menta
260 408 323 443 est
339 414 475 453 regem
486 434 497 452 ,
526 405 637 453 quod
659 410 696 443 et
715 415 767 443 ex
779 404 868 443 aliis
883 405 1122 444 animalibus
1137 405 1230 444 licet
1244 414 1394 453 cogno-

108 470 224 500 scere
242 465 283 499 et
301 470 353 498 ex
372 459 517 508 apibus
530 490 540 507 ,
573 468 743 508 quarum
761 461 846 509 regi
866 461 1159 510 amplissimum
1180 460 1311 500 cubile
1333 465 1398 505 est

108 515 323 565 medioque
351 525 399 554 ac
426 515 625 555 tutissimo
655 516 761 554 loco.
799 521 1008 564 praeterea
1034 527 1158 556 onere
1185 521 1307 555 vacat
1325 526 1395 555 ex-

106 576 220 611 actor
247 571 467 610 alienorum
496 581 683 620 operum,
715 575 754 610 et
773 570 924 610 amisso
944 582 1041 620 rege
1063 576 1189 611 totum
1209 571 1397 612 dilabitur

108 631 325 675 [examen],
354 637 430 665 nec
456 637 647 676 umquam
676 627 768 675 plus
797 638 923 670 unum·
947 627 1150 676 patiuntur
1170 628 1395 667 meliorem-

109 693 190 732 que
216 693 354 732 pugna
380 687 590 733 quaerunt.
630 686 840 731 praeterea
867 682 1037 731 insignis
1063 684 1149 732 regi
1177 684 1307 723 forma
1334 690 1397 723 est

106 738 398 788 dissimilisque
429 738 573 777 ceteris
599 742 682 777 tum
710 737 1004 787 magnitudine,
1038 743 1121 778 tum
1140 740 1282 778 nitore.
1316 739 1396 780 hoc

108 799 239 834 tamen
267 795 442 835 maxime
461 793 737 843 distinguitur.
781 794 1120 834 Iracundissimae
1143 805 1190 833 ac
1211 802 1286 844 pro
1307 805 1395 835 cor—

108 851 221 900 poris
250 855 372 899 captu
398 850 848 901 pugnacissimae-sunt
875 860 975 899 apes
1003 856 1044 890 et
1063 851 1228 890 aculeos
1250 851 1288 889 in
1308 851 1395 891 vol-

107 916 204 945 nere
234 903 483 956 relinquunt:
519 917 595 945 rex
621 905 711 955 ipse
739 906 827 945 sine
846 906 988 946 aculeo
1010 910 1085 945 est.
1132 906 1268 946 Noluit
1285 907 1395 946 illum
1415 908 1438 943 3

107 967 250 1002 natura
269 973 345 1001 nec
365 973 531 1002 saevum
552 972 647 1001 esse
659 972 735 1000 nec
750 961 942 1001 ultionem
957 973 1104 1011 magno
1122 966 1397 1002 constaturam

107 1023 263 1067 petere,
294 1018 498 1067 telumque
525 1016 699 1057 detraxit
719 1023 757 1057 et
775 1017 874 1057 iram
894 1017 981 1057 eius
1001 1018 1195 1057 inermem
1213 1019 1394 1068 reliquit:

106 1075 314 1124 exemplar
329 1074 407 1114 hoc
423 1073 578 1123 magnis
593 1072 758 1122 regibus
775 1074 918 1122 ingens
935 1078 1010 1113 est.
1041 1078 1103 1113 est
1115 1073 1222 1113 enim
1235 1074 1290 1113 illi
1305 1085 1394 1114 mos

106 1140 298 1170 exercere
325 1141 371 1169 se
398 1129 439 1168 in
467 1129 604 1179 parvis
632 1134 672 1168 et
698 1129 916 1178 ingentium
936 1140 1071 1169 rerum
1092 1130 1335 1169 documenta
1353 1133 1395 1170 in

105 1186 268 1226 minima
292 1197 442 1235 coqere.
490 1185 644 1224 Pudeat
669 1185 720 1224 ab
749 1185 906 1234 exiguis
936 1186 1175 1225 animalibus
1205 1197 1287 1226 non
1315 1191 1393 1225 tra·
1413 1184 1436 1218 4

104 1242 200 1281 here
222 1253 357 1282 mores
368 1273 378 1291 ,
409 1253 499 1281 cum
518 1246 627 1280 tanto
643 1240 850 1280 hominum
864 1242 1109 1281 moderatior
1125 1252 1220 1281 esse
1235 1241 1394 1282 animus

105 1298 269 1346 debeat,
306 1303 455 1348 quanto
482 1297 759 1337 vehementius
780 1303 910 1337 nocet.
959 1298 1119 1337 Utinam
1143 1298 1305 1348 quidem
1326 1309 1391 1338 ea-

105 1354 196 1393 dem
223 1354 373 1394 homini
401 1354 468 1392 lex
495 1357 624 1401 esset,
654 1358 700 1392 uc
725 1354 782 1392 ira
809 1365 900 1393 cum
927 1354 1008 1392 telo
1037 1364 1111 1393 suo
1141 1355 1394 1402 frangeretur

104 1420 180 1448 nec
207 1411 372 1459 saepius
393 1410 531 1452 liceret
553 1419 702 1449 nocere
723 1411 1012 1459 quamsemeI,
1043 1420 1119 1448 nec
1138 1410 1280 1449 alienis
1300 1409 1392 1448 viri-

106 1464 182 1504 bus
210 1476 401 1504 exercere
429 1466 541 1504 odia!
580 1465 697 1504 facile
726 1465 830 1504 enim
858 1466 1080 1504 lassaretur
1101 1466 1232 1512 furor,
1264 1465 1394 1514 siper

106 1530 152 1559 se
179 1520 255 1559 sibi
281 1520 532 1560 satisfaceret
553 1525 593 1560 et
611 1521 647 1559 si
666 1520 805 1560 mortis
826 1522 1006 1570 periculo
1026 1521 1107 1559 vim
1128 1532 1244 1560 suam
1263 1520 1393 1559 effun-

105 1576 230 1615 deret.
278 1576 360 1616 Sed
380 1587 430 1614 ne
449 1587 556 1615 nunc
575 1577 738 1626 quidem
757 1577 812 1616 illi
833 1588 977 1616 cursus
997 1581 1106 1616 tutus
1128 1581 1202 1616 est.
1240 1581 1393 1616 tantum
1410 1577 1432 1611 5

105 1632 211 1670 enim
226 1642 397 1671 necesse
412 1636 474 1670 est
491 1632 645 1680 timeat,
672 1637 864 1680 quantum
880 1633 1008 1672 timeri
1024 1632 1172 1680 voluit,
1193 1636 1231 1671 et
1248 1643 1391 1672 manus

106 1688 283 1727 omnium
300 1688 489 1726 observet
504 1692 543 1726 et
559 1698 607 1726 eo
623 1698 786 1738 quoque
801 1692 992 1737 tempore,
1007 1700 1087 1738 quo
1104 1700 1184 1727 non
1198 1693 1391 1737 captatur,

106 1744 186 1793 peti
203 1754 250 1783 se
264 1742 414 1783 iudicet
427 1745 659 1792 nullumque
674 1749 916 1784 momentum
932 1744 1095 1784 inmune
1113 1749 1253 1783 ametu
1269 1744 1391 1783 habe-

105 1804 164 1839 at:
186 1799 290 1838 hanc
307 1799 453 1848 aliquis
470 1809 589 1848 agere
604 1799 726 1838 vitam
742 1798 925 1848 sustinet,
947 1811 1036 1839 cum
1052 1802 1171 1840 liceat
1184 1800 1392 1839 innoxium

104 1855 214 1903 aliis,
246 1855 298 1894 ob
318 1855 398 1894 hoc
418 1865 606 1894 securum
625 1855 799 1894 salutare
819 1856 1024 1904 potentiae
1045 1857 1108 1896 ius
1128 1855 1243 1895 laetis
1265 1855 1392 1895 omni-

103 1911 180 1950 bus
207 1915 406 1950 tractare?
445 1915 550 1950 errat
577 1910 701 1958 enim,
737 1911 772 1950 si
801 1912 891 1959 quis
921 1911 1124 1951 exIstimat
1153 1916 1275 1953 tutum
1297 1921 1392 1952 esse

103 1966 157 2005 ibi
176 1977 323 2015 regem,
343 1965 413 2005 ubi
435 1966 531 2005 nihil
550 1977 574 2004 a
593 1976 689 2015 rege
709 1970 846 2014 tutum,
869 1968 944 2006 sed
959 1968 1156 2006 securitas
1174 1966 1392 2008 securitate

103 2027 240 2062 mutua
267 2022 513 2071 paciscenda
541 2027 614 2061 est.
660 2022 748 2060 Non
777 2033 881 2071 opus
911 2028 974 2062 est
993 2023 1191 2062 instruere
1212 2022 1250 2061 in
1271 2024 1391 2062 altum
1410 2028 1432 2064 6

103 2078 232 2117 editas
252 2088 367 2116 arces
388 2089 464 2116 nec
483 2078 523 2116 in
543 2078 788 2116 adscensum
808 2078 959 2117 arduos
979 2080 1110 2118 colles
1122 2078 1301 2117 emunire
1315 2090 1392 2119 nec

103 2134 228 2172 latera
254 2134 447 2172 montium
476 2133 708 2180 abscidere,
738 2133 1025 2182 multiplicibus
1055 2144 1101 2172 se
1127 2132 1251 2174 muris
1273 2134 1390 2174 turri-

103 2188 262 2238 busque
291 2188 444 2238 sepire=
474 2190 631 2228 salvum
659 2199 794 2236 regem
823 2188 863 2226 in
884 2194 1023 2238 aperto
1046 2189 1254 2230 clementia
1273 2201 1390 2238 prae-

103 2244 233 2284 stabit.
286 2244 419 2284 Unum
446 2249 509 2284 est
534 2243 850 2293 inexpugnabile
876 2243 1165 2284 munimentum
1193 2255 1306 2285 amor
1335 2246 1389 2284 ci-

101 2299 223 2340 vium.
268 2299 370 2349 Quid
388 2300 596 2350 pulchrius
617 2306 679 2340 est
700 2311 820 2349 quam
835 2300 973 2340 vivere
989 2300 1218 2352 optantibus
1235 2302 1389 2341 cunctis
1408 2307 1430 2344 7
