1592 2580
305 180 384 222 110
675 179 717 218 L.
746 177 934 218 ANNAEI
963 177 1188 218 SENECAE

303 280 486 320 neficium
504 284 636 318 manet
653 288 728 317 nec
745 278 929 326 debetur,
958 278 992 318 si
1011 283 1146 317 secuta
1165 284 1225 318 est
1244 279 1400 319 dantem
1425 279 1560 328 poeni-

302 335 442 383 tentia,
470 334 501 373 si
520 334 706 372 miserum
723 343 767 372 se
781 331 898 379 dixit,
919 307 1028 382 ²quod
1044 325 1239 381 dedisset,
1261 334 1314 382 si,
1336 345 1423 372 cum
1441 336 1562 382 daret,

303 388 537 438 suspiravit,
567 389 712 426 voltum
734 388 916 435 adduxit,
945 387 1112 436 perdere
1130 398 1175 426 se
1190 388 1373 436 credidit,
1398 399 1474 427 non
1492 390 1561 428 do

301 455 409 483 nare.
447 444 480 482 si
501 454 575 482 sua
594 453 717 481 causa
736 447 802 481 aut
820 448 926 481 certe
945 452 1023 480 non
1044 452 1132 480 mea
1150 443 1267 481 dedit.
1296 443 1330 481 si
1349 454 1426 482 non
1448 443 1564 482 desiit

302 500 508 545 insultare,
544 497 703 546 gloriari
736 501 774 535 et
798 497 947 545 ubique
973 496 1119 536 iactare
1145 502 1184 535 et
1209 498 1393 536 acerbum
1419 508 1563 536 munus

265 555 284 590 7
302 564 415 592 suum
440 553 582 591 facere.
629 552 762 590 Manet
780 551 1034 598 beneficium,
1062 553 1241 599 quamvis
1261 563 1340 590 non
1361 552 1562 599 debeatur,

301 608 417 646 sicuti
437 607 632 656 quaedam
654 606 866 654 pecuniae,
894 606 944 643 de
963 581 1135 654 qui'hus
1125 617 1187 644 lus
1208 607 1392 645 credit01i
1412 617 1490 646 non
1506 606 1562 645 di—

301 663 418 708 citur,
447 661 640 700 debentur
660 661 731 699 sed
750 670 828 698 non
847 660 1067 709 exiguntur.

266 729 283 759 1
379 718 429 755 V.
463 715 641 763 „Dedisti
667 715 920 763 beneficium,
956 714 1135 753 iniuriam
1169 720 1308 763 postea
1341 714 1490 753 fecisti=
1526 686 1565 754 et

301 771 495 810 beneficio
524 771 650 819 gratia
680 770 845 808 debetur
870 774 908 807 et
933 769 1098 808 iniuriae
1124 769 1233 808 ultio.
1238 773 1261 790 ‘⁴
1316 770 1397 808 Nec
1416 780 1489 817 ego
1510 769 1563 808 illi

300 826 464 873 gratiam
493 826 620 864 debeo
647 834 721 862 nec
746 823 810 862 ille
837 823 929 861 mihi
949 834 1138 872 poenam:
1169 824 1266 863 alter
1283 823 1333 862 ab
1353 824 1474 863 altero
1494 825 1562 863 ab-

264 890 285 922 2
301 880 478 918 solvitur.
528 880 621 918 Cum
640 878 827 917 dicimus:
854 878 1090 916 beneficium
1114 878 1166 916 iili
1186 879 1359 924 reddidi,
1389 890 1468 917 non
1487 878 1563 917 hoc

301 935 487 981 dicimus,
513 933 611 972 illud
630 944 724 980 nos,
757 932 864 981 quod
883 943 1186 980 acceperamus,
1219 933 1461 980 reddidisse,
1491 934 1564 971 sed

301 990 406 1028 atiud
435 1000 507 1037 pro
535 988 615 1027 illo.
653 987 866 1026 reddere
894 987 998 1025 enim
1025 992 1085 1026 est
1111 997 1207 1025 rem
1239 998 1324 1036 pro
1353 999 1404 1026 re
1433 988 1563 1026 dare.

301 1044 464 1091 quidni?
492 1054 580 1081 cum
601 1043 728 1082 onmis
748 1042 890 1081 solutio
909 1052 987 1080 non
1005 1042 1107 1080 idem
1126 1042 1285 1089 reddat,
1308 1043 1380 1080 sed
1397 1047 1561 1081 tantum—

300 1099 402 1138 dem.
438 1109 527 1135 nam
547 1102 585 1136 et
603 1098 810 1145 pecuniam
831 1095 997 1134 dicimur
1015 1096 1260 1144 reddidisse,
1292 1096 1472 1145 quamvis
1492 1107 1562 1135 nu-

299 1152 580 1190 meraverimus
610 1162 680 1199 pro
709 1151 905 1198 argenteis
933 1160 1098 1196 aureos,
1137 1150 1317 1198 quamvis
1346 1162 1423 1189 non
1446 1151 1562 1190 inter-

301 1207 478 1244 venerint
497 1207 661 1250 nummi,
693 1205 766 1243 sed
786 1205 1032 1252 delegatione
1052 1210 1090 1243 et
1109 1205 1241 1243 verbis
1261 1207 1436 1253 perfecta
1457 1206 1562 1244 solu-

261 1260 351 1300 3ti0
381 1261 444 1298 sit.
490 1258 650 1299 Videris
663 1259 763 1297 mihi
784 1259 935 1297 dicere:
969 1259 1133 1307 „Perdis
1155 1270 1330 1307 operam.
1372 1270 1561 1308 quorsum

298 1316 402 1353 enim
431 1315 599 1362 pertinet
627 1315 730 1353 scire
757 1324 838 1360 me,
867 1324 918 1351 an
938 1319 1110 1360 maneat,
1142 1315 1250 1362 quod
1272 1325 1349 1353 non
1371 1315 1563 1353 debetur?

298 1370 666 1407 iurisconsultorum
685 1368 784 1406 istae
801 1367 973 1415 ineptiae
993 1372 1083 1406 sunt
1101 1373 1259 1415 acutae,
1281 1369 1347 1416 qui
1366 1368 1560 1407 heredita-

297 1429 373 1461 tem
403 1428 548 1471 negant
575 1423 741 1470 usucapi
774 1431 916 1470 posse,
953 1422 1027 1460 sed
1058 1432 1106 1460 ea
1140 1432 1242 1470 quae
1276 1423 1315 1460 in
1347 1423 1562 1462 hereditate

299 1483 408 1524 sunt,
447 1483 644 1526 tamquam
680 1477 890 1525 quicquam
923 1476 1028 1514 aliud
1061 1477 1111 1515 sit
1139 1477 1480 1525 hereditasquam
1515 1487 1563 1515 ea

263 1533 285 1566 4
301 1543 403 1580 quae
423 1532 460 1570 in
480 1531 695 1573 hereditate
711 1535 813 1569 sunt.
858 1531 956 1570 Illud
971 1531 1103 1578 potius
1118 1531 1210 1569 mibi
1227 1531 1433 1579 distingue,
1454 1532 1562 1579 quod

300 1591 432 1635 potest
450 1586 502 1624 ad
519 1596 603 1624 rem
623 1586 838 1634 pertinere,
860 1585 1068 1623 cumidem
1085 1585 1203 1623 homo
1219 1585 1452 1624 beneficium
1469 1585 1561 1624 mihi

299 1642 407 1680 dedit
433 1646 473 1679 et
499 1646 640 1689 postea
667 1639 759 1678 fecit
785 1640 983 1686 iniuriam,
1014 1644 1143 1678 utrum
1171 1645 1209 1677 et
1239 1640 1473 1678 beneficium
1506 1639 1560 1677 illi

297 1696 466 1734 reddere
492 1695 658 1733 debeam
687 1698 726 1732 et
751 1704 813 1732 me
839 1694 890 1733 ab
916 1694 982 1732 illo
1010 1693 1259 1733 nihilominus
1288 1695 1488 1732 vindicare
1513 1704 1560 1731 ac

297 1750 417 1788 veluti
446 1749 603 1788 duobus
625 1748 847 1787 nominibus
868 1748 1081 1796 separatim
1101 1749 1365 1796 respondere,
1395 1759 1445 1787 an
1466 1749 1558 1786 alte-

298 1815 384 1843 rum
414 1804 524 1842 alteri
552 1803 801 1842 contribuere
821 1807 860 1841 et
884 1802 979 1841 nihil
998 1803 1143 1850 negotii
1161 1803 1326 1850 habere,
1352 1807 1394 1840 ut
1412 1803 1559 1841 benefi-

300 1860 401 1897 cium
431 1857 573 1896 iniuria
596 1858 772 1905 tollatur,
800 1857 994 1896 beneficio
1018 1857 1172 1895 iniuria.
1206 1857 1301 1896 illud
1321 1858 1424 1896 enim
1442 1857 1559 1895 video

299 1915 338 1951 in
358 1914 435 1952 hoc
454 1913 540 1951 soro
560 1912 664 1950 fieri:
694 1911 790 1961 quid
807 1912 846 1950 in
866 1916 998 1950 vestra
1017 1911 1155 1950 schola
1168 1912 1262 1950 iuris
1277 1911 1345 1957 sit,
1366 1922 1440 1950 vos
1456 1911 1558 1949 scia-

263 1972 283 2003 5
300 1968 362 2007 tis.
412 1967 655 2015 Separantur
680 1967 878 2014 actioneS,
905 1971 943 2004 et
969 1966 1019 2005 de
1046 1977 1095 2005 eo
1119 1966 1258 2014 [quod]
1278 1964 1428 2013 agimus
1449 1969 1488 2004 et
1509 1965 1560 2003 de

300 2033 348 2062 eo
364 2022 572 2060 nobiscum
586 2022 723 2070 agitur.
752 2031 831 2059 non
850 2020 1101 2060 confunditur
1115 2021 1300 2058 formula:
1327 2020 1438 2068 siqui
1453 2020 1559 2067 apud

301 2087 364 2116 me
390 2076 598 2125 pecuniam
617 2075 868 2124 deposuerit,
896 2075 999 2114 idern
1019 2074 1112 2113 mihi
1132 2078 1270 2123 postea
1292 2075 1435 2113 furtum
1455 2074 1557 2112 fece-

300 2131 368 2179 rit,
395 2135 434 2168 et
451 2140 526 2179 ego
548 2141 635 2169 curn
658 2131 724 2169 illo
744 2130 834 2168 furti
852 2140 966 2178 agam
986 2134 1023 2168 et
1040 2130 1104 2168 ille
1123 2139 1274 2167 mecum
1294 2127 1504 2177 depositi.“

266 2191 285 2222 1
380 2186 448 2223 VI.
487 2184 594 2232 Quae
622 2184 882 2233 proposuisti,
920 2184 971 2223 mi
995 2183 1201 2230 Liberalis,
1224 2185 1412 2232 ‘exempla
1441 2183 1556 2221 certis

303 2239 456 2286 legibus
477 2240 743 2287 continentur,
772 2250 872 2287 quas
888 2247 1054 2277 necesse
1067 2241 1128 2275 est
1142 2237 1275 2285 sequi=
1304 2238 1370 2276 lex
1383 2237 1458 2286 legi
1475 2247 1555 2275 non

302 2293 498 2334 miscetur.
533 2299 700 2343 utraque
729 2304 801 2333 sua
827 2294 889 2332 via
915 2293 961 2332 it:
989 2290 1211 2342 depositum
1228 2292 1345 2332 habet
1363 2292 1552 2331 actionem
