1592 2580
329 206 515 246 NATUR.
538 204 751 254 QUAEST.
779 205 875 244 LlB.
899 205 944 242 11.
975 209 1102 245 6—9.
1270 201 1355 244 187

74 317 235 359 quoque
256 307 360 345 sicut
378 307 415 345 in
437 317 544 356 aqua
563 306 618 345 fit.
655 305 909 345 circumsistit
929 305 1032 344 enim
1054 314 1172 344 omne
1192 314 1354 355 corpus,

74 377 98 404 a
120 374 198 414 quo
219 362 441 412 inpellitur:
473 362 567 400 nihil
588 372 684 411 ergo
706 373 810 411 opus
833 362 906 400 erit
927 360 1105 400 admixto
1134 359 1255 399 inani.

153 418 254 457 VIII.
285 418 367 457 Sed
395 417 494 457 haec
523 418 635 456 alias.
675 428 768 456 esse
789 417 986 466 quaedam
1005 417 1044 455 in
1064 426 1195 455 rerum
1216 421 1357 455 natura

74 474 322 513 vehementia
341 474 557 523 magnique
577 473 738 522 inpetus
758 483 864 512 nunc
884 472 944 512 sic
973 472 1262 521 colligendumz
1298 473 1356 511 ni—

72 531 124 568 hil
144 530 219 568 nisi
238 530 458 569 intentione
477 528 755 568 vehementius
776 533 856 576 est,
885 533 964 567 tam
991 527 1220 567 mehercule
1236 539 1355 577 quam

73 586 166 624 nihil
194 585 344 625 intendi
365 585 415 624 ab
436 585 513 623 alio
534 584 699 633 poterit,
728 583 806 623 nisi
828 585 979 633 aliquid
1000 584 1074 633 per
1093 588 1221 622 semet
1239 584 1358 622 suerit

71 642 275 680 intentum.
320 640 490 680 dicimus
518 640 623 679 enim
652 641 795 679 eodem
823 640 944 679 modo
974 650 1054 679 non
1088 649 1215 688 posse
1245 640 1355 688 quic—

71 708 192 747 quam
211 697 261 735 ab
283 697 359 735 alio
376 695 550 743 moveri,
571 695 649 735 nisi
668 695 819 745 aliquid
841 696 956 734 fuerit
976 694 1121 734 mobile
1142 705 1194 734 ex
1218 700 1356 733 semet.

73 753 168 802 quid
197 757 328 791 autem
357 756 438 799 est,
471 752 580 800 quod
607 751 736 800 magis
757 752 943 790 credatur
962 761 1012 789 ex
1033 761 1079 790 se
1098 751 1188 799 ipso
1210 750 1358 788 habere

70 807 332 846 intentionem
360 818 477 856 quam
510 806 705 856 spiritus?
738 807 853 846 Hunc
883 807 1033 846 intendi
1064 805 1154 856 quis
1184 805 1357 854 negabit,
1388 828 1394 838 κ

71 874 161 903 eum
183 863 325 902 viderit
343 863 480 902 iactari
497 867 642 902 terram
658 873 749 902 cum
763 862 966 902 montibus
978 893 987 909 ,
1006 867 1110 901 tecta
1125 872 1356 910 murosque,

71 929 237 967 magnas
258 930 348 958 cum
369 919 532 967 populis
551 919 696 966 urbes,
717 928 807 956 cum
826 918 920 958 totis
941 917 1066 956 maria
1086 917 1296 956 litoribus‘.e

155 975 219 1013 IX.
259 974 440 1013 Ostendit
476 975 735 1013 intentionem
768 973 933 1023 spiritus
971 974 1164 1012 velocitas
1198 973 1286 1012 eius
1321 977 1398 1014 etl

70 1030 263 1069 diductio.
293 1029 405 1068 Oculi
422 1030 552 1069 statim
567 1040 640 1078 per
655 1031 777 1068 multa
793 1030 901 1068 milia
914 1029 1040 1067 aciem
1058 1040 1172 1068 suam
1189 1029 1356 1067 mittunt.

70 1097 151 1125 vox
171 1097 252 1124 una
270 1090 375 1125 totas
394 1085 516 1124 urbes
537 1086 653 1124 simul
676 1085 856 1134 percutit.
892 1086 1042 1124 Lumen
1064 1096 1144 1124 non
1169 1085 1357 1133 paulatim

70 1142 267 1191 prorepit,
289 1141 362 1180 sed
382 1141 506 1179 semel
527 1141 725 1179 universis
747 1140 868 1179 rebus
887 1140 1120 1180 infunditur.
1148 1142 1269 1189 Aqua
1289 1150 1357 1179 au-
1378 1148 1399 1181 2

70 1204 148 1236 tem
169 1196 506 1245 quemadmodum
526 1196 614 1235 sine
633 1196 776 1245 spiritu
798 1201 938 1244 posset
955 1195 1135 1235 intendi?
1164 1196 1359 1244 numquid

70 1253 253 1300 dubim,
282 1252 376 1301 quin
405 1252 564 1301 sparsio
591 1252 676 1300 illa,
706 1261 811 1301 quae
840 1262 890 1290 ex
912 1252 1181 1291 fundamentis
1202 1251 1359 1290 mediae

70 1318 216 1347 arenae
236 1318 425 1347 crescens
443 1308 483 1345 in
500 1318 697 1346 summum
714 1317 848 1356 usque
865 1307 1142 1356 amphitheatri
1163 1307 1358 1356 pervenit,

71 1374 162 1402 cum
181 1364 398 1402 intentione
419 1373 550 1412 aquae
568 1362 664 1401 fiat?
705 1363 816 1411 atqui
849 1373 924 1401 nec
958 1373 1101 1401 manus
1128 1373 1203 1401 nec
1233 1363 1356 1401 ullum

71 1419 179 1458 aliud
208 1423 442 1458 tormentum
472 1429 619 1466 aquam
650 1423 784 1467 potest
811 1419 966 1457 mittere
996 1423 1064 1457 aut
1093 1428 1214 1466 agere
1236 1428 1356 1466 quam

71 1474 250 1522 spiritus.
287 1474 378 1512 huic
399 1484 444 1512 se
464 1474 717 1520 commodat,
739 1474 816 1513 hoc
832 1473 1034 1512 adtollitur
1055 1474 1206 1512 Inserto
1230 1478 1268 1511 et
1288 1484 1354 1512 co-

70 1534 208 1578 gente,
237 1534 376 1568 contra
401 1534 583 1568 naturam
611 1540 724 1568 suam
744 1530 866 1568 multa
887 1533 1054 1568 conatur
1075 1533 1114 1568 et
1133 1529 1356 1576 adscendit,

71 1590 165 1623 nata
198 1583 390 1623 defluere.
436 1584 566 1632 Quid?
600 1584 759 1633 navigia
796 1585 955 1623 sarcina
989 1585 1188 1633 depressa
1216 1595 1356 1633 parum
1376 1594 1399 1628 3

73 1639 290 1679 ostendunt
317 1650 396 1678 non
418 1651 562 1688 aquam
583 1641 659 1679 sibi
678 1641 887 1686 resistere,
921 1651 1001 1689 quo
1023 1641 1154 1679 minus
1175 1650 1356 1688 mergan—

71 1702 156 1742 tur,
185 1696 259 1734 sed
287 1696 495 1743 spiritum?
530 1706 637 1743 aqua
665 1696 782 1734 enim>
800 1696 962 1734 cederet
989 1706 1064 1734 nec
1094 1701 1236 1744 posset
1256 1707 1355 1745 pon-

73 1752 171 1790 dera
208 1751 427 1798 sustinere,
465 1750 540 1789 nisi
570 1750 660 1799 ipsa
687 1751 964 1790 sustineretur.
1008 1751 1155 1790 Discus
1184 1762 1236 1790 ex
1264 1753 1355 1790 loco

73 1806 285 1856 superiore
306 1806 343 1844 in
366 1806 563 1854 piscinam
586 1807 734 1845 missus
755 1817 834 1845 non
857 1806 1085 1854 descendit,
1115 1807 1189 1845 sed
1208 1807 1353 1846 resilit:

73 1861 434 1912 quemadmodum,
463 1861 539 1900 nisi
567 1861 711 1910 spiritu
729 1862 969 1901 resedente?
997 1862 1090 1901 Vox
1114 1866 1246 1901 autem
1277 1874 1357 1911 qua
1376 1870 1398 1904 4

72 1918 227 1956 ratione
255 1928 326 1966 per
346 1917 541 1966 parietum
560 1918 803 1956 munimenta
822 1918 1116 1965 transmittitur,
1146 1918 1222 1956 nisi
1244 1919 1355 1967 quod

73 1973 204 2013 solido
228 1983 392 2021 quoque
411 1982 480 2010 aer
500 1973 622 2021 inest,
652 1973 719 2021 qui
747 1984 890 2012 sonum
915 1973 1167 2012 extrinsecus
1187 1973 1353 2013 missum

73 2033 113 2068 et
132 2027 278 2077 accipit
305 2032 344 2066 et
369 2027 555 2067 remittit?
592 2028 744 2067 scilicet
775 2028 916 2078 spiritu
946 2039 1026 2068 non
1046 2033 1185 2077 aperta
1203 2034 1354 2069 tantum

75 2084 308 2132 intendens,
338 2084 412 2123 sed
440 2084 556 2122 etiam
584 2083 718 2122 abdita
745 2089 784 2122 et
810 2085 984 2131 inclusa,
1017 2085 1126 2133 quod
1146 2084 1200 2123 illi
1221 2086 1354 2124 facere

75 2140 306 2188 expeditum
333 2143 414 2184 est,
445 2139 537 2187 quia
564 2149 764 2187 nusquam
792 2139 948 2178 divisus
970 2144 1050 2186 est,
1087 2140 1160 2178 sed
1186 2151 1260 2189 per
1287 2141 1354 2180 illa

75 2193 185 2243 ipsa,
207 2194 353 2243 quibus
375 2194 554 2243 separari
574 2194 749 2241 videtur,
779 2194 858 2234 coit
877 2205 1027 2233 secum.
1056 2195 1288 2245 interponas
1309 2197 1352 2235 li-

77 2254 138 2289 cet
169 2260 306 2289 muros
341 2254 380 2289 et
406 2249 577 2288 mediam
605 2249 850 2288 altitudinem
879 2250 1088 2289 montium:
1123 2261 1195 2301 per
1222 2252 1354 2291 omnIa

76 2305 152 2343 ista
175 2305 405 2353 prohibetur
428 2306 544 2344 nohis
564 2315 657 2344 esse
678 2304 866 2354 pervius,
880 2315 967 2355 ,non
985 2305 1074 2345 sibi.
1110 2307 1151 2345 id
1170 2308 1274 2347 enim
1295 2308 1352 2346 in-

78 2361 308 2399 tercluditur
325 2365 476 2400 tantum
493 2391 503 2408 ,
526 2371 599 2409 per
621 2361 730 2411 quod
751 2360 861 2399 illum
881 2371 956 2400 nos
977 2361 1092 2412 sequi
1112 2373 1351 2412 possumus:
