1598 2606
282 209 335 251 38
657 210 699 248 L.
723 209 914 250 ANNAEI
940 209 1165 251 SENECAE

242 318 260 351 1
362 311 1013 350 IIl.Praeterhanccausam
1032 312 1163 350 aliae
1183 322 1380 361 quoque
1401 318 1534 361 sunt,

282 377 409 416 quae
445 366 591 405 nobis
626 366 801 404 merita
827 376 1192 414 nonnumquam
1219 368 1427 405 maxima
1455 378 1535 406 ve-

281 423 397 459 lant.
444 421 601 470 prima
643 421 855 460 omnium
895 431 949 459 ac
985 421 1358 470 potentissima,
1404 422 1536 471 quod

281 476 427 515 novis
448 486 647 525 semper
661 475 1030 524 cupiditatibus
1051 475 1286 525 occupati
1305 486 1398 514 non
1419 475 1537 526 quid

280 531 572 578 habeamus,
613 531 701 569 sed
732 530 848 578 quid
885 534 1112 579 petamus
1139 530 1454 580 inspicimus.
1496 529 1536 569 in

281 584 323 622 id
351 586 461 633 quod
488 586 685 634 adpetitur
710 584 868 623 intentis
895 584 1084 634 quicquid
1110 585 1216 624 domi
1242 589 1321 633 est,
1357 585 1436 624 vile
1462 589 1535 624 est.

241 639 263 673 2
283 639 468 687 Sequitur
488 644 616 678 autem
636 645 696 686 ut,
722 639 788 678 ubi
810 639 919 687 quod
936 640 1138 688 acceper1s
1157 641 1244 678 leve
1263 650 1455 679 novorum
1470 650 1536 679 cu-

281 694 426 743 piditas
460 693 573 741 fecit‚
614 699 750 733 auctor
778 704 938 743 quoque
970 704 1107 733 eorum
1135 705 1212 732 non
1245 695 1296 733 sit
1327 695 1365 732 in
1398 694 1536 743 pretio.

280 749 510 787 Amavimus
544 749 714 797 aliquem
748 753 786 787 et
815 749 1069 797 suspeximus
1098 754 1137 788 et
1164 749 1366 787 fundatum
1395 749 1444 787 ab
1470 749 1537 786 illo

281 807 423 841 statum
438 809 613 842 nostrum
632 803 804 852 professi
822 814 978 851 sumus,
999 804 1186 852 quamdiu
1200 803 1314 842 nobis
1332 803 1540 852 placebant

281 867 347 904 ea,
375 868 478 906 quae
497 859 699 897 consecuti
718 869 868 897 sumus.
898 859 1042 896 deinde
1058 859 1243 907 inrumpit
1257 859 1427 896 animum
1443 858 1538 896 alio-

279 923 366 950 rum
386 912 592 952 admiratio
613 918 651 952 et
670 914 722 951 ad
741 923 788 950 ea
806 913 963 961 inpetus
983 914 1109 951 factus
1131 918 1211 958 est,
1235 914 1291 952 uti
1307 913 1538 951 mortalibus

281 977 368 1005 mos
397 973 458 1005 est
484 977 534 1005 ex
561 968 713 1015 magms
741 968 892 1005 maiora
925 968 1128 1016 cupiendi:
1166 968 1346 1016 protinus
1380 967 1538 1014 excidit,

282 1021 473 1069 quicquid
499 1027 589 1060 ante
617 1023 724 1070 apud
751 1032 825 1060 nos
852 1023 1087 1060 beneficium
1116 1022 1352 1070 vocabatur,
1388 1031 1462 1060 nec
1490 1032 1538 1059 ea

281 1074 494 1122 intuemur,
515 1086 618 1124 quae
637 1087 712 1115 nos
731 1076 817 1114 aliis
840 1087 1127 1124 praeposuere,
1146 1078 1219 1115 sed
1239 1087 1287 1115 ea
1306 1078 1412 1123 sola,
1435 1086 1538 1124 quae

240 1129 262 1163 3
282 1130 440 1168 fortuna
461 1131 776 1178 praecedentium
798 1135 980 1169 ostentat.
1023 1132 1108 1170 Non
1130 1136 1261 1179 potest
1281 1136 1410 1170 autem
1431 1130 1538 1179 quis-

283 1194 402 1231 quam
421 1189 459 1222 et
477 1185 654 1222 invidere
674 1190 712 1223 et
730 1185 875 1232 gratias
896 1195 1033 1232 agere,
1064 1186 1155 1233 quia
1174 1186 1352 1224 invidere
1371 1195 1538 1234 queren-

281 1239 331 1276 tis
358 1242 398 1276 et
422 1239 563 1277 moesti
584 1244 663 1285 est,
695 1240 840 1287 gratias
867 1249 986 1285 agere
1013 1240 1240 1287 gaudentis,
1274 1240 1418 1278 deinde
1446 1239 1539 1287 quia

281 1303 397 1331 nemo
425 1298 603 1332 nostrum
632 1294 742 1332 novit
768 1294 844 1332 nisi
865 1295 908 1332 id
925 1298 1100 1341 tempus,
1132 1295 1240 1342 quod
1261 1294 1539 1332 cummaxime

241 1346 263 1381 4
283 1347 436 1394 transit,
468 1348 519 1385 ad
540 1348 750 1396 praeterita
770 1348 846 1385 rari
868 1348 1038 1386 animum
1058 1352 1301 1396 retorquent.
1351 1348 1416 1386 Sic
1435 1348 1479 1386 fit
1497 1352 1539 1386 ut

280 1406 566 1450 praeceptores
585 1413 802 1451 eorumque
819 1403 1013 1440 beneficia
1030 1402 1281 1450 intercidant,
1305 1403 1397 1451 quia
1418 1407 1538 1440 totam

281 1456 488 1504 pueritiam
506 1457 749 1505 reliquimus.
793 1457 851 1495 sic
873 1457 915 1495 fit
935 1458 1029 1495 utin
1045 1458 1350 1496 adulescentiam
1367 1461 1541 1495 nostram

282 1511 425 1549 collata
451 1516 634 1559 pereant,
669 1512 763 1560 quia
787 1511 876 1560 ipsa
895 1522 1110 1560 numquam
1129 1516 1371 1550 retractatur.
1417 1511 1539 1549 Nemo

283 1565 392 1612 quod
418 1565 489 1603 fuit
516 1571 712 1614 tamquam
741 1567 779 1604 in
809 1567 1038 1614 praeterito,
1069 1567 1142 1604 sed
1166 1571 1366 1615 tamquam
1393 1566 1431 1604 in
1452 1575 1540 1624 per-

282 1619 362 1657 dito
390 1620 525 1668 ponit,
566 1621 737 1669 ideoque
769 1621 920 1659 caduca
950 1621 1139 1660 memoria
1172 1626 1234 1660 est
1265 1622 1394 1659 futuro
1429 1619 1538 1658 inmi—

280 1674 468 1713 nentium.

242 1731 261 1764 1
362 1729 429 1766 IV.
459 1728 545 1767 Hoc
561 1730 650 1768 loco
665 1730 912 1769 reddendum
927 1729 1168 1777 estEpicuro
1179 1729 1452 1775 testimonium,
1471 1728 1539 1776 qui

282 1782 451 1821 adsidue
466 1784 660 1831 queritur,
689 1786 798 1832 quod
814 1785 1008 1823 adversus
1026 1785 1234 1832 praeterita
1249 1783 1371 1821 simus
1386 1781 1539 1832 ingrati,

284 1838 393 1884 quod
418 1848 693 1887 quaecumque
717 1839 968 1887 percepimus
989 1839 1093 1877 bona
1111 1850 1189 1878 non
1209 1838 1446 1876 reducamus
1467 1846 1541 1874 nec

283 1892 384 1930 inter
409 1893 633 1941 voluptates
660 1904 932 1940 numeremus,
972 1904 1060 1931 eum
1090 1893 1232 1932 certior
1260 1892 1367 1930 nulla
1394 1893 1444 1930 sit
1470 1901 1539 1928 vo-

240 1948 262 1980 2
285 1947 415 1994 luptas
438 1957 555 1995 quam
577 1958 680 1996 quae
699 1948 776 1986 iam
793 1948 892 1997 eripi
912 1958 991 1987 non
1008 1952 1150 1996 potest.
1195 1945 1422 1984 Praesentia
1435 1946 1541 1983 bona

282 2002 458 2039 nondum
485 2006 567 2040 tota
593 2002 632 2040 in
657 2003 786 2041 solido
807 2007 915 2048 sunt,
947 2006 1078 2050 potest
1097 2001 1163 2039 illa
1183 2011 1300 2041 casus
1322 2000 1463 2048 aliquis
1482 1999 1539 2036 in-

283 2054 428 2094 cidere.
476 2057 606 2095 futura
632 2057 808 2105 pendent
834 2061 873 2095 et
898 2056 1046 2095 incerta
1072 2060 1183 2094 sunt=
1213 2054 1321 2103 quod
1343 2052 1542 2103 praeteriit.

282 2108 381 2147 inter
403 2114 482 2148 tuta
497 2112 717 2159 sepositum
732 2117 804 2150 est.
852 2111 1058 2159 Quomodo
1073 2115 1206 2158 gratus
1223 2119 1314 2147 esse
1331 2109 1540 2157 quisquam

283 2163 478 2203 adversus
497 2165 692 2204 beneficia
712 2170 860 2213 potest,
892 2167 959 2214 qui
979 2175 1134 2203 omnem
1152 2164 1268 2202 vitam
1289 2174 1399 2201 suam
1414 2168 1540 2201 trans-

284 2217 363 2255 silit
391 2220 656 2265 praesentium
683 2224 789 2258 totus
816 2230 863 2258 ac
890 2221 1133 2258 futurorum?
1174 2218 1363 2255 Memoria
1389 2220 1541 2266 gratum

283 2271 393 2309 facit:
430 2274 642 2312 memoriae
666 2273 867 2313 minimum
892 2272 1050 2321 tribuit,
1089 2271 1271 2321 quisquis
1299 2271 1387 2321 spei
1418 2268 1538 2320 pluri-

284 2335 401 2365 mum.
