1592 2580
328 180 381 222 94
697 182 739 219 L.
767 181 955 220 ANNAEI
982 180 1207 225 SENECAE

405 282 452 319 X.
481 279 722 319 Beneficium
741 285 802 318 est
816 279 1060 328 praestitisse
1076 280 1224 327 aliquid
1238 279 1390 318 utiliter.
1420 279 1592 317 verbum.

329 340 458 375 autem
477 334 743 383 praestitis
756 345 774 372 s
786 345 808 372 e
835 334 886 372 ad
903 335 1001 372 alios
1017 339 1180 382 spectat.
1209 334 1406 381 Numquid
1421 343 1499 371 non
1516 334 1583 371 de-

327 400 440 428 mens
461 389 665 436 videbitur,
683 389 750 437 qui
771 388 919 436 aliquid
934 388 1160 427 vendidisse
1180 388 1254 426 sibi
1274 398 1318 426 se
1334 388 1464 426 dicet?
1492 387 1584 436 quia

328 443 501 483 venditio
529 444 711 482 alienatio
741 449 802 481 est
829 447 868 480 et
892 442 950 481 rei
978 452 1074 480 suae
1101 443 1276 491 iurisque
1304 442 1343 480 in
1370 452 1417 479 ea
1445 442 1504 480 sui
1533 442 1585 479 ad

330 501 445 537 alium
467 499 684 537 translatio.
716 498 824 545 atqui
845 497 1173 545 quemadmodum
1193 497 1383 543 vendere,
1413 496 1470 534 sic
1491 497 1586 534 dare

329 553 475 601 aliquid
502 563 526 590 a
547 563 591 590 se
610 551 801 590 dimittere
822 555 938 590 estet
956 552 994 589 id
1016 552 1121 599 quod
1142 551 1332 597 tenueris,
1361 550 1592 588 habendum.

329 608 439 646 alteri
465 607 641 645 tradere:
672 606 780 654 quod
808 607 842 644 si
868 612 946 653 est,
980 605 1213 643 beneficium
1236 615 1349 643 nemo
1372 604 1446 642 sibi
1466 605 1584 651 dedit,

331 663 422 710 quia
449 671 564 699 nemo
586 661 652 698 dat
672 661 767 699 sibi:
797 661 943 708 alioqui
965 660 1043 698 duo
1063 660 1256 701 contraria
1275 661 1312 696 in
1332 669 1411 697 uno
1433 664 1586 703 coeunt,

292 731 313 762 2
332 723 371 755 ut
389 716 439 754 sit
458 716 561 753 idern
581 716 676 753 dare
696 721 734 753 et
754 715 946 762 accipere.
993 714 1222 752 Etiamnunc
1239 715 1406 751 multum
1426 714 1588 752 interest

330 773 429 809 inter
448 771 543 808 dare
562 775 600 808 et
614 770 814 817 accipere:
845 769 1005 817 quidni?
1035 779 1121 806 cum
1137 778 1186 805 ex
1203 769 1360 806 diverso
1377 769 1451 806 ista
1466 768 1587 805 verba

331 826 461 874 posita
482 825 570 863 sint.
607 825 714 871 atqui
735 824 767 861 si
790 823 877 871 quis
897 823 971 860 sibi
990 822 1224 860 beneficium
1245 823 1329 870 dat,
1358 822 1450 859 nihil
1470 823 1586 860 inter-

331 886 392 918 est
418 881 517 917 inter
537 879 631 916 dare
651 883 689 916 et
711 878 904 925 accipere.
946 877 1066 914 Paulo
1086 882 1176 915 ante
1196 877 1373 914 dicebam
1395 877 1588 925 quaedam

333 935 381 972 ad
404 933 502 972 alios
523 932 718 981 pertinere
739 937 777 970 et
795 931 852 970 sic
871 942 963 969 esse
982 932 1167 978 formata,
1192 936 1236 969 ut
1254 936 1335 969 tota
1355 931 1592 979 significatio

332 990 484 1026 illorum
506 988 684 1025 discedat
703 998 726 1025 a
743 986 879 1025 nobis:
908 987 1026 1023 frater
1046 996 1151 1030 sum,
1183 986 1255 1024 sed
1274 986 1452 1033 alterius,
1472 995 1586 1023 nemo

334 1048 394 1081 est
413 1043 515 1080 enim
537 1051 634 1080 suus
654 1042 783 1080 frater.
813 1051 885 1088 par
904 1050 1008 1086 sum,
1038 1040 1108 1078 sed
1129 1040 1255 1078 alicui.
1288 1041 1375 1088 quis
1396 1041 1498 1078 enim
1517 1050 1589 1087 par

334 1103 394 1136 est
420 1097 521 1136 sibi?
571 1096 685 1142 Quod
710 1100 964 1142 conparatur,
990 1095 1076 1132 sine
1102 1095 1223 1133 altero
1247 1106 1324 1133 non
1345 1095 1592 1142 intellegitur,

335 1151 442 1199 quod
461 1150 641 1198 iungitur,
662 1149 747 1188 sine
767 1151 887 1187 altero
904 1160 983 1187 non
999 1153 1075 1187 est:
1106 1149 1163 1186 sic
1179 1154 1217 1187 et
1232 1151 1336 1197 quod
1355 1150 1480 1197 datur,
1503 1149 1588 1186 sine

295 1213 316 1245 3
335 1208 455 1244 altero
482 1215 561 1242 non
589 1209 667 1251 est,
700 1209 738 1242 et
763 1203 998 1242 beneficium
1017 1204 1102 1241 sine
1121 1204 1242 1242 altero
1264 1215 1341 1242 non
1362 1208 1433 1242 est.
1481 1204 1590 1241 ldem

332 1261 422 1308 ipso
438 1259 632 1298 vocabulo
648 1259 831 1306 adparet,
853 1259 891 1296 in
908 1269 986 1304 quo
1002 1257 1078 1296 hoc
1095 1258 1313 1296 continetur
1327 1258 1588 1297 benefecisse.

334 1325 447 1352 nemo
475 1319 605 1351 autem
634 1312 710 1350 sibi
736 1313 951 1359 benefacit,
980 1323 1059 1350 non
1086 1311 1211 1359 magis
1240 1323 1356 1360 quam
1377 1313 1450 1350 sibi
1473 1313 1588 1358 favet,

335 1379 451 1416 quam
479 1378 638 1406 suarum
665 1367 832 1414 partium
861 1372 933 1405 est.
986 1366 1136 1404 Diutius
1161 1366 1236 1405 hoc
1264 1372 1302 1405 et
1327 1367 1502 1414 pluribus
1523 1377 1590 1403 ex-

335 1422 473 1471 emplis
493 1423 584 1460 licet
599 1422 808 1469 prosequi:
836 1421 997 1468 quidni?
1026 1431 1114 1459 cum
1129 1421 1227 1459 inter
1242 1431 1289 1459 ea
1303 1421 1353 1459 sit
1367 1420 1590 1459 habendum

298 1480 320 1512 4
335 1477 588 1523 beneficium,
610 1486 712 1523 quae
728 1476 941 1514 secundam
960 1486 1170 1522 personam
1186 1475 1424 1513 desiderant.
1467 1475 1590 1522 Quae-

336 1533 426 1570 dam
459 1541 548 1568 cum
580 1531 658 1568 sint
683 1530 867 1577 honesta,
907 1529 1189 1577 pulcherrima,
1222 1540 1397 1568 summae
1424 1530 1588 1574 virtutis,

336 1587 412 1624 nisi
431 1585 469 1623 in
490 1587 611 1623 altero
630 1595 709 1623 non
725 1585 870 1622 habent
883 1586 1032 1622 locum:
1061 1583 1241 1622 laudatur
1257 1590 1294 1622 et
1308 1584 1407 1623 inter
1421 1584 1591 1622 maxima

336 1640 495 1678 humani
520 1639 674 1686 generis
694 1639 799 1677 bona
817 1638 917 1676 fides
939 1639 1088 1677 colitur.
1121 1649 1213 1677 num
1233 1639 1319 1687 quis
1341 1649 1434 1687 ergo
1455 1638 1592 1676 dicitur

339 1695 413 1733 sibi
433 1695 552 1732 fidem
571 1693 846 1742 praestitisse?
880 1719 884 1723 -

414 1749 479 1786 XI.
524 1749 684 1786 Venio
726 1758 850 1786 nunc
892 1749 950 1786 ad
988 1748 1206 1785 ultimam
1248 1753 1445 1796 partem.
1505 1746 1592 1793 Qui

337 1803 543 1851 gratiam
578 1803 752 1850 refert,
791 1803 982 1850 aliquid
1015 1803 1162 1840 debet
1189 1803 1484 1850 inpendere,
1525 1800 1590 1838 si-

338 1864 418 1896 cut
446 1858 528 1905 qui
565 1858 721 1895 solvit
755 1857 1030 1905 pecuniam.
1073 1857 1196 1894 nihil
1224 1861 1382 1894 autem
1415 1856 1590 1902 inpen-

338 1914 426 1959 dit,
457 1912 538 1958 qui
565 1911 775 1959 gratiam
804 1912 901 1949 sibi
925 1912 1100 1958 refert,
1126 1921 1204 1949 non
1222 1911 1346 1957 magis
1364 1920 1479 1958 quam
1497 1920 1589 1946 con-

338 1967 531 2014 sequitur,
562 1965 629 2014 qui
648 1966 880 2004 beneficium
900 1977 923 2003 a
941 1976 986 2004 se
1004 1966 1167 2013 accepit.
1197 1965 1426 2002 beneficium
1448 1970 1484 2002 et
1503 1973 1590 2010 gra-

336 2022 413 2058 tiae
431 2021 567 2060 relatio
585 2022 685 2059 ultro
703 2021 878 2068 citroque
893 2021 949 2058 ire
965 2020 1119 2058 debent.
1147 2019 1246 2057 intra
1261 2030 1379 2056 unum
1394 2018 1589 2056 hominem

338 2086 417 2112 non
444 2081 503 2113 est
531 2075 783 2113 vicissitudo:
814 2076 880 2123 qui
900 2075 1060 2123 gratiam
1078 2075 1214 2120 refert,
1243 2073 1407 2110 invicem
1429 2073 1592 2120 prodest

340 2131 395 2175 ei,
428 2141 451 2167 a
478 2141 556 2177 quo
579 2135 816 2168 consecutus
837 2135 897 2168 est
916 2129 1082 2177 aliquid:
1114 2128 1180 2176 qui
1200 2127 1274 2165 sibi
1291 2127 1455 2175 gratiam
1473 2127 1592 2164 refert

340 2184 402 2220 cui
430 2185 618 2230 prodest?
653 2184 739 2222 sibi.
776 2189 814 2222 et
841 2184 928 2232 quis
959 2193 1037 2221 non
1058 2181 1132 2221 alio
1150 2176 1238 2220 ibeo
1259 2182 1486 2219 relationem
1503 2190 1590 2227 gra-

330 2238 436 2283 tiae,
477 2239 552 2276 alio
585 2238 817 2276 beneficium
850 2239 1022 2286 cogitat?
1067 2237 1131 2284 qui
1163 2235 1325 2283 gratiam
1355 2237 1474 2273 refert
1505 2234 1591 2281 sibi,

341 2291 438 2340 [sibe]
454 2293 633 2339 prodest:
665 2298 703 2332 et
720 2293 806 2341 quis
820 2303 1005 2341 umquam
1019 2292 1191 2339 ingratus
1207 2290 1283 2330 hoc
1298 2291 1421 2330 noluit
1435 2291 1590 2328 facere?
