1592 2580
276 162 354 204 152
646 164 689 201 L.
714 164 903 203 ANNAEI
929 163 1153 203 SENECAE

235 267 253 300 1
350 264 504 303 XXVII.
547 263 590 303 Si
614 264 684 303 tibi
709 265 815 303 vitae
842 269 1002 303 nostrae
1029 274 1124 302 vera
1150 265 1279 313 imago
1310 270 1523 311 succurret,

274 318 470 358 videberis
489 317 558 358 tibi
576 318 713 357 videre
732 323 871 367 captae
891 329 980 357 cum
1001 319 1168 357 maxime
1189 319 1352 358 civitatis
1372 319 1523 366 faciem,

270 373 310 411 in
330 383 409 422 qua
428 374 577 413 omisso
595 373 762 422 pudoris
781 373 958 421 rectique
975 378 1160 422 respectu
1174 372 1280 412 vires
1301 374 1339 411 in
1357 373 1520 413 concilio

270 433 362 467 sunt
386 429 494 467 velut
520 428 633 476 signo
660 428 712 467 ad
739 427 1016 477 permiscenda
1042 428 1171 466 omnia
1189 428 1293 467 dato.
1330 439 1407 467 non
1431 427 1520 476 igni,

270 493 351 521 non
370 482 474 522 ferro
493 483 728 521 abstinetur:
758 483 888 522 soluta
913 482 1065 530 legibus
1085 483 1237 521 scelera
1255 487 1358 522 sunt.
1395 493 1444 521 ne
1462 493 1521 521 re-

270 537 363 585 ligio
390 537 566 586 quidem,
606 548 709 586 quae
735 538 836 575 inter
861 547 969 575 arma
995 536 1153 576 hostilia
1183 538 1384 586 supplices
1414 536 1521 584 texit,

230 596 253 630 2
270 592 391 631 ullum
416 592 725 641 inpedimentum
752 597 814 632 est
838 591 1030 631 ruentium
1055 592 1094 630 in
1122 592 1321 640 praedam.
1373 591 1446 630 Hic
1473 602 1522 630 ex

267 647 442 695 privato,
478 647 540 685 hic
566 657 616 684 ex
645 646 823 694 publico,
849 646 912 685 hic
939 655 989 684 ex
1013 647 1202 695 profano,
1239 645 1302 684 hic
1331 656 1381 684 ex
1408 656 1522 685 sacro

267 701 383 749 rapit.
419 701 482 739 hic
504 701 692 749 effringit,
719 700 784 739 hic
811 701 1010 740 transsilit.
1043 701 1108 740 hic
1131 711 1209 740 non
1230 706 1435 740 contentus
1455 711 1520 738 an-

268 760 385 804 gusto
414 756 551 794 itinere
578 756 685 804 ipsa,
717 755 864 805 quibus
889 760 1061 804 arcetur,
1089 756 1227 794 evertit
1252 759 1290 794 et
1314 754 1354 794 in
1373 756 1523 794 lucrum

267 810 382 848 ruina
399 810 519 849 venit.
554 810 618 848 hic
637 811 723 849 sine
743 810 865 848 caede
882 811 1113 859 populatur,
1133 809 1197 848 hic
1218 810 1346 858 spolia
1365 815 1523 849 cruenta

267 875 388 903 manu
415 869 555 913 gestat.
596 875 712 904 nemo
741 874 820 903 non
846 865 920 904 fert
946 865 1095 913 aliquid
1121 874 1171 903 ex
1199 865 1333 903 altero.
1377 865 1424 906 In'
1447 863 1522 903 hac

269 919 454 958 aviditate
472 919 628 968 generis
647 919 804 958 humani
825 929 848 958 o
869 930 944 958 nae
961 923 1003 958 tu
1020 918 1137 958 nimis
1156 919 1335 958 fortunae
1351 911 1522 1015 σατυ-

267 974 329 1012 nis
358 974 501 1013 oblitus
529 985 592 1022 es,
631 975 697 1023 qui
725 974 882 1023 quaeris
910 974 1010 1012 inter
1040 973 1242 1022 rapientes
1270 974 1425 1025 referet}
1463 979 1520 1021 m'

231 1026 310 1066 3Si
346 1028 564 1078 indignaris
598 1029 772 1077 ingratos
808 1038 918 1076 esse,
951 1028 1157 1076 indignare
1183 1022 1433 1076 luxuriosos,
1464 1026 1521 1067 in—

269 1056 452 1131 dignam?
461 1093 625 1131 avaros,
660 1084 865 1131 indignare
889 1083 1119 1131 inpudicos,
1151 1083 1354 1131 indignare
1380 1093 1522 1131 aegros

269 1138 487 1184 deformes,
521 1148 639 1176 senes
669 1138 867 1186 panidos.-
904 1137 976 1175 Est
1004 1138 1105 1176 istuc
1133 1148 1254 1185 grave
1279 1134 1434 1183 vitium,
1463 1142 1524 1176 est

267 1192 513 1232 intolerabile
532 1197 570 1231 et
586 1193 690 1241 quod
709 1192 900 1231 dissociet
912 1191 1111 1238 homines,
1134 1192 1243 1240 quod
1258 1191 1521 1237 concordiam,

269 1257 348 1294 qua
374 1245 608 1285 inbecillitas
635 1251 771 1286 nostra
789 1247 962 1293 fulcitur,
993 1246 1148 1285 scindat
1169 1256 1216 1284 ac
1236 1246 1420 1294 dissipet,
1450 1247 1523 1284 sed

266 1311 399 1349 usque
424 1311 472 1340 eo
499 1302 662 1350 volgare
689 1306 769 1350 est,
797 1305 841 1340 ut
859 1301 956 1339 illud
982 1311 1056 1339 nec
1080 1301 1147 1350 qui
1170 1301 1344 1350 queritur
1363 1300 1522 1350 quidem

268 1355 460 1403 effugerit.

227 1409 247 1443 1
346 1410 518 1447 XXVIII.
562 1410 698 1458 Cogita
723 1414 877 1456 tecum,
917 1421 967 1448 an
1005 1408 1322 1459 quibuscumque
1353 1408 1522 1448 debuisti

268 1465 432 1512 gratiam
459 1464 665 1512 retuleris,
699 1475 749 1502 an
775 1464 923 1503 nullum
951 1475 1137 1513 umquam
1164 1465 1270 1513 apud
1300 1469 1338 1503 te
1365 1464 1523 1512 perierit

269 1519 459 1567 officium,
489 1530 537 1557 an
557 1519 727 1558 omniurn
749 1523 788 1557 te
805 1518 1087 1558 beneficiorum
1106 1520 1293 1558 memoria
1307 1519 1521 1558 comitetur.

266 1574 445 1621 Videbis,
463 1583 565 1622 quae
581 1583 704 1622 puero
721 1574 812 1612 data
827 1578 929 1622 sunt,
949 1579 1038 1613 ante
1054 1574 1359 1612 adulescentiam
1373 1574 1520 1622 elapsa,

269 1638 372 1676 quae
390 1627 427 1666 in
445 1629 627 1666 iuvenem
642 1629 795 1667 conlata
810 1633 919 1676 sunt,
939 1639 1018 1667 non
1034 1629 1272 1677 perdurasse
1286 1628 1325 1666 in
1341 1633 1519 1667 senectu-

266 1689 357 1721 tem.
405 1683 604 1731 Quaedam
622 1683 885 1731 perdidimus,
913 1683 1107 1731 quaedam
1126 1683 1380 1731 proiecimus,
1401 1692 1519 1731 quae-

269 1738 359 1775 dam
378 1747 401 1775 e
420 1742 639 1786 conspectu
657 1742 793 1776 nostro
815 1738 999 1786 paulatim
1019 1738 1214 1785 exierunt,
1243 1748 1267 1776 a
1287 1737 1520 1786 quibusdam

222 1796 248 1829 2
269 1793 406 1830 oculos
432 1792 654 1830 avertimus.
702 1793 753 1831 Ut
779 1802 966 1831 excusem
993 1791 1061 1831 tibi
1090 1791 1376 1832 inbecillitatem
1401 1796 1519 1838 tuam,

266 1846 443 1895 inprimis
467 1846 603 1894 fragile
622 1850 683 1884 est
702 1848 891 1885 memoria
903 1852 949 1886 ‘et
965 1857 1095 1885 rerum
1112 1846 1249 1885 turbae
1268 1857 1347 1885 non
1363 1845 1518 1885 sufficit.

266 1911 435 1939 necesse
461 1905 522 1939 est
549 1905 736 1949 quantum
762 1901 900 1949 recipit
928 1902 1072 1940 emittat
1099 1907 1136 1940 et
1158 1900 1428 1949 antiquissima
1457 1910 1517 1938 re-

267 1956 503 1994 centissimis
534 1955 685 1994 obruat.
737 1954 802 1993 Sic
827 1957 972 1994 factum
998 1960 1075 2003 est,
1105 1960 1149 1994 ut
1174 1954 1331 1993 minima
1350 1954 1456 2002 apud
1480 1959 1518 1992 te

267 2011 430 2049 nutricis
457 2014 565 2049 esset
591 2009 820 2057 auctoritas,
858 2009 952 2058 quia
981 2010 1216 2048 beneficium
1250 2010 1334 2047 eius
1362 2009 1517 2056 longius

267 2071 378 2104 aetas
398 2075 571 2113 sequens
591 2065 735 2113 posuit.
764 2065 822 2103 sic
842 2064 986 2103 factum
1007 2070 1087 2112 est,
1111 2069 1153 2103 ut
1168 2065 1435 2112 praeceptoris
1449 2063 1518 2101 tibi

268 2130 346 2158 non
374 2124 483 2158 esset
507 2120 588 2158 ulla
613 2117 826 2158 veneratio.
856 2119 914 2157 sic
936 2118 1083 2165 evenit,
1112 2124 1154 2157 ut
1173 2118 1275 2170 circa
1297 2118 1518 2171 consularia

269 2179 462 2222 occupato
484 2175 640 2212 comitia
654 2178 720 2213 aut
734 2172 1041 2212 sacerdotiorum
1059 2172 1266 2212 candidato
1283 2178 1518 2221 quaesturae

225 2234 247 2267 3
267 2228 505 2276 suffragator
524 2228 735 2268 excideret.
780 2228 967 2267 Fortasse
986 2227 1138 2273 vitium,
1163 2227 1213 2265 de
1232 2239 1308 2274 quo
1326 2226 1516 2277 quereris,

267 2283 301 2320 si
334 2288 372 2320 te
404 2283 608 2330 diligenter
640 2283 892 2330 excusseris,
927 2283 965 2320 in
1002 2283 1091 2320 sinu
1126 2282 1316 2320 invenies.
1378 2281 1516 2329 Inique

266 2337 424 2386 publico
448 2338 597 2376 crimini
618 2337 820 2386 irasceris,
847 2338 962 2377 stulte
975 2342 1060 2377 tuo:
1090 2342 1131 2376 ut
1146 2336 1384 2384 absolvaris,
1407 2336 1516 2384 igno-
