1592 2580
286 161 367 203 234
653 163 696 201 L.
725 162 914 202 ANNAEI
943 163 1168 203 SENECAE

285 259 391 298 Dixit
410 259 583 308 ingentia
602 263 641 299 et
661 264 791 299 tantae
810 259 1053 300 confusionis
1073 258 1279 309 imaginem
1299 260 1420 310 cepit,
1451 271 1536 300 cum

285 314 400 353 dixit:

432 369 649 418 exspatiata
667 372 786 407 ruunt
799 379 873 417 per
891 372 1042 417 apertos
1054 370 1217 417 flumina
1233 380 1388 419 campos

645 433 876 471 pressaeque
893 424 1026 462 labant
1042 423 1111 462 sub
1125 425 1276 471 yurqite
1293 430 1429 464 turres.

282 476 493 525 Magnifice
518 475 636 523 haec,
667 477 700 515 si
727 487 805 516 non
834 477 1046 525 curaverit,
1077 477 1172 525 quid
1198 488 1295 517 oves
1315 484 1353 518 et
1377 478 1460 527 lupi
1479 478 1535 516 sa-

284 532 400 573 ciant.
443 532 566 570 natari
594 535 723 569 autem
750 531 789 570 in
816 531 972 570 deluvio
1002 536 1039 570 et
1065 531 1103 569 in
1131 530 1198 570 illa
1223 534 1361 580 rapina
1380 537 1537 581 potest?

283 591 351 625 aut
377 597 454 625 non
475 586 615 624 eodem
636 586 770 633 inpetu
789 596 933 634 pecus,
963 596 1041 634 quo
1059 590 1214 634 raptum
1232 592 1336 634 erat,
1364 597 1534 625 mersum

229 647 271 680 15
281 645 391 680 erat?
436 640 660 688 Concepisti
679 640 886 688 imaginem
905 645 1089 688 quantam
1105 640 1278 679 debebas
1295 641 1443 680 obrutis
1458 646 1532 680 ter-

284 694 339 733 ris
368 694 547 733 omnibus
575 696 685 733 coelo
713 695 802 743 ipso
830 694 869 732 in
895 700 1037 733 terram
1062 699 1218 733 ruente=
1246 697 1388 743 perfer.
1430 694 1534 734 scies

286 749 381 797 quid
401 749 556 796 deceat,
585 749 620 787 si
641 749 873 797 cogitaveris
894 749 1027 787 orbem
1046 754 1237 788 terrarum
1255 755 1401 789 natare.

247 812 261 843 1
360 803 533 843 XXVIII.
568 803 679 842 Nunc
705 804 755 842 ad
782 803 1028 851 propositum
1055 807 1306 842 revertamur.
1352 803 1449 842 Sunt
1468 804 1533 852 qui

283 858 505 896 existimant
529 858 733 896 inmodicis
759 856 949 896 imbribus
973 857 1109 896 vexari
1137 862 1262 896 terras
1287 868 1427 907 posse,
1454 869 1532 897 non

283 912 415 951 obruiz
450 922 592 960 magno
619 912 754 960 inpetu
775 922 916 960 magna
936 912 1110 950 ferienda
1129 916 1231 950 sunt.
1267 912 1382 951 faciet
1400 913 1533 960 pluvia

283 972 440 1015 segetes
466 968 608 1014 malas,
637 967 803 1006 fructum
823 967 973 1015 grando
995 966 1183 1014 decutiet,
1208 967 1466 1005 intumescent
1482 967 1532 1005 ri-

245 1029 267 1061 2
283 1020 342 1060 vis
358 1020 536 1060 flumina:
553 1021 626 1060 sed
641 1022 826 1060 resident.
857 1020 1096 1068 Quibusdam
1116 1022 1243 1068 placet
1256 1032 1412 1060 movere
1425 1031 1532 1059 mare

279 1081 318 1114 et
342 1075 448 1114 illinc
475 1086 634 1114 causam
659 1081 787 1114 tantae
807 1075 930 1114 cladis
950 1085 1174 1114 accersere:
1206 1086 1284 1114 non
1305 1080 1436 1123 potest
1453 1079 1534 1113 tor-

277 1129 443 1168 rentium
466 1134 531 1168 aut
545 1130 723 1168 imbrium
740 1135 804 1168 aut
819 1129 1021 1168 fluminum
1036 1129 1176 1167 iniuria
1191 1129 1275 1168 fieri
1291 1135 1368 1168 tam
1383 1130 1531 1177 grande

278 1184 535 1231 naufragium.
565 1185 631 1222 ubi
651 1185 767 1223 instat
785 1184 851 1221 illa
870 1183 1063 1232 pernicies
1083 1184 1301 1231 mutarique
1320 1184 1530 1222 humanum

277 1248 402 1286 genus
423 1238 584 1286 placuit,
606 1237 729 1276 fluere
749 1238 938 1277 adsiduos
956 1238 1098 1276 imbres
1115 1242 1153 1275 et
1170 1248 1248 1276 non
1265 1248 1356 1275 esse
1370 1237 1530 1275 modum

278 1292 421 1340 pluviis
448 1293 731 1331 concesserim:
761 1291 992 1340 suppressis
1016 1291 1264 1339 aquilonibus
1284 1296 1322 1330 et
1340 1290 1435 1330 ssatu
1454 1291 1532 1330 sic-

279 1348 384 1385 ciore
403 1346 547 1386 austris
568 1346 694 1385 nubes
715 1351 752 1385 et
771 1347 916 1385 imbres
937 1350 976 1384 et
994 1356 1130 1384 amnes
1151 1345 1364 1384 abundare.

384 1401 464 1439 Sed
480 1402 609 1440 adhuc
630 1402 670 1439 in
690 1402 832 1439 damna
846 1401 1063 1449 profectum
1080 1404 1155 1439 est:
1188 1438 1190 1441 ,

384 1459 605 1495 sternuntur
620 1459 761 1503 seqetes
778 1460 815 1494 et
832 1456 1029 1503 deplorata
1049 1456 1191 1493 colonis

383 1514 467 1548 vota
485 1511 612 1548 iacent
627 1511 803 1558 lonyique
814 1511 922 1558 perit
936 1510 1046 1548 labor
1062 1511 1199 1547 inritus
1217 1510 1322 1548 anni.
1383 1544 1386 1548 .

241 1565 361 1607 3Non
387 1564 491 1602 laedi
516 1568 644 1602 terrae
674 1564 836 1610 debent,
874 1564 946 1602 sed
973 1563 1176 1602 abscondi.
1234 1562 1412 1610 Denique
1440 1572 1526 1601 cum

276 1630 348 1667 per
365 1619 441 1657 ista
460 1619 664 1666 prolusum
681 1623 759 1666 est,
780 1622 963 1656 crescunt
977 1617 1116 1664 maria,
1136 1617 1208 1656 sed
1224 1628 1345 1665 super
1360 1617 1527 1663 solitum,

276 1678 315 1712 et
333 1673 493 1711 fluctum
513 1674 614 1711 ultra
632 1678 846 1712 extremum
862 1673 1103 1720 tempestatis
1118 1672 1310 1710 maximae
1323 1671 1527 1719 vestigium

274 1727 437 1766 mittunt.
468 1727 611 1765 deinde
634 1738 658 1765 a
676 1731 786 1775 tergo
806 1726 931 1764 ventis
951 1725 1201 1773 surgentibus
1221 1726 1358 1773 ingens
1378 1735 1528 1774 aequor

275 1783 477 1826 evolvunt,
509 1781 619 1829 quod
644 1783 761 1829 longe
787 1791 811 1819 a
830 1785 1047 1828 conspectu
1065 1779 1260 1819 interioris
1280 1780 1403 1819 litoris
1424 1781 1525 1819 sran-

275 1837 388 1885 gitur.
419 1836 560 1874 deinde
580 1835 647 1873 ubi
664 1836 752 1873 litus
773 1834 834 1873 bis
855 1836 918 1874 vel
936 1839 995 1872 ter
1013 1835 1207 1882 prolatum
1228 1839 1288 1874 est
1307 1838 1344 1873 et
1362 1834 1525 1882 pelagus

275 1891 312 1928 in
335 1891 462 1928 alieno
484 1890 674 1936 constitit,
702 1891 809 1928 velut
829 1890 986 1928 admoto
1008 1890 1110 1926 malo
1131 1888 1307 1927 cominus
1334 1889 1527 1936 procurrit

237 1950 260 1983 4
274 1950 407 1983 aestus
423 1955 474 1983 ex
489 1944 565 1982 imo
579 1954 744 1981 recessu
758 1944 890 1981 maris.
916 1952 1005 1981 nam
1020 1947 1062 1980 ut
1077 1943 1192 1991 aeris,
1211 1948 1253 1982 ut
1267 1942 1446 1989 aetheris,
1468 1943 1526 1980 sic

274 1999 389 2037 huius
400 1998 578 2036 elementi
592 1999 699 2045 larga
712 1998 872 2035 materia
882 2003 943 2038 est
955 1997 1155 2045 multoque
1166 1998 1205 2035 in
1216 1997 1346 2035 abdito
1359 1996 1524 2043 plenior.

272 2053 372 2092 haec
398 2053 487 2091 ratis
513 2057 637 2100 mota,
671 2062 749 2090 non
777 2057 890 2090 aestu
909 2057 1015 2099 (nam
1036 2057 1167 2090 aestus
1188 2051 1254 2089 fati
1272 2050 1525 2088 ministerium

273 2110 350 2153 est)
376 2107 526 2146 adtollit
547 2112 660 2145 vasto
681 2105 769 2145 sinu
789 2106 928 2145 fretum
949 2107 1107 2154 agitque
1126 2110 1214 2144 ante
1233 2114 1289 2142 se.
1326 2105 1468 2143 deinde
1486 2105 1524 2142 in

272 2162 406 2199 miram
427 2161 668 2200 altitudinem
687 2159 847 2208 erigitur
866 2165 903 2198 et
922 2161 997 2199 illis
1018 2156 1111 2199 tutis
1130 2157 1329 2197 hominum
1348 2162 1523 2206 recepta—

273 2216 372 2254 culis
392 2220 587 2263 superest.
616 2225 690 2254 nec
709 2215 748 2252 id
768 2213 884 2262 aquis
905 2215 1069 2253 arduum
1089 2218 1167 2260 est,
1195 2213 1378 2261 quoniam
1395 2222 1523 2261 aequo

235 2275 256 2307 5
272 2269 385 2308 terris
406 2270 561 2318 fastigio
578 2268 804 2308 adscendet.
826 2271 831 2276 ’
851 2268 892 2307 Si
910 2269 996 2318 quis
1013 2268 1171 2307 excelsa
1189 2267 1383 2316 perlibret,
1404 2268 1525 2305 maria
