1592 2580
445 317 489 370 L.
522 315 705 371 ΑΝΝᾹΕΙ
739 314 962 370 SENECAE

524 418 589 450 AD
627 417 879 452 LUCILIUM

59 496 647 562 NATURALIUM
709 495 1347 566 QUAESTIONUM

568 605 743 647 LIBER
779 606 828 646 ΙΙ.
886 664 893 675 Δ

138 795 167 832 l.
198 791 334 833 Omnis
363 793 414 832 de
437 793 630 833 universo
653 794 836 842 quaestio
857 794 895 832 in
917 793 1128 841 coelestia,
1148 792 1344 840 sublimia,
1372 797 1386 830 ι

58 855 216 889 terrena
233 847 433 888 dividitur.
470 849 602 888 Prima
630 859 726 898 pars
745 854 926 888 naturam
950 849 1127 888 siderum
1147 853 1347 888 scrutatur

57 911 97 944 et
111 905 421 954 magnitudinem
442 910 481 944 et
499 906 665 943 sormam
680 905 842 954 ignium,
863 904 1009 954 quibus
1029 905 1202 944 mundus
1221 904 1344 942 inclu-

58 960 182 1009 ditur,
218 959 445 1000 solidumne
471 961 524 999 sit
550 961 706 999 coelum
725 970 773 999 ac
792 961 931 1000 firmae
952 966 1245 1009 concretaeque
1264 970 1345 998 ma-

58 1016 182 1055 teriae
210 1026 259 1055 au
287 1026 340 1054 cx
371 1016 504 1055 subtili
532 1015 724 1065 tenuique
742 1026 910 1064 nexum,
932 1022 1074 1065 agatur
1093 1027 1143 1054 an
1163 1020 1274 1064 agat,
1308 1020 1347 1053 et

58 1072 158 1111 infra
179 1082 272 1111 sese
291 1072 426 1111 sidera
450 1071 598 1111 habeat
615 1082 664 1110 an
685 1074 723 1109 in
745 1076 935 1111 contextu
955 1072 1019 1110 sui
1038 1071 1132 1118 fixa,
1155 1071 1345 1119 quemad-

57 1128 219 1167 modum
240 1127 332 1166 anni
352 1127 462 1166 vices
481 1132 627 1175 servet,
647 1128 774 1166 solem
794 1133 902 1167 retro
921 1126 1067 1175 flectat,
1087 1131 1221 1165 cetera
1237 1126 1346 1164 dein-

55 1193 154 1232 ceps
175 1183 328 1222 similia.
367 1182 555 1222 Secunda
582 1193 676 1232 pars
702 1187 846 1222 tractat
870 1183 973 1222 inter
999 1183 1156 1222 eoelum
1184 1187 1342 1221 terram-
1367 1195 1388 1227 2

56 1250 135 1287 que
152 1239 368 1278 versantia.
402 1238 466 1276 hic
485 1243 578 1277 sunt
596 1238 750 1286 nubila,
772 1238 941 1287 imbres,
970 1238 1085 1277 nives
1106 1242 1250 1286 [terrae
1266 1248 1342 1276 mo-

54 1300 133 1343 tus,
149 1294 343 1345 fulqores]

301 1355 339 1389 et
355 1351 549 1389 humanas
566 1355 719 1389 motura
737 1352 908 1390 tonitrua
922 1354 1076 1395 mentes,

56 1415 336 1455 quaecumque
361 1415 431 1444 aer
460 1406 555 1444 facit
582 1406 792 1455 patiturve.
827 1406 929 1444 haec
958 1405 1143 1444 sublimia
1161 1404 1344 1451 dicimus,

57 1462 152 1510 quia
170 1461 337 1500 editiora
356 1461 445 1500 imis
465 1466 570 1500 sunt.
613 1462 744 1500 Tertia
773 1461 838 1500 illa
866 1472 959 1510 pars
980 1461 1032 1499 de
1051 1460 1188 1508 aquis,
1216 1459 1344 1508 terris,

56 1516 252 1563 arbustis,
271 1517 370 1555 satis
391 1517 546 1565 quaerit
565 1522 621 1563 et,
642 1522 685 1556 ut
706 1518 1081 1556 iurisconsultorum
1102 1516 1225 1556 verbo
1245 1520 1344 1562 utar,

61 1572 113 1610 de
133 1571 331 1617 omnibus,
356 1580 486 1621 quae
507 1573 618 1611 solo
641 1573 978 1612 continentur.
1015 1572 1268 1620 ,‚Qu0m0do,
1287 1572 1344 1609 in·
1365 1578 1388 1611 3

58 1628 170 1677 quis,
205 1628 256 1666 de
289 1633 480 1667 terrarum
508 1632 618 1666 motu
647 1628 925 1676 quaestionem
960 1637 1009 1666 eo
1037 1627 1210 1676 posuisti
1242 1628 1345 1674 loco,

56 1693 139 1732 quo
167 1682 218 1722 de
245 1683 456 1722 tonitribus
475 1683 779 1732 fulgoribusque
799 1684 977 1722 dicturus
1005 1687 1112 1721 es2“
1144 1682 1238 1732 quia
1256 1692 1345 1721 cum

58 1744 188 1778 motus
209 1743 340 1777 terrae
361 1739 500 1787 spiritu
523 1739 638 1786 fiant,
667 1738 832 1788 spiritus
851 1743 981 1777 autem
1003 1749 1072 1777 aer
1091 1739 1142 1778 sit
1161 1738 1343 1787 agitatus,

56 1795 211 1834 etiamsi
230 1793 338 1833 subit
355 1799 503 1842 terras,
532 1805 611 1832 non
634 1793 687 1833 ibi
708 1795 955 1842 spectandus
977 1800 1058 1833 est:
1091 1795 1286 1843 cogitetur
1307 1793 1344 1831 in

57 1862 106 1889 ea
125 1851 236 1896 sede,
259 1850 297 1888 in
321 1860 400 1899 qua
419 1849 527 1888 ilium
548 1854 690 1889 natura
709 1849 924 1899 diSposuit.
961 1849 1112 1896 Dicam,
1135 1849 1245 1898 quod
1264 1859 1343 1887 ma·
1363 1861 1386 1894 4

55 1907 117 1955 gis
137 1906 279 1944 mirum
300 1905 517 1944 videbitur:
546 1904 648 1944 inter
667 1905 859 1944 coelestia
877 1910 916 1944 et
935 1905 987 1944 de
1004 1911 1110 1944 terra
1129 1904 1342 1945 dicendum

56 1962 142 2001 erit.
191 1961 418 2010 „Quarev‘
445 1960 591 2009 inquis.
631 1961 725 2010 quia
751 1972 840 2000 cum
869 1961 1032 2009 propria
1057 1965 1187 1999 terrae
1213 1961 1342 2009 ipsius

57 2016 280 2056 excutimus
302 2027 377 2056 suo
398 2017 510 2062 loco,
539 2021 669 2055 utrum
699 2017 780 2055 lata
799 2017 849 2055 sit
868 2022 908 2055 et
927 2016 1150 2064 inaequalis
1170 2020 1209 2055 et
1227 2026 1342 2055 enor-

57 2071 170 2112 miter
199 2072 380 2122 proiecta
406 2083 457 2111 an
483 2076 568 2110 tota
592 2072 631 2110 in
659 2072 827 2111 formam
857 2072 960 2120 pilae
989 2076 1145 2120 spectet
1164 2072 1260 2110 etin
1279 2082 1342 2111 or·

56 2128 147 2167 bem
177 2133 311 2178 partes
333 2139 430 2167 suas
450 2132 586 2175 cogat,
614 2127 762 2176 adliget
780 2138 909 2176 aquas
929 2127 1117 2175 anaquis
1137 2127 1342 2176 adligetur,

57 2183 146 2232 ipsa
164 2185 311 2223 animai
330 2184 382 2223 sit
400 2194 448 2222 an
473 2193 620 2231 corpus
640 2183 749 2222 iners
768 2187 808 2222 et
823 2183 910 2221 sine
924 2193 1060 2231 sensu,
1081 2184 1243 2232 plenum
1258 2183 1343 2232 qui-

58 2239 148 2278 dem
167 2240 350 2290 spiritus,
372 2238 446 2278 sed
466 2238 605 2286 alieni,
626 2243 665 2276 et
680 2243 813 2276 cetera
830 2238 1080 2287 huiusmodi,
1102 2239 1285 2288 quotiens
1306 2238 1343 2276 in

58 2304 200 2334 manus
221 2295 420 2342 venerint,
448 2299 591 2333 terram
614 2298 836 2343 sequuntur
855 2298 893 2335 et
912 2294 950 2332 in
968 2294 1056 2333 imis
1076 2294 1342 2334 conlocabun-
