1598 2606
298 195 353 237 42
664 195 707 234 L.
736 195 924 233 ANNAEI
954 194 1178 234 SENECAE

257 299 280 334 3
299 294 429 333 dicum
455 292 670 331 adduxisse
697 291 905 331 morienti?
939 292 1045 330 Haec
1072 293 1160 341 quis
1181 290 1428 332 aestimabit?
1455 294 1545 343 quis

300 347 555 387 dissimilibus
574 347 777 386 beneficiis
796 347 943 385 iubebit
962 347 1152 385 beneficia
1166 348 1352 395 pensari?
1382 349 1547 394 ‚Donavi

297 403 367 442 tibi
394 403 552 441 domum
565 404 588 437 :⁴
623 401 723 449 „sed
751 411 825 449 ego
850 406 954 439 tuam
985 412 1106 449 supra
1131 406 1170 440 te
1195 412 1312 440 ruere
1332 403 1547 450 praedixi.“

299 456 413 506 ‚Dedi
436 456 505 494 tibi
538 456 842 504 patrimoniumz‘
879 456 979 502 „sed
1010 466 1083 504 ego
1116 457 1306 503 naufrago
1338 457 1548 495 tabulam.“

299 511 488 558 ,Pugnavi
523 521 593 559 pro
625 516 663 548 te
690 515 728 548 et
747 510 910 548 volnera
928 511 1109 558 excepi:‘
1140 515 1212 557 „at
1239 521 1314 558 ego
1342 511 1459 549 vitam
1478 511 1546 550 tibi

300 565 455 604 silentio
484 565 616 603 dedi.“
655 564 750 602 Cum
777 565 887 602 aliter
905 564 1140 603 beneficium
1167 565 1299 613 detur,
1328 565 1438 603 aliter
1457 566 1547 604 red·

299 620 431 667 datur,
461 620 572 667 paria
590 619 720 657 facere
740 618 900 657 difficile
922 624 994 657 est.

260 681 279 714 1
377 675 424 712 X.
452 673 569 712 Dies
600 678 869 722 praeterea
895 672 1147 712 beneficio
1171 673 1428 712 reddendo
1451 684 1545 712 non

300 727 503 775 dicitur,
525 728 627 766 sicut
645 727 837 775 pecuniae
853 728 1036 766 creditae.
1066 727 1198 776 itaque
1219 732 1347 775 potest
1369 728 1435 776 qui
1451 738 1547 766 non-

299 783 392 821 dum
411 781 583 821 reddidit
598 782 778 820 reddere.
801 781 864 819 dic
880 782 981 820 enim
997 783 1097 820 intra
1114 782 1222 830 quod
1236 787 1391 830 tempus
1408 782 1548 830 depre-

297 837 689 884 hendaturingratus.
709 837 920 874 Maxima
939 837 1188 875 beneficia
1202 837 1550 884 probationem

299 903 393 930 non
421 891 623 937 habent,
653 901 775 939 saepe
794 890 894 929 intra
913 891 1066 929 tacitam
1090 891 1256 929 duorum
1272 892 1550 930 conscientiam

299 947 431 985 latent.
478 957 527 984 an
548 946 623 983 hoc
642 946 883 993 inducimus,
911 950 954 983 ut
977 956 1057 984 non
1086 946 1224 984 demus
1253 946 1445 984 beneficia
1465 946 1551 984 sine

262 1005 424 1040 2teste?
474 1000 619 1047 Quam
659 1000 843 1038 deinde
872 1010 1083 1048 poenam
1115 1000 1330 1048 ingratis
1364 1000 1548 1038 consti-

299 1056 513 1095 tuimus?
538 1065 657 1092 unam
680 1054 880 1101 omnibus,
912 1065 999 1092 cum
1027 1055 1202 1102 disparia
1229 1055 1420 1093 beneficia
1447 1054 1552 1092 sint?

300 1120 350 1148 an
377 1108 625 1157 inaequalem
657 1113 696 1146 et
722 1119 794 1157 pro
828 1108 1021 1156 cuiusque
1049 1108 1243 1147 beneficio
1270 1108 1457 1147 maiorem
1485 1113 1552 1146 aut
1586 1156 1592 1160 ‘

299 1164 519 1213 minorem?
547 1164 652 1210 Age,
677 1162 777 1201 intra
799 1163 1004 1210 pecuniam
1024 1163 1243 1201 versabitur
1260 1163 1426 1202 taxatio:
1457 1162 1552 1211 quid

301 1219 409 1267 quod
436 1217 631 1266 quaedam
658 1217 760 1254 vitae
786 1216 978 1254 beneficia
1002 1221 1094 1255 sunt
1119 1222 1158 1255 et
1184 1218 1332 1256 maiora
1349 1217 1454 1255 vita?
1489 1216 1551 1254 his

301 1283 404 1322 quae
424 1271 736 1320 pronuntiabitur
757 1275 913 1318 poena?
939 1271 1066 1309 minor
1079 1270 1300 1310 beneficio?
1322 1271 1456 1319 iniqua
1478 1275 1549 1309 est.

299 1338 375 1376 par
393 1331 431 1365 et
450 1325 656 1373 capitalis?
693 1325 788 1373 quid
819 1325 1067 1364 inhumanius
1096 1336 1215 1374 quam
1247 1330 1431 1364 cruentos
1459 1334 1551 1364 esse

299 1381 581 1420 beneficiorum
599 1380 755 1419 exitus?

262 1444 281 1477 ι
379 1436 445 1474 XI.
474 1434 765 1482 ‚,Quaedarn‚
794 1434 939 1482 inquit,
962 1433 1234 1482 privilegia
1255 1433 1551 1482 parentibus

302 1491 416 1529 data
444 1493 568 1528 sunt.
600 1489 800 1536 quomodo
820 1488 958 1526 horum
979 1494 1090 1527 extra
1111 1489 1286 1527 ordinem
1306 1488 1437 1526 habita
1450 1487 1550 1526 ratio

302 1550 380 1592 est,
401 1545 461 1582 sic
479 1543 643 1582 aliorum
664 1553 822 1591 quoque
842 1543 1119 1581 beneficiorum
1139 1543 1274 1581 haberi
1294 1542 1449 1581 debet.“
1480 1542 1550 1580 Pa—

300 1604 452 1637 rentum
481 1597 751 1636 condicionem
780 1598 1040 1643 sacravimus,
1073 1598 1164 1646 quia
1191 1596 1426 1646 expediebat
1456 1596 1552 1634 libe-

300 1665 370 1693 ros
402 1653 507 1692 tolli:
535 1651 769 1690 sollicitandi
802 1652 853 1690 ad
884 1652 987 1690 hunc
1017 1652 1192 1690 laborem
1225 1656 1335 1690 erant
1365 1651 1551 1689 incertam

302 1708 445 1747 adituri
465 1708 672 1746 fortunam.
718 1717 797 1744 non
818 1711 972 1754 poterat
995 1707 1071 1744 illis
1098 1706 1195 1753 dici,
1226 1706 1332 1754 quod
1358 1704 1551 1743 beneficia

301 1762 487 1801 dantibus
507 1760 666 1799 dicitur:
697 1761 786 1808 „cui
805 1761 876 1799 des
897 1761 1008 1809 elige.
1032 1761 1119 1809 ipse
1138 1765 1284 1807 tecum,
1306 1761 1340 1798 si
1359 1760 1550 1807 deceptus

301 1828 358 1864 es,
381 1826 559 1865 querere.
581 1815 741 1863 dignum
761 1815 942 1853 adiuva.“
968 1816 1006 1853 in
1026 1815 1160 1853 liberis
1179 1815 1359 1853 tollendis
1380 1813 1474 1851 nihil
1493 1815 1549 1852 iu-

303 1872 406 1910 dicio
426 1870 642 1909 tollentium
661 1870 771 1908 licet:
791 1874 872 1908 tota
887 1880 950 1907 res
964 1869 1046 1908 voti
1062 1874 1140 1908 est:
1161 1870 1292 1917 itaque
1308 1874 1348 1906 ut
1362 1868 1551 1916 aequiore

302 1926 432 1964 animo
467 1925 620 1969 adirent
652 1925 797 1972 aleam,
833 1925 962 1962 danda
995 1924 1071 1961 illis
1101 1924 1230 1971 aliqua
1261 1927 1437 1970 potestas
1467 1922 1549 1959 fuit.

262 1984 284 2017 2
301 1980 452 2018 Deinde
479 1978 555 2017 alia
578 1978 759 2017 condicio
779 1982 841 2017 est
859 1983 1062 2027 parentum
1075 2007 1084 2025 ‚
1111 1978 1177 2026 qui
1194 1977 1386 2015 beneficia
1406 1976 1549 2023 quibus

303 2035 514 2081 dederunt,
534 2033 627 2072 dant
647 2032 897 2071 nihilominus
918 2033 1124 2080 daturique
1140 2036 1247 2077 sunt,
1277 2041 1349 2069 nec
1369 2035 1430 2068 est
1447 2030 1549 2077 peri-

303 2090 455 2134 culum,
485 2098 534 2126 ne
567 2088 728 2126 dedisse
754 2088 865 2136 ipsos
894 2088 1139 2125 mentiantur.
1189 2086 1228 2124 in
1250 2084 1391 2123 ceteris
1414 2084 1549 2132 quaeri

303 2143 421 2181 debet
439 2153 518 2180 non
538 2147 688 2181 tantum
705 2153 754 2180 an
775 2142 1015 2190 receperint,
1035 2140 1107 2179 sed
1125 2150 1174 2178 an
1194 2139 1390 2178 dederint:
1410 2138 1549 2177 horum

303 2197 343 2235 in
364 2197 548 2235 confesso
569 2196 706 2235 merita
723 2201 826 2235 sunt.
864 2201 903 2235 et
921 2197 1013 2244 quia
1029 2195 1122 2233 utiie
1148 2198 1209 2232 est
1233 2193 1423 2232 iuventuti
1452 2193 1548 2240 regi,

303 2251 551 2299 inposuimus
578 2250 632 2289 illi
659 2251 774 2299 quasi
800 2251 1039 2289 domesticos
1065 2249 1333 2297 magistratus,
1361 2247 1434 2286 sub
1451 2257 1547 2294 quo-

263 2311 286 2347 3
303 2316 389 2347 rum
421 2305 601 2344 custodia
634 2305 910 2345 contineretur.
964 2303 1114 2343 Deinde
1147 2303 1318 2342 omnium
1345 2306 1548 2351 parentum
