1598 2606
653 87 662 110 Ι

285 174 335 214 10
651 175 695 214 L.
722 175 911 214 ANNAEI
938 175 1162 216 SENECAE

247 277 270 311 3
285 275 460 314 ebrietati
478 274 606 314 honor
625 279 664 314 et
683 275 890 324 plurimum
909 275 1004 314 meri
1024 275 1182 324 cepisse
1199 268 1321 316 virtus
1338 278 1418 316 erit.
1446 277 1529 317 Non

284 334 518 378 exspectant
544 339 622 368 uno
650 330 740 369 loco
767 329 878 375 vitia,
917 329 991 368 sed
1014 331 1173 371 mobilia
1199 336 1237 370 et
1263 331 1363 370 inter
1390 342 1435 370 se
1453 333 1530 371 dis-

284 384 452 423 sidentia
477 386 774 432 tumultuantur,
803 385 952 432 pellunt
967 384 1140 424 invicem
1159 386 1439 435 fuganturque:
1469 397 1530 425 ce-

282 443 408 478 terum
426 439 530 478 idem
550 449 708 487 semper
722 439 772 476 de
791 439 906 477 nobis
921 440 1174 487 pronuntiare
1191 440 1432 487 debebimus,
1452 452 1531 479 ma-

283 494 344 532 los
372 503 464 532 esse
491 505 566 533 nos
578 524 588 541 ,
622 494 748 532 malos
775 493 919 541 fuisse,
953 493 1097 533 invitus
1125 494 1290 532 adiciam
1316 499 1355 533 et
1380 496 1531 534 futuros

247 556 389 588 4esse.
434 548 558 586 Erunt
575 547 814 594 homicidae,
844 548 1018 597 tyranni,
1048 549 1174 595 fures,
1198 549 1382 597 adulteri,
1401 555 1532 598 rapto-

283 613 368 650 res,
397 603 599 650 sacrilegi,
629 601 872 652 proditores:
900 602 1000 641 insra
1019 601 1150 641 omnia
1171 603 1246 642 ista
1266 604 1440 651 ingratus
1460 610 1533 651 est,

283 657 360 695 nisi
380 658 488 705 quod
509 658 639 696 omnia
656 657 732 695 ista
749 656 798 694 ab
818 657 969 704 ingrato
991 657 1119 696 animo
1139 661 1247 704 sunt,
1269 658 1354 696 sine
1371 670 1449 706 quo
1465 659 1534 696 vix

283 713 405 750 ullum
430 722 614 759 magnum
640 711 793 750 facinus
819 712 1004 750 adcrevit.
1049 712 1134 750 Hoc
1160 717 1203 751 tu
1221 722 1318 750 cave
1335 717 1531 760 tamquam

284 765 495 804 maximum
523 765 689 813 crimen,
714 775 764 804 ne
789 765 989 804 admittas:
1018 767 1180 814 ignosce
1201 771 1398 814 tamquam
1417 767 1535 806 levis-

284 821 406 866 simo,
440 821 475 858 si
503 820 720 859 admissum
746 825 819 858 est.
860 819 958 859 haee
981 825 1043 858 est
1059 820 1161 858 enim
1180 821 1343 859 iniuriae
1362 832 1532 860 summa:

282 874 518 913 beneficium
545 874 762 922 perdidisti.
799 874 951 913 salvum
978 879 1039 913 est
1062 875 1129 913 tibi
1157 885 1207 914 ex
1229 875 1315 923 illo,
1349 877 1456 924 quod
1475 881 1534 914 est

246 935 268 967 5
285 928 495 976 optimum:
526 929 684 968 dedisti.
732 928 990 976 Quemadm
1004 930 1146 968 odum
1178 934 1336 968 autem
1357 941 1532 970 curan—

284 984 391 1021 dum
422 989 516 1031 est,
547 988 599 1022 ut
622 984 667 1022 in
696 993 782 1022 eos
805 983 1120 1031 potissimum
1141 985 1399 1023 beneficia
1416 996 1532 1024 con—

284 1038 520 1084 feramus,
543 1038 625 1085 qui
642 1042 784 1085 grate
802 1038 1102 1086 responsuri
1120 1043 1283 1086 erunt,
1299 1039 1369 1078 ita
1385 1051 1473 1088 qua
1487 1050 1533 1078 e-

284 1092 406 1139 dam,
435 1091 635 1130 etiamsi
663 1093 786 1129 male
815 1093 873 1130 de
900 1093 1006 1130 illis
1035 1093 1359 1141 sperabiturs
1377 1095 1532 1132 facie-

283 1156 386 1183 mus
414 1147 808 1194 tribuemusque,
838 1157 933 1184 non
962 1148 1120 1185 solum
1139 1147 1180 1184 si
1199 1147 1533 1187 iudicabimus

283 1199 510 1248 ingratos
541 1201 667 1247 fore,
697 1200 785 1238 sed
811 1200 849 1237 si
878 1201 1092 1240 sciemus
1122 1202 1303 1239 fuisse:
1336 1206 1534 1250 tamquam

284 1255 318 1291 si
345 1254 448 1292 filios
469 1254 585 1293 alicui
603 1255 809 1293 restituere
829 1258 968 1302 potero
989 1265 1130 1302 magno
1155 1255 1330 1302 periculo
1347 1257 1533 1296 liberatos

283 1308 370 1347 sine
388 1310 466 1347 ullo
482 1319 570 1347 meo
581 1339 590 1357 ,
610 1320 689 1347 non
705 1307 905 1347 dubitabo.
934 1308 1094 1356 dignum
1109 1310 1224 1348 etiam
1240 1310 1426 1358 inpendio
1443 1322 1532 1349 san-

283 1362 413 1410 guinis
440 1364 516 1401 mei
542 1364 681 1402 tuebor
707 1367 745 1400 et
772 1361 811 1400 in
840 1368 991 1411 partem
1010 1363 1255 1402 discriminis
1275 1365 1447 1403 veniam:
1477 1366 1531 1403 in-

285 1415 444 1464 dignum
465 1418 498 1455 si
519 1418 671 1465 eripere
690 1417 907 1456 latronibus
929 1423 1066 1465 potero
1086 1419 1258 1457 clamore
1277 1419 1450 1466 sublato,
1464 1430 1533 1458 ,sa-

284 1472 449 1510 lutarem
467 1482 608 1511 vocem
625 1472 773 1510 homini
790 1482 872 1510 -non
893 1471 1042 1520 pigebit
1061 1473 1246 1511 emittere.

249 1536 268 1568 1
363 1527 427 1565 ΧΙ.
459 1525 645 1574 Sequitur
664 1531 706 1564 ut
725 1525 922 1573 dicamuS‚
953 1537 1078 1573 quae
1097 1527 1353 1567 beneficia
1373 1527 1534 1568 danda

285 1580 387 1619 sint
412 1584 460 1618 et
480 1580 900 1628 quemadmodum.
943 1580 1151 1619 Primum
1170 1581 1337 1620 demus
1356 1592 1535 1620 neces-

284 1635 441 1681 saria,
479 1634 661 1674 deinde
685 1634 850 1681 utilia,
885 1635 1065 1675 deinde
1092 1635 1322 1683 iucunda,
1358 1637 1533 1684 utique

284 1699 528 1727 mansura.
573 1689 917 1737 Incipiendum
953 1694 1028 1728 est
1056 1695 1214 1727 autem
1244 1701 1268 1728 a
1294 1700 1532 1728 necessaa

283 1743 388 1782 riis.
434 1744 545 1782 aliter
570 1744 673 1782 enim
700 1744 750 1782 ad
777 1744 946 1781 animum
973 1744 1150 1791 pervenit
1177 1745 1283 1792 quod
1303 1744 1418 1782 vitam
1439 1754 1528 1782 con-

283 1797 396 1844 tinet,
423 1798 534 1836 aliter
549 1798 656 1846 quod
672 1804 836 1836 exornat
851 1803 917 1836 aut
931 1798 1094 1836 instruit.
1121 1798 1259 1837 Potest
1273 1799 1310 1835 in
1325 1809 1372 1836 eo
1388 1798 1529 1847 aliquis

287 1852 519 1891 fastidiosus
547 1862 641 1890 esse
659 1852 902 1899 aestimator,
931 1863 1009 1899 quo
1031 1853 1144 1890 facile
1164 1852 1352 1890 cariturus
1372 1857 1451 1900 est,
1480 1853 1530 1891 de

286 1917 363 1954 quo
385 1907 517 1945 dicere
536 1907 644 1945 licet:
677 1907 856 1954 ‚‚recipe,
886 1917 965 1944 non
986 1907 1181 1946 desidero.
1216 1917 1303 1945 meo
1324 1912 1528 1949 contentus

286 1963 413 1999 sum.“
454 1961 606 1999 interim
629 1972 707 2000 non
726 1961 895 1999 reddere
913 1965 1060 1999 tantum
1079 1962 1172 1999 libet
1192 1961 1298 2008 quod
1316 1962 1527 2010 acceperis,
1549 1996 1554 2001 .

248 2021 271 2053 2
287 2015 359 2052 sed
378 2014 546 2053 abicere.
590 2015 648 2054 Ex
668 2015 730 2053 his
751 2026 853 2063 quae
870 2016 1098 2054 necessaria
1116 2020 1222 2062 sunt,
1243 2016 1435 2062 quaedam
1450 2015 1528 2064 pri-

286 2079 390 2106 mum
412 2070 587 2108 obtinent
611 2071 759 2117 locum,
790 2070 876 2109 sine
894 2069 1034 2117 quibus
1053 2080 1130 2108 non
1150 2079 1362 2116 possumus
1383 2071 1526 2116 vivere,

288 2123 481 2170 quaedam
501 2124 732 2171 secundum,
751 2125 837 2162 sine
854 2123 998 2172 quib'us
1017 2135 1095 2163 non
1111 2124 1310 2169 debemus,
1335 2124 1526 2171 quaedam
1551 2146 1560 2152 -

287 2177 460 2224 tertium,
491 2179 575 2216 sine
605 2179 747 2226 quibus
774 2180 967 2216 nolumus.
1007 2178 1135 2215 Prima
1164 2177 1278 2215 huius
1304 2184 1418 2217 notae
1438 2183 1529 2216 sunt

287 2230 457 2268 hostium
477 2233 656 2271 manibus
675 2232 774 2280 eripi
792 2237 832 2270 et
849 2232 1075 2282 tyrannicae
1093 2231 1174 2269 irae
1192 2236 1231 2270 et
1252 2232 1527 2280 proscriptioni

289 2289 329 2323 et
355 2285 439 2323 aliis
470 2287 672 2335 periculis,
704 2297 805 2335 quae
831 2286 941 2325 varia
958 2290 995 2324 et
1015 2286 1162 2324 incerta
1180 2286 1387 2326 humanam
1408 2287 1527 2325 vitam
