1592 2580
289 193 370 234 230
660 194 703 231 L.
730 194 920 232 ANNAEI
948 194 1173 234 SENECAE

287 293 457 330 maxime
476 292 514 330 in
532 290 736 330 humorem
755 291 951 331 mutabilis
971 292 1020 332 sit
1037 297 1159 341 terra,
1187 298 1253 332 aut
1269 292 1362 342 quia
1374 296 1542 335 maiores

290 348 328 385 in
355 352 507 385 remoto
535 347 680 384 imbres
709 347 804 394 sint,
834 357 1000 395 quorum
1029 358 1133 396 aqua
1152 358 1223 397 per
1241 354 1416 388 secretos
1437 351 1541 389 cuni-

250 402 398 442 aculos
433 401 587 439 reddita
618 401 733 439 tacite
759 401 1000 440 adfunditur.
1046 403 1176 441 tertia:
1213 403 1247 441 si
1279 404 1542 444 crebrioribus

286 456 414 495 ventis
446 456 589 495 ostium
615 456 791 495 caeditur
817 461 856 495 et
876 457 1149 495 reverberatur
1170 457 1309 505 fluctu,
1338 459 1463 497 amnis
1483 470 1542 497 re-

287 511 409 559 sistit,
439 510 505 560 qui
533 520 714 549 crescere
741 511 907 558 videtur,
938 512 1030 559 quia
1052 521 1129 549 non
1154 511 1375 551 effunditur.
1406 518 1545 561 quarta

288 566 462 604 siderum
479 566 578 604 ratio
599 570 678 603 est:
709 565 808 603 haec
828 566 929 603 enim
947 565 1182 614 quibusdam
1199 567 1399 606 mensibus
1417 568 1542 615 magis

285 626 426 669 urgent
452 625 490 659 et
517 619 753 658 exhauriunt
779 619 954 658 flumina.
991 631 1079 659 cum
1106 621 1261 668 longius
1279 628 1542 669 recesserunt,

286 676 416 713 minus
444 679 680 713 consumunt
706 679 823 723 atque
850 675 1019 714 trahunt.
1061 676 1193 724 itaque
1223 675 1331 724 quod
1357 676 1542 725 inpendio

250 731 460 776 3solebat,
491 730 559 777 [id]
588 729 827 768 incremento
851 730 1016 768 accedit.
1065 730 1311 778 Quaedam
1340 730 1543 770 flumina

286 786 447 834 palam
483 785 529 822 in
566 785 786 832 aliquem
821 795 1024 833 specum
1059 785 1299 824 decidunt
1334 791 1371 824 et
1405 786 1461 823 sic
1492 797 1543 823 ex

287 840 414 879 oculis
435 840 682 886 auferuntur,
713 840 954 887 quaedam
986 844 1343 878 consumuntur
1370 841 1542 888 paula—

286 897 368 933 tim
406 899 444 933 et
471 894 718 932 intercidunt.
762 894 932 932 eadem
969 904 1028 932 ex
1069 894 1339 933 intervallo
1374 904 1543 933 rever-

286 954 459 988 tuntur
483 948 758 997 recipiuntque
778 953 816 986 et
834 959 978 987 nomen
999 954 1037 987 et
1056 959 1228 988 cursum.
1275 948 1404 987 Causa
1423 950 1542 987 mani-

287 1006 389 1042 festa
407 1009 486 1042 est:
516 1004 590 1042 sub
612 1007 717 1041 terra
736 1008 850 1042 vacat
868 1005 993 1042 locus,
1023 1004 1148 1042 omnis
1169 1009 1297 1042 autem
1318 1004 1454 1042 natura
1471 1004 1543 1042 hu·

285 1069 372 1096 mor
400 1059 450 1096 ad
478 1059 640 1097 inferius
669 1064 707 1097 et
725 1059 776 1096 ad
794 1059 910 1096 inane
929 1059 1113 1097 defertur.
1150 1059 1216 1097 illo
1236 1057 1368 1106 itaque
1385 1063 1545 1106 recepta

285 1113 448 1152 flumina
476 1124 616 1151 cursus
645 1123 763 1161 egere
790 1119 963 1159 secret0,
995 1114 1068 1152 sed
1095 1123 1182 1151 cum
1211 1113 1376 1161 primum
1396 1112 1544 1162 aliquid

287 1168 421 1215 solidi,
462 1168 571 1216 quod
599 1168 792 1213 obstaret,
830 1167 1019 1215 occurrit,
1055 1173 1244 1216 perrupta
1276 1172 1404 1216 parte,
1442 1177 1544 1216 quae

284 1223 414 1261 minus
438 1223 488 1260 ad
509 1222 655 1260 exitum
675 1223 941 1270 repugnabat,
970 1223 1163 1270 repetiere
1184 1233 1341 1260 cursum
1363 1233 1488 1261 suum.

247 1283 270 1316 4
392 1277 458 1316 Sic
475 1278 541 1315 ubi
556 1280 708 1315 terreno
726 1277 852 1325 Lycus
870 1282 927 1315 est
935 1282 1091 1325 potatus
1109 1278 1227 1324 hiatu,

394 1333 543 1370 exsistit
555 1333 695 1379 procul
710 1332 801 1370 hinc
819 1333 968 1379 alioque
985 1334 1200 1370 renascitur
1218 1342 1295 1370 ore.

394 1386 460 1424 Sic
477 1387 588 1424 modo
605 1386 835 1433 combibitur,
863 1388 976 1424 tacito
993 1387 1103 1424 modo
1117 1388 1269 1434 quryite
1285 1388 1418 1435 lapsus

393 1442 573 1479 redditur
590 1440 779 1487 Arqolicis
797 1442 930 1487 inqens
947 1441 1136 1479 Erasinus
1154 1441 1194 1478 in
1212 1442 1338 1478 undis.

284 1496 393 1534 Idem
413 1500 452 1533 ct
472 1495 510 1532 in
532 1494 688 1533 Oriente
707 1495 831 1543 Tigris
853 1495 960 1534 facit:
989 1495 1223 1534 absorbetur
1242 1499 1280 1533 et
1295 1494 1541 1534 desideratus

286 1552 354 1588 diu
381 1550 538 1588 tandem
566 1559 588 1587 e
617 1550 734 1598 longe
759 1555 909 1588 remoto
939 1551 1048 1596 loco,
1079 1561 1158 1588 non
1180 1554 1308 1588 tamen
1330 1549 1473 1588 dubius
1492 1559 1541 1587 an

248 1615 268 1646 5
285 1605 388 1643 idem
413 1605 481 1651 sit,
511 1605 685 1653 emergit.
733 1604 898 1652 Quidam
925 1605 1053 1643 sontes
1077 1609 1183 1643 certo
1203 1610 1379 1652 tempore
1398 1614 1540 1652 purga—

284 1665 416 1697 menta
438 1660 625 1706 eiectant,
650 1664 692 1697 ut
709 1659 909 1698 Arethusa
930 1659 968 1696 in
989 1658 1121 1697 Sicilia
1141 1659 1276 1707 quinta
1299 1668 1456 1707 quaque
1475 1668 1541 1696 ae-

286 1719 385 1752 state
415 1724 485 1762 per
516 1712 709 1763 Olympia.
745 1714 837 1751 inde
864 1710 998 1762 opinio
1025 1719 1086 1752 est
1110 1713 1293 1762 Alpheon
1316 1724 1366 1751 ex
1392 1712 1543 1751 Achaia

285 1779 334 1807 eo
361 1778 490 1816 usque
517 1773 726 1815 penetrare
754 1773 792 1805 et
818 1778 935 1816 agere
962 1768 1036 1807 sub
1055 1778 1162 1806 mare
1184 1778 1340 1806 cursum
1362 1777 1435 1805 nec
1454 1772 1543 1805 ante

287 1833 402 1871 quarn
424 1823 460 1860 in
480 1822 734 1872 Syracusano
750 1823 863 1861 litore
879 1833 1097 1871 emergere:
1126 1822 1298 1871 ideoque
1313 1822 1374 1860 his
1390 1822 1542 1867 diebus,

286 1877 431 1925 quibus
460 1876 643 1926 Olympia
670 1882 780 1923 sunt,
812 1876 1053 1916 victimarum
1081 1882 1234 1916 stercus
1267 1876 1442 1915 secundo
1465 1879 1540 1913 tra—

249 1941 271 1976 5
288 1933 408 1970 ditum
429 1931 579 1970 flumini
598 1931 676 1969 illic
696 1932 930 1970 redundare.
971 1933 1057 1971 Hoc
1077 1937 1115 1970 et
1132 1942 1155 1969 a
1175 1935 1214 1970 te
1231 1931 1412 1970 traditum
1427 1934 1487 1968 est
1501 1935 1543 1968 ut

286 1987 325 2024 in
345 1992 534 2034 poemate,
559 1986 683 2024 Lucili
704 1986 924 2035 carissime,
954 1992 993 2026 et
1011 1997 1035 2025 a
1053 1985 1248 2035 Vergilio,
1278 1985 1343 2034 qui
1363 1984 1541 2032 adloqui-

286 2046 347 2079 tur
366 2041 625 2079 Arethusam:

447 2095 513 2134 Sie
531 2096 613 2142 tibi,
640 2105 726 2134 cum
741 2097 882 2142 fluctus
898 2096 1026 2135 subter
1043 2096 1171 2134 labere
1188 2095 1358 2141 Sicanos,

444 2151 559 2190 Doris
578 2160 715 2188 amara
735 2161 826 2188 suas
845 2161 920 2188 non
939 2152 1192 2189 intermisceat
1207 2151 1344 2187 undas.

284 2205 356 2243 Est
382 2205 421 2242 in
450 2205 698 2243 Chersoneso
724 2204 967 2243 Rhod10rum
996 2206 1106 2250 fons,
1145 2203 1211 2252 qui
1242 2209 1332 2251 post
1359 2213 1542 2251 magnum

286 2260 531 2297 intervallum
550 2258 736 2306 temporis
757 2259 874 2296 foeda
894 2259 1087 2306 quaedam
1102 2257 1321 2296 turbinibus
1339 2269 1389 2296 ex
1408 2257 1540 2310 intimo

249 2318 270 2352 7
286 2314 440 2362 fundat,
471 2313 598 2352 donec
625 2312 812 2352 liberatus
843 2313 1117 2363 eliquatusque
1146 2317 1218 2351 est.
1272 2313 1357 2352 Hoc
1380 2312 1541 2361 quibus-
