1592 2580
423 269 483 322 11.⁴
504 267 688 323 ANNAEI
724 267 948 324 SENECAE

517 379 583 412 AD
619 379 866 415 LUCILIUM

74 465 631 531 NATURALIUM
697 464 1312 536 QUAES'HONUM

572 591 748 632 LIBER
775 590 810 640 I.

468 771 915 809 PROLOGUS.

137 832 332 882 Quantum
353 834 454 873 inter
477 834 775 886 philosophiam
796 834 979 882 interest,
1009 832 1135 873 Lucili
1155 834 1329 872 virorum
1347 844 1367 877 1

56 889 222 938 optime,
260 895 299 929 et
325 894 480 929 ceteras
510 895 637 940 artes,
673 895 823 930 tantum
850 890 1047 929 interesse
1074 889 1259 929 existimo
1290 889 1330 928 in

54 946 145 994 ipsa
169 945 426 994 philosophia
451 946 552 986 inter
577 947 684 986 illam
711 951 886 996 partem,
927 956 1031 995 quae
1057 945 1110 984 ad
1133 945 1330 994 homines,

54 1006 92 1039 et
111 1001 234 1050 hanc,
268 1011 372 1050 quae
390 1002 443 1040 ad
462 1002 563 1041 deos
582 1002 766 1051 pertinet.
811 1002 942 1041 Altior
967 1006 1032 1054 est
1056 1000 1158 1040 haec
1181 1007 1220 1040 et
1247 1001 1330 1039 ani-

53 1057 215 1096 mosior.
251 1057 415 1096 multum
442 1058 622 1106 permisit
648 1057 746 1097 sibi:
776 1068 858 1097 non
884 1056 958 1097 fuit
975 1056 1104 1096 oculis
1130 1062 1330 1096 contenta.

52 1112 179 1151 maius
206 1122 300 1152 esse
329 1111 518 1162 quiddam
546 1114 751 1163 suspicata
778 1117 840 1152 est
872 1123 921 1151 ac
954 1112 1181 1162 pulchrius,
1220 1112 1331 1161 quod

52 1173 164 1207 extra
191 1173 452 1218 conspectum
473 1173 614 1208 natura
632 1169 853 1219 posuisset.
901 1168 1086 1217 Denique
1104 1172 1255 1207 tantum
1273 1169 1330 1207 in·
1344 1174 1366 1207 2

49 1228 110 1261 ter
136 1224 237 1262 duas
266 1223 449 1272 interest,
479 1229 670 1274 quantum
696 1223 799 1264 inter
817 1224 935 1263 deum
956 1228 995 1263 et
1011 1223 1224 1263 hominem.
1274 1225 1328 1262 ai-

50 1284 136 1318 tera
154 1279 292 1327 docet,
319 1279 416 1330 quid
436 1280 476 1318 in
496 1281 612 1319 terris
634 1280 834 1330 agendum
854 1280 924 1328 sit,
954 1281 1097 1329 altera,
1119 1279 1218 1329 quid
1237 1289 1329 1329 aga-

50 1340 112 1373 tur
138 1335 178 1373 in
201 1336 328 1375 coelo.
364 1336 489 1375 altera
507 1346 666 1376 errores
687 1341 849 1375 nostros
868 1334 1031 1375 discutit
1049 1340 1088 1375 et
1106 1336 1239 1374 lumen
1259 1336 1328 1374 ad-

50 1395 210 1438 movet,
248 1401 328 1440 quo
355 1391 633 1431 discernantur
665 1392 851 1441 ambigua
875 1392 1007 1430 vitae:
1050 1393 1175 1430 altera
1205 1392 1329 1430 multo

51 1456 175 1495 supra
202 1446 324 1494 hanc,
358 1447 398 1484 in
427 1457 508 1496 qua
534 1449 778 1495 volutamur,
817 1445 1027 1495 caliginem
1054 1446 1214 1485 excedit
1240 1451 1279 1485 et
1307 1457 1329 1484 e

50 1501 224 1541 tenebris
245 1506 406 1551 ereptos
426 1502 610 1551 perducit
627 1504 716 1552 ilio,
735 1503 843 1542 unde
858 1503 976 1541 lucet.
1023 1502 1222 1551 Equidem
1236 1507 1329 1541 tunc
1344 1509 1368 1544 3

50 1567 183 1595 rerum
209 1562 372 1596 naturae
397 1558 545 1606 gratias
571 1569 670 1607 ago,
700 1569 790 1598 cum
815 1559 921 1597 iilam
947 1569 1027 1598 non
1046 1558 1096 1597 ab
1121 1558 1196 1596 hac
1216 1563 1330 1606 parte

49 1613 188 1660 video,
218 1624 297 1661 qua
324 1612 485 1662 publica
512 1618 592 1662 est,
620 1614 695 1653 sed
719 1625 809 1653 cum
830 1615 1047 1653 secretiora
1066 1614 1161 1652 eius-
1173 1613 1328 1661 intravi,

51 1679 141 1707 cum
169 1669 303 1716 disco,
342 1679 446 1718 quae
472 1670 649 1708 universi
674 1669 840 1709 materia
866 1670 933 1716 sit,
972 1670 1062 1719 quis
1095 1674 1235 1709 auctor
1262 1675 1330 1708 aut

51 1729 209 1771 casm,
240 1724 336 1773 quid
356 1724 407 1763 sit
426 1725 548 1773 deus,
577 1730 686 1764 totus
706 1725 745 1764 in
767 1735 812 1764 se
833 1723 1012 1765 intendat
1031 1736 1081 1764 an
1100 1726 1152 1764 ad
1167 1735 1243 1764 nos
1259 1726 1328 1763 ali-

52 1780 213 1828 quando
241 1780 450 1829 respiciat,
481 1781 599 1819 faciat
626 1780 772 1820 cotidie
790 1781 942 1829 aliquid
962 1791 1010 1819 an
1033 1782 1158 1820 semei
1178 1781 1327 1828 fecerit,

50 1846 145 1884 pars
167 1836 304 1874 mundi
324 1836 373 1874 sit
393 1847 441 1874 an
464 1837 657 1884 mundus,
687 1837 804 1875 liceat
821 1836 876 1874 iili
893 1836 1096 1886 hodieque
1111 1837 1330 1875 decernere

50 1896 90 1930 et
107 1902 158 1930 ex
177 1893 266 1940 lege
286 1891 455 1930 fatorum
476 1891 628 1941 aliquid
648 1892 843 1941 derogare
860 1903 910 1931 an
925 1892 1144 1932 maiestatis
1160 1892 1327 1931 diminu-

50 1947 104 1985 tio
129 1948 181 1986 sit
207 1953 246 1986 et
273 1948 477 1987 confessio
499 1948 646 1988 erroris
665 1948 857 1987 mutanda
877 1948 1039 1987 fecisse.
1076 1958 1247 1987 necesse
1267 1953 1329 1987 est

51 2003 170 2049 [enim
193 2003 243 2050 ei]
265 2003 406 2042 eadem
421 2005 602 2052 placere,
623 2004 687 2042 cui
702 2002 778 2042 nisi
794 2003 943 2053 optima
958 2004 1119 2053 placere
1135 2015 1214 2043 non
1233 2014 1327 2052 pos-

52 2063 155 2097 sunt.
191 2069 267 2097 nec
294 2059 451 2099 ob‘hoc
480 2059 610 2098 minus
637 2059 739 2098 liber
767 2064 806 2098 et
833 2064 976 2108 potens
997 2064 1079 2099 est:
1114 2059 1204 2108 ipse
1224 2059 1327 2098 enim

52 2117 114 2151 est
136 2116 359 2154 necessitas
387 2126 473 2154 sua.
522 2114 606 2154 Nisi
633 2115 685 2153 ad
707 2114 808 2153 haec
828 2115 1072 2162 admitterer,
1099 2126 1180 2155 non
1201 2116 1366 2156 suerat4

52 2169 176 2208 nasci.
214 2171 312 2219 quid
336 2171 441 2210 enim
468 2176 571 2219 erat,
601 2170 730 2210 curin
752 2181 916 2210 numero
938 2170 1151 2210 viventium
1172 2182 1235 2210 me
1254 2182 1325 2221 po·

53 2223 168 2263 situm
183 2235 276 2264 esse
291 2227 536 2275 gauderem?
554 2237 604 2265 an
619 2231 662 2265 ut
675 2226 790 2266 cibos
801 2232 840 2265 et
856 2226 1040 2276 potiones
1056 2229 1326 2276 percolarem

52 2284 92 2317 ut
117 2279 194 2320 hoc
221 2292 368 2331 corpus
396 2283 622 2323 causariam
646 2292 693 2321 ac
714 2281 878 2321 fluidum
897 2281 1216 2333 periturumque,
1247 2285 1323 2323 nisi
