1624 2626
296 178 352 220 24
413 179 548 219 DIAL.
572 180 620 218 ΙΙ.
646 179 717 226 AD
739 178 976 218 SERENUM
995 179 1090 218 NEC
1110 179 1343 218 1N1UR1AM
1361 179 1456 219 NEC

298 289 411 318 suam
430 279 635 318 remixtam
655 279 743 318 cibo
765 278 954 327 perdidit:
987 289 1181 318 venenum
1210 280 1304 318 illud
1325 280 1457 320 dando
1477 290 1563 320 sce-

297 335 367 373 leri
387 344 432 372 se
452 333 650 381 obligavit,
670 334 786 372 etiam
805 333 839 372 si
859 343 938 371 non
958 334 1103 372 nocuit.
1124 345 1204 372 non
1223 333 1351 373 minus
1370 336 1469 374 latro
1491 339 1563 382 est,

297 389 410 428 cuius
447 389 566 427 telum
595 389 781 436 opposita
807 393 918 426 veste
945 389 1098 426 elusum
1126 394 1198 427 est.
1247 388 1384 427 Omnia
1411 391 1566 428 scelera

296 443 410 481 etiam
430 447 519 481 ante
539 443 722 481 effectum
744 442 890 491 operis,
907 447 1095 490 quantum
1111 444 1251 491 culpae
1266 443 1362 482 satis
1382 450 1454 492 est,
1476 454 1563 492 per-

258 495 399 536 5recta
427 502 529 536 sunt.
578 497 778 545 Quaedam
806 498 891 535 eius
921 497 1167 536 condicionis
1195 503 1285 536 sunt
1311 503 1350 536 et
1374 498 1450 537 hac
1477 499 1565 537 vice

296 553 552 601 copulantur,
585 557 627 591 ut
657 554 820 591 alterum
849 552 934 590 sine
961 553 1084 590 altero
1105 562 1197 590 esse
1219 553 1366 600 possit,
1400 555 1564 592 alterum

295 608 382 646 sine
400 608 522 646 altero
544 618 622 646 non
644 607 784 655 possit.
815 606 922 655 quod
944 606 1034 644 dico
1055 608 1231 646 conabor
1251 608 1382 646 facere
1401 608 1563 646 manife-

295 667 410 701 stum.
439 662 606 701 Possum
622 663 747 710 pedes
768 671 940 708 movere,
960 666 1093 700 utnon
1114 672 1286 700 curram:
1307 673 1465 701 currere
1484 673 1564 702 non

294 727 480 765 possum,
520 722 562 755 ut
587 717 711 765 pedes
739 727 819 754 non
848 726 1041 754 moveam.
1095 727 1280 765 possum,
1316 719 1496 765 quamvis
1525 716 1564 756 in

294 781 399 819 aqua
418 772 512 819 sim,
533 782 611 810 non
633 776 788 809 natare:
829 771 862 809 si
883 775 996 817 nato,
1015 782 1093 809 non
1114 782 1282 820 possum
1302 772 1340 809 in
1358 783 1464 821 aqua
1482 783 1563 811 non

253 822 274 857 6
294 836 399 864 esse.
446 826 506 863 Ex
526 825 600 863 hac
620 830 727 864 sorte
747 830 786 864 et
807 825 884 864 hoc
906 830 967 864 est
989 826 1039 864 de
1061 837 1140 874 quo
1161 826 1300 874 agitur.
1332 827 1366 865 si
1386 827 1564 865 iniuriam

294 881 444 930 accepi,
465 890 633 918 necesse
653 884 714 918 est
734 881 876 918 factam
897 891 1001 919 esse.
1039 880 1073 919 si
1093 885 1154 920 est
1174 881 1295 928 facta,
1316 892 1395 920 non
1415 887 1477 920 est
1495 892 1563 920 ne-

294 945 409 973 cesse
436 935 644 983 accepisse
671 944 746 973 nie.
794 936 914 974 multa
941 936 1042 974 enim
1072 936 1246 975 incidere
1274 940 1443 985 possunt
1462 946 1566 985 quae

294 989 556 1028 submoveant
582 989 782 1028 iniuriam:
820 994 863 1030 ut
890 990 1115 1029 intentatam
1144 1001 1300 1029 manum
1322 991 1479 1030 deicere
1495 990 1563 1029 ali-

294 1044 382 1092 quis
405 1054 524 1083 casus
544 1049 678 1092 potest
692 1049 730 1083 et
744 1044 891 1083 emissa
904 1046 982 1083 tela
995 1045 1205 1092 declinare,
1221 1046 1274 1084 ita
1289 1046 1451 1085 iniurias
1468 1056 1564 1094 qua·

294 1098 528 1147 lescumque
549 1104 679 1147 potest
699 1100 831 1148 aliqua
849 1110 915 1138 res
933 1101 1126 1148 repellere
1145 1105 1184 1139 et
1201 1100 1239 1138 in
1258 1100 1389 1139 medio
1408 1100 1563 1139 interci-

293 1164 403 1202 pere,
422 1159 465 1192 ut
484 1159 522 1192 et
542 1155 669 1192 sactae
691 1154 770 1193 sint
788 1164 863 1192 nec
882 1159 1084 1203 acceptae.

373 1209 475 1247 VIII.
504 1209 712 1247 Praeterea
731 1209 877 1248 iustitia
890 1209 984 1249 nihil
1004 1209 1190 1248 iniustum
1206 1209 1287 1258 pati
1304 1214 1449 1258 potest,
1470 1209 1565 1258 quia

293 1274 372 1302 non
394 1268 539 1302 coeunt
558 1263 768 1303 contraria.
815 1263 958 1302 iniuria
980 1268 1109 1302 autem
1130 1275 1210 1303 non
1232 1269 1364 1313 potest
1383 1265 1467 1303 fieri
1487 1265 1563 1303 nisi

294 1318 457 1357 iniuste:
497 1329 591 1366 ergo
622 1319 791 1367 sapienti
820 1317 960 1358 iniuria
989 1330 1066 1358 non
1096 1324 1229 1367 potest
1256 1320 1353 1357 fieri.
1399 1320 1481 1358 Nec
1502 1324 1564 1358 est

294 1373 404 1420 quod
428 1372 602 1412 mireris:
623 1375 656 1412 si
679 1384 794 1412 nemo
817 1376 948 1422 potest
965 1374 1019 1412 illi
1038 1373 1217 1413 iniuriam
1237 1375 1379 1421 facere,
1400 1385 1450 1412 ne
1472 1385 1562 1422 pro-

293 1427 414 1466 desse
443 1429 603 1476 quidem
631 1429 840 1477 quisquam
869 1433 1012 1477 potest.
1059 1434 1097 1468 et
1126 1429 1295 1478 sapienti
1322 1429 1417 1467 nihil
1451 1429 1565 1467 deest

293 1483 401 1530 quod
420 1483 601 1531 accipere
621 1484 751 1531 possit
769 1484 858 1522 loco
878 1484 1071 1531 muneris,
1098 1489 1137 1523 et
1162 1485 1289 1523 malus
1317 1484 1411 1522 nihil
1433 1488 1565 1532 potest

291 1537 451 1585 dignum
470 1538 640 1576 tribuere
660 1538 850 1587 sapiente.
887 1538 1034 1576 habere
1055 1538 1156 1577 enim
1178 1540 1288 1587 prius
1308 1539 1426 1577 debet
1445 1548 1562 1587 quam

292 1591 399 1629 dare.
429 1592 524 1630 nihil
544 1598 672 1632 autem
692 1593 810 1632 habet
830 1593 937 1642 quod
956 1594 1007 1632 ad
1026 1604 1071 1632 se
1090 1593 1294 1633 transferri
1313 1594 1473 1642 sapiens
1493 1603 1562 1641 ga·

252 1648 274 1681 2
295 1645 452 1685 visurus
486 1648 548 1686 sit.
595 1648 682 1687 Non
717 1653 847 1696 potest
879 1658 973 1695 ergo
1003 1649 1213 1697 quisquam
1241 1652 1308 1687 aut
1333 1658 1478 1686 nocere
1497 1658 1559 1686 sa-

293 1701 413 1749 pienti
441 1707 508 1740 aut
532 1703 749 1750 prodesse,
789 1703 976 1752 quoniam
1003 1703 1140 1742 divina
1165 1713 1238 1742 nec
1258 1703 1381 1742 iuvari
1402 1703 1558 1741 deside-

291 1760 378 1794 rant
396 1766 470 1795 nec
491 1757 594 1795 laedi
615 1762 795 1805 possunt.
833 1758 994 1805 sapiens
1014 1763 1143 1797 autem
1162 1759 1313 1797 vicInus
1335 1757 1559 1806 proximus·
1588 1797 1590 1799 ,

293 1820 370 1858 que
390 1811 451 1849 dis
473 1813 664 1860 consistit,
685 1817 855 1861 excepta
875 1813 1106 1852 mortalitate
1129 1813 1265 1852 similis
1286 1813 1375 1851 deo.
1424 1813 1476 1850 ad
1494 1812 1561 1851 illa

291 1865 418 1904 nitens
440 1876 694 1915 pergensque
711 1869 886 1915 excelsa,
908 1868 1098 1916 ordinata,
1119 1868 1323 1916 intrepida,
1344 1868 1501 1917 aequali
1522 1872 1561 1906 et

291 1921 480 1959 concordi
503 1932 624 1961 cursu
643 1922 824 1970 fluentia,
860 1933 1021 1970 secura,
1054 1924 1243 1971 benigna,
1272 1922 1377 1961 bono
1398 1922 1558 1971 publico

292 1978 394 2020 nata,
416 1980 454 2013 et
472 1977 546 2014 sibi
567 1981 605 2015 et
623 1977 710 2018 aliis
732 1978 920 2016 salutaria
939 1978 1034 2016 nihil
1051 1978 1195 2016 humile
1214 1977 1483 2026 concupiscet,
1500 1977 1557 2015 ni-

291 2027 346 2066 hil
374 2027 502 2076 ssebit,
538 2032 605 2079 qui
631 2033 774 2071 rationi
801 2033 958 2071 innixus
979 2043 1051 2081 per
1069 2033 1263 2071 humanos
1283 2043 1401 2071 casus
1423 2031 1556 2071 divino

250 2085 272 2121 3
291 2083 446 2122 incedet
464 2085 607 2125 animo.
653 2088 741 2126 Non
767 2087 885 2126 habet
903 2088 970 2127 ubi
990 2087 1157 2136 accipiat
1176 2087 1369 2125 iniuriam.
1417 2087 1465 2126 ab
1485 2086 1556 2126 ho-

290 2138 393 2175 mine
415 2148 477 2176 me
498 2144 644 2179 tantum
665 2143 797 2181 dicere
819 2147 963 2191 putas?
985 2148 1034 2181 ne'
1053 2152 1076 2180 a
1091 2143 1246 2180 fortuna
1262 2143 1433 2191 quidem,
1455 2151 1557 2189 quae

292 2193 474 2240 quotiens
497 2204 584 2232 cum
603 2197 745 2235 virtute
763 2207 982 2245 congressa
1001 2201 1078 2243 est,
1100 2208 1315 2245 numquam
1334 2208 1406 2246 par
1423 2206 1554 2234 reces-

291 2246 353 2285 sit.
384 2246 424 2286 Si
441 2248 654 2288 maximum
674 2252 790 2300 illud,
810 2253 912 2291 ultra
932 2251 1038 2300 quod
1058 2251 1152 2290 nihil
1171 2252 1336 2299 habent,
1358 2251 1480 2290 iratae
1499 2252 1554 2289 le-

290 2311 363 2350 ges
389 2312 436 2341 ac
465 2302 688 2343 saevissimi
718 2307 864 2347 domini
895 2306 1136 2354 minitantur,
1175 2306 1214 2345 in
1243 2317 1322 2356 quo
1349 2307 1555 2355 imperium
