1598 2606
376 133 442 172 DE
470 130 752 171 BENEFlClIS
781 130 877 169 LlB.
894 130 959 168 ΙΙΙ.
989 133 1121 170 3-7.
1339 124 1394 166 39

185 239 234 277 V.
265 235 629 285 Quemadmodum,
661 233 715 271 mi
731 232 946 279 Liberalis,
971 231 1170 280 quaedam
1186 240 1253 268 res
1268 230 1392 269 semel
1410 233 1428 266 1

105 298 320 345 perceptae
348 293 531 339 haerent,
568 290 767 340 quaedam
794 293 838 327 ut
866 287 993 335 scias,
1023 298 1106 326 non
1127 291 1190 325 est
1212 286 1312 326 satis
1333 286 1390 324 di-

105 350 272 398 dicisse,
302 348 500 388 intercidit
526 347 631 385 enim
651 356 791 385 eorum
811 343 1000 391 scientia,
1026 344 1103 382 nisi
1125 343 1393 382 continuetur.

104 405 362 456 geometriam
381 405 471 443 dico
493 407 531 442 et
551 403 780 442 sublimium
801 411 963 440 cursum
984 405 1024 438 et
1043 399 1079 438 si
1101 410 1182 447 qua
1202 399 1279 438 alia
1299 409 1403 448 pr0··

103 467 194 512 pter
214 461 470 501 subtilitatem
489 459 642 499 lubrica
662 463 774 497 sunt:
805 457 859 496 ita
878 456 1076 495 beneficia
1093 455 1295 504 quaedam
1309 466 1394 494 ma·

104 519 270 568 gnitudo
292 528 372 556 non
394 517 542 566 patitur
562 515 771 562 excidere,
801 512 999 562 quaedam
1020 511 1195 560 minora,
1225 511 1300 550 scd
1321 523 1392 550 nu-

104 585 215 614 mero
245 572 416 624 plurima
445 578 484 612 et
510 570 758 621 temporibus
790 570 952 609 diversa
978 567 1168 616 effluunt,
1198 567 1313 616 quia,
1353 573 1397 607 ut

105 630 212 679 dixi,
241 641 320 669 non
342 629 513 669 subinde
532 628 599 667 illa
622 632 839 666 tractamus
856 635 931 664 nec
946 623 1116 663 libenter
1134 623 1232 673 quid
1248 624 1396 673 cuique

106 687 328 726 debeamus
346 684 690 734 recognoscimus.
735 683 843 722 Audi
863 691 987 721 voces
1009 681 1246 730 petentium:
1274 691 1393 720 nemo
1411 685 1432 721 2

105 754 187 782 non
202 743 396 781 victuram
413 751 573 790 semper
586 741 625 778 in
643 739 776 778 animo
794 750 868 778 suo
885 736 1119 776 memoriam
1135 737 1246 776 dixit.
1275 746 1394 776 nemo

107 810 188 838 non
216 798 396 837 deditum
429 807 474 836 se
501 801 540 835 et
566 797 757 835 devotum
792 795 1005 844 professus
1036 798 1118 841 est,
1157 798 1197 831 et
1224 792 1259 831 si
1284 793 1396 842 quod

108 854 218 893 aliud
245 853 432 893 humilius
462 853 629 891 verbum
659 862 740 900 quo
769 862 814 889 se
835 850 1073 900 obpigneret
1091 848 1254 888 invenit.
1302 854 1397 898 post

107 911 296 959 exiguum
323 915 483 958 tempus
512 908 631 947 iidem
653 908 708 946 illi
731 907 855 946 verba
875 906 1011 956 priora
1032 905 1149 954 quasi
1169 905 1336 944 sordida
1358 911 1397 944 et

107 976 250 1016 parum
279 966 404 1004 libera
423 964 585 1004 evitant.
623 963 862 1013 perveniunt
882 961 1031 1001 deinde
1051 972 1100 1001 eo
1122 972 1223 1010 quo,
1254 966 1298 1000 ut
1317 971 1394 1010 ego

108 1022 314 1070 existimo,
340 1021 542 1070 pessimus
558 1020 731 1069 quisque
747 1023 869 1067 atque
886 1018 1181 1066 ingratissimus
1199 1018 1394 1066 pervenit,

106 1082 150 1116 ut
168 1077 476 1117 obliviscantur:
506 1076 609 1114 adeo
631 1075 734 1114 enim
756 1075 934 1123 ingratus
955 1078 1036 1121 est,
1067 1073 1135 1122 qui
1155 1074 1302 1113 oblitus
1320 1078 1396 1123 est,

106 1138 149 1172 ut
167 1133 345 1181 ingratus
369 1133 439 1179 sit,
472 1131 535 1170 cui
554 1131 793 1170 beneficium
818 1130 856 1168 in
878 1135 1051 1169 mentem
1071 1129 1191 1168 venit.

189 1190 258 1228 VI.
296 1189 398 1228 Hoc
435 1193 530 1227 tam
564 1186 784 1226 invisum
813 1186 993 1225 vitium
1018 1196 1076 1224 an
1106 1186 1394 1235 inpunitum
1417 1192 1432 1225 1

107 1255 225 1284 esse
256 1244 439 1283 debeat
468 1245 736 1292 quaeritur
765 1248 812 1282 et
847 1252 905 1280 an
936 1242 1062 1280 haec
1089 1242 1193 1289 lex,
1229 1242 1395 1291 quaein

107 1300 258 1339 scholis
288 1305 522 1348 exercetur,
558 1299 676 1338 etiam
713 1299 760 1348 in
792 1298 1007 1337 civitate
1037 1298 1273 1346 ponenda
1307 1298 1395 1345 sit,

109 1367 205 1405 qua
233 1356 421 1404 ingrati
450 1356 600 1395 datur
629 1355 785 1403 actio,
818 1364 923 1403 quae
944 1353 1104 1392 videtur
1118 1364 1252 1403 aequa
1268 1353 1396 1393 omni-

106 1410 198 1450 bus.
228 1412 426 1460 „Quidni‘e
464 1422 555 1450 cum
581 1411 703 1450 urbes
726 1421 891 1459 quoque
909 1409 1077 1448 urbibus
1100 1420 1204 1458 quae
1225 1410 1395 1459 praesti—

107 1471 193 1505 tere
213 1467 459 1516 exprobrent
478 1473 517 1507 et
536 1468 574 1506 in
597 1466 770 1506 maiores
792 1467 937 1505 collata
957 1476 981 1504 a
1000 1466 1175 1514 posteris
1191 1466 1395 1515 exigant.“

107 1522 242 1561 Nostri
263 1522 458 1570 maiores,
484 1522 645 1561 maximi
666 1523 820 1561 scilicet
842 1522 937 1568 viri,
969 1521 1018 1560 ab
1038 1521 1227 1571 hostibus
1248 1526 1396 1562 tantum
1413 1525 1435 1559 2

108 1588 178 1617 res
203 1579 470 1627 repetierunt,
498 1578 696 1617 beneficia
718 1588 864 1626 magno
891 1578 1024 1616 animo
1046 1577 1217 1626 dabant,
1248 1588 1395 1627 magno

110 1634 346 1682 perdebant.
394 1639 566 1682 excepta
593 1633 862 1673 Macedonum
896 1638 1015 1682 gente
1047 1645 1130 1673 non
1157 1639 1220 1673 est
1245 1634 1286 1672 in
1313 1635 1397 1673 ulla

110 1689 204 1728 data
223 1689 422 1728 adversus
441 1689 637 1738 ingratum
658 1689 782 1738 actio,
802 1700 1074 1739 magnumque
1090 1690 1167 1729 hoc
1184 1700 1394 1738 argumen—

108 1750 192 1784 tum
219 1751 282 1784 est
308 1745 481 1784 dandam
508 1757 591 1784 non
618 1745 765 1792 fuisse,
806 1746 901 1794 quia
928 1746 1127 1785 adversus
1156 1746 1396 1785 maleficium

109 1811 228 1841 omne
254 1802 556 1849 consensimus,
596 1805 636 1840 et
667 1800 892 1849 homicidii,
930 1801 1136 1850 veneficii,
1175 1802 1393 1851 parricidii,

107 1857 344 1896 violatarum
372 1857 611 1906 religionum
636 1857 756 1895 aliubi
782 1861 904 1905 atque
928 1857 1049 1896 aliubi
1071 1858 1235 1896 diversa
1260 1869 1396 1907 poena

109 1918 190 1960 est,
213 1913 286 1952 sed
302 1913 452 1962 ubique
469 1914 622 1962 aliqua:
651 1912 729 1952 hoc
745 1912 1114 1962 frequentissimum
1131 1914 1280 1952 crimen
1298 1925 1393 1953 nus·

110 1979 230 2018 quam
246 1969 419 2017 punitur,
434 1968 585 2018 ubique
601 1968 848 2017 inprobatur.
869 1979 1003 2018 neque
1017 1968 1267 2009 absolvimus
1283 1969 1393 2020 illud,

109 2024 185 2063 sed
213 2034 303 2063 cum
333 2024 508 2063 difficilis
538 2029 647 2063 esset
673 2025 850 2063 incertae
877 2025 936 2063 rei
964 2025 1210 2073 aestimatio,
1240 2030 1393 2065 tantum

109 2079 204 2119 odio
224 2079 500 2120 damnavimus
520 2086 560 2120 et
578 2081 680 2119 inter
699 2091 748 2120 ea
765 2079 1022 2131 reliquImus,
1045 2091 1149 2130 quae
1168 2081 1220 2120 ad
1236 2082 1392 2122 iudices

110 2135 211 2175 deos
232 2136 434 2176 mittimus.

191 2191 276 2230 VII.
299 2192 546 2232 Rationes
567 2196 731 2231 autem
751 2193 935 2231 multae
953 2192 1073 2231 mihi
1094 2198 1389 2242 occurrunt,
1407 2201 1427 2235 1

111 2252 323 2296 propter
351 2259 478 2297 quas
510 2248 698 2287 crimen
725 2248 819 2287 hoc
839 2246 886 2286 in
906 2249 1069 2298 legem
1088 2250 1273 2289 cadere
1293 2261 1390 2289 non

113 2301 308 2343 debeat.
350 2303 561 2344 Primum
591 2304 801 2345 omnium
830 2314 949 2353 pars
977 2304 1164 2354 optima
1191 2305 1389 2346 benefi-
