1624 2626
251 184 317 225 nn
335 181 776 232 TRAnomLmrATE
794 180 955 220 Amm.
983 186 1096 221 3—5.
1233 180 1312 223 179

31 294 114 328 est:
134 287 173 327 in
194 287 401 334 domibus,
421 286 460 324 in
482 285 749 335 spectaculis,
769 283 810 324 in
830 283 1026 324 conviviis
1046 283 1198 324 bonum
1217 297 1312 326 con-

31 344 299 391 tubernalem,
340 343 502 381 fidelem
536 341 729 389 amicum,
770 345 1057 390 temperantem
1099 342 1313 381 convivam

32 405 135 450 agat.
164 398 300 438 officia
315 398 416 437 civis
431 397 629 436 amiseritz
649 396 822 436 hominis
837 400 1037 435 exerceat.
1057 395 1150 437 ideo
1165 408 1312 447 magno
1331 403 1355 438 4

19 451 163 495 *animo
190 465 267 494 nos
294 465 374 492 non
403 454 524 493 unius
551 453 664 492 urbis
691 451 903 492 moenibus
931 451 1146 502 clusimus,
1176 454 1313 492 sedin

31 513 152 552 totius
193 510 302 550 orbis
335 509 620 549 commercium
662 508 868 547 emisimus
903 509 1155 557 patriamque
1192 509 1313 548 nobis

30 568 221 608 mundum
249 567 426 616 professi
447 577 607 613 sumus,
635 570 679 604 ut
696 565 834 603 liceret
852 564 1031 603 latiorem
1050 565 1185 604 virtuti
1206 576 1312 604 cam-

29 635 127 674 pum
156 624 265 662 dare.
305 623 560 671 praeclusum
587 621 655 660 tibi
682 618 856 659 tribunal
888 623 953 659 est
979 625 1019 659 et
1043 621 1187 660 rostris
1218 632 1311 670 pro-

29 680 181 719 hiberis
202 683 270 718 aut
289 679 480 718 comitiis:
512 677 670 724 respice
698 679 793 724 post
820 680 861 715 te
888 681 1079 725 quantum
1099 677 1312 716 latissima-

29 735 357 784 rum‘regionum
394 739 545 783 pateat,
581 736 772 781 quantum
803 733 1057 781 populorum.
1096 743 1315 782 numquam

34 792 89 830 ita
108 790 177 830 tibi
196 801 342 840 magna
360 801 455 839 pars
476 790 723 835 obstruetur,
743 792 788 826 ut
806 799 887 827 non
905 787 1035 828 maior
1051 789 1313 838 relinquatur.

33 847 113 886 Sed
133 847 247 894 vide,
276 857 328 884 ne
354 850 476 885 totum
496 843 603 882 istud
625 848 737 882 tuum
755 843 895 882 vitium
918 844 982 883 sit.
1022 855 1103 884 non
1123 845 1188 884 vis
1208 846 1313 883 enim
1333 854 1355 888 5

31 903 109 941 nisi
132 903 274 942 consul
294 906 361 940 aut
380 899 562 949 prytanis
577 904 647 938 aut
665 909 794 950 ceryx
812 904 882 939 aut
900 900 1014 939 sufes
1034 901 1315 939 administrare

30 959 327 1007 rempublicam.
366 955 470 1004 Quid
497 955 532 994 si
560 955 729 993 militare
760 955 865 995 nolis
893 955 970 994 nisi
997 956 1219 1005 imperator
1246 961 1316 996 aut

0 1040 3 1053 1
30 1015 240 1053 tribunus?
271 1011 426 1050 etiamsi
454 1010 522 1049 alii
541 1011 709 1059 primam
729 1012 899 1050 frontem
919 1012 1132 1060 tenebunt,
1162 1017 1201 1051 te
1222 1023 1314 1052 sors

0 1062 2 1076 ⁵
32 1071 134 1109 inter
151 1068 306 1108 triarios
323 1067 524 1116 posuerit,
544 1066 639 1104 inde
661 1076 778 1115 voce,
795 1066 1095 1114 adhortatione,
1112 1070 1314 1117 exemplo,

33 1126 161 1164 animo
188 1123 331 1162 milita:
364 1122 563 1172 praecisis
590 1132 756 1171 quoque
781 1121 967 1161 manibus
994 1122 1061 1161 ille
1088 1123 1129 1162 in
1156 1124 1313 1173 proelio

17 1181 196 1227 ¹invenit,
225 1178 336 1228 quod
366 1178 547 1227 partibus
572 1178 771 1226 conserat,
802 1178 871 1227 qui
899 1183 980 1218 stat
1004 1183 1136 1218 tamen
1167 1184 1207 1218 et
1232 1180 1311 1218 cla-

29 1247 139 1276 more
157 1235 277 1274 iuvat.
316 1235 411 1274 Tale
431 1234 622 1283 quiddam
642 1234 788 1272 facias:
816 1234 851 1273 si
871 1245 896 1272 a
916 1235 1044 1283 prima
1061 1240 1102 1274 te
1122 1235 1312 1285 reipubli-
1331 1242 1353 1277 6

31 1302 102 1331 cae
120 1295 235 1341 parte
254 1291 414 1330 fortuna
433 1289 700 1338 submoverit,
729 1294 814 1329 stes
843 1295 977 1329 tamen
999 1296 1040 1329 et
1058 1292 1235 1331 clamore
1253 1291 1312 1330 iu-

29 1358 102 1386 ves
121 1352 189 1396 et,
206 1347 242 1386 si
263 1347 352 1396 quis
374 1347 513 1385 fauces
535 1346 804 1395 oppresserit,
834 1351 917 1385 stes
935 1350 1068 1385 tamen
1092 1352 1132 1387 et
1150 1347 1311 1388 silentio

30 1403 156 1442 iuves.
192 1403 416 1458 Numquam
443 1401 592 1441 inutilis
623 1407 686 1441 est
712 1412 840 1451 opera
866 1402 968 1441 civis
997 1403 1118 1442 boni..
1151 1403 1312 1443 auditus

32 1462 95 1498 est
120 1458 336 1508 visusque:
375 1459 504 1506 voltu,
532 1462 654 1506 nutu,
681 1457 952 1497 obstinatione
978 1459 1100 1498 tacita
1127 1459 1311 1499 incessu-

32 1524 111 1564 que
138 1513 228 1563 ipso
258 1514 438 1563 prodest.
486 1514 540 1553 Ut
566 1513 776 1561 salutaria,
807 1525 912 1563 quae
940 1515 1040 1553 c'rtra
1066 1522 1227 1564 gustum
1253 1521 1311 1555 ta·
1333 1526 1353 1561 7

33 1575 222 1619 etumque
249 1570 375 1609 odore
402 1569 638 1618 proficiunt,
667 1570 721 1609 ita
745 1570 873 1609 virtus
893 1570 1099 1610 utilitatem
1121 1573 1239 1611 etiam
1261 1582 1313 1611 ex

31 1626 252 1675 longinquo
271 1630 310 1664 et
333 1627 461 1664 latens
482 1626 628 1674 fundit,
657 1625 746 1665 sive
764 1627 959 1675 spatiatur
978 1631 1018 1665 et
1036 1637 1082 1666 se
1098 1629 1218 1667 utitur
1236 1639 1311 1667 suo

30 1682 137 1730 iure,
159 1681 246 1720 sive
267 1679 473 1730 precarios
492 1680 613 1719 habet
630 1691 827 1722 excessus
850 1682 1087 1732 cogiturque
1105 1686 1197 1722 vela
1215 1694 1311 1723 con-

32 1737 208 1783 trahere,
235 1737 321 1776 sive
342 1735 474 1776 otiosa
490 1742 679 1785 mutaque
698 1742 761 1776 est
781 1743 820 1777 et
838 1744 1009 1787 angusto
1030 1739 1311 1789 circumsepta,

34 1793 120 1832 sive
137 1793 348 1842 adaperta:
377 1793 417 1830 in
447 1793 702 1841 quocumque
719 1792 857 1832 habitu
883 1798 964 1840 est,
994 1794 1135 1843 prosit.
1189 1796 1314 1845 quid?

34 1855 76 1888 tu
95 1859 234 1898 parum
254 1849 350 1887 utile
371 1853 488 1896 putas
508 1850 734 1897 exemplum
753 1849 858 1888 bene
877 1851 1152 1899 quiescentis?
1175 1851 1313 1900 Longe
1332 1857 1356 1892 8

35 1905 170 1953 itaque
191 1905 384 1953 optimum
411 1908 474 1942 est
492 1904 663 1942 miscere
681 1903 803 1943 otium
821 1905 964 1953 rebus,
995 1908 1183 1954 quotiens
1203 1913 1311 1946 actu-

37 1971 111 2000 osa
135 1961 216 1999 vita
243 1959 523 2009 inpedimentis
551 1959 720 1999 fortuitis
758 1965 826 1999 aut
863 1962 1033 2000 civitatis
1073 1962 1313 2001 condicione

36 2015 320 2066 prohibebitur.
365 2026 582 2064 numquam
610 2016 714 2053 enim
739 2026 871 2065 usque
898 2027 947 2056 eo
974 2016 1192 2057 interclusa
1219 2024 1313 2058 sunt

39 2072 188 2119 omnia,
207 2077 252 2111 ut
270 2071 366 2110 nulli
385 2071 533 2110 actioni
552 2072 666 2110 locus
685 2071 882 2110 honestae
901 2074 964 2111 sit.

118 2129 170 2166 V.
198 2127 399 2176 Numquid
425 2132 544 2176 potes
563 2127 744 2165 invenire
766 2127 903 2166 urbem
922 2128 1174 2167 miseriorem
1190 2140 1309 2178 quam
1333 2137 1350 2170 1

37 2183 339 2222 Atheniensium
355 2183 444 2231 fuit,
466 2182 678 2222 cuminam
697 2182 856 2231 triginta
873 2183 1032 2234 tyranni
1052 2184 1311 2226 divellerent?

40 2239 144 2278 mille
161 2243 362 2278 trecentos
381 2239 509 2286 cives,
539 2239 731 2287 optimum
761 2249 962 2287 quemque
987 2239 1216 2280 occiderant
1233 2252 1309 2280 nec

41 2294 161 2333 finem
186 2295 280 2347 ideo
307 2295 528 2343 faciebant,
559 2295 633 2333 sed
660 2293 846 2333 inritabat
871 2304 917 2333 se
943 2295 1035 2343 ipsa
1052 2296 1230 2336 saevitia.
1269 2298 1308 2335 in

45 2360 124 2398 qua
141 2351 296 2391 civitate
315 2355 400 2389 erat
417 2351 549 2390 Areos
569 2361 718 2400 pagos,
745 2349 1090 2399 religiosissimum
1108 2352 1308 2406 iudicium,

967 2407 1040 2446 12*
