1624 2626
324 192 404 234 279.
694 191 739 229 L.
765 188 956 228 ANNAEI
982 188 1207 228 SENECAE

323 291 537 339 doquidem
561 289 677 328 divus
697 288 881 327 Claudius
901 287 1047 327 occidit
1066 294 1247 327 socerum
1268 297 1383 326 suum
1402 285 1577 335 Appium

323 347 509 391 Silanum,
530 354 701 392 generos
717 344 831 389 duos,
849 342 1036 390 Magnum
1046 342 1275 391 Pompeium
1285 346 1323 380 et
1332 342 1376 380 L.
1388 341 1575 389 Silanum,

321 411 504 439 socerum
524 398 629 437 filiae
651 408 748 437 suae
768 398 974 444 Crassum,
1008 396 1111 445 ffugi
1128 397 1348 443 hominem,
1374 401 1452 435 tam
1471 396 1576 435 simi-

320 457 397 493 lem
418 455 493 493 sibi
515 464 632 502 quam
653 463 730 492 ovo
747 463 886 499 ovum,
906 451 1152 491 Scriboniam
1171 461 1328 490 socrum
1349 450 1453 489 filiae
1467 461 1575 496 suae,

319 520 484 548 uxorem
512 518 624 547 suam
651 506 906 546 Messalinam
932 510 972 545 et
996 511 1171 554 ceteros,
1204 516 1370 554 quorum
1389 515 1575 543 numerus

319 564 407 602 iniri
430 574 508 602 non
534 563 678 611 potuit:
715 563 844 610 placet
869 560 962 599 mihi
987 561 1027 600 in
1050 571 1139 599 eum
1162 570 1303 600 severe
1322 559 1576 598 animadverti

320 629 394 657 nec
426 618 482 657 illi
512 628 643 655 rerum
676 615 975 655 iudicandarum
1011 615 1256 654 vacationem
1293 614 1377 652 dari
1406 623 1576 662 eumque

321 671 610 722 quamprimum
640 671 839 719 exportari
862 674 901 708 et
926 671 1038 709 coelo
1060 670 1161 709 intra
1178 669 1334 716 triginta
1354 667 1439 706 dies
1459 678 1574 706 exce-

282 735 304 770 6
319 728 434 775 dere,
463 727 633 777 Olympo
650 726 751 765 intra
770 725 873 763 diem
891 725 1085 764 tertium.“
1119 724 1289 762 Pedibus
1309 723 1347 760 in
1366 722 1466 761 hanc
1485 732 1573 761 sen-

317 783 476 821 tentiam
494 782 588 819 itum
608 786 681 819 est.
707 781 790 819 Nec
807 791 938 827 mora,
961 779 1160 830 Cyllenius
1179 778 1287 817 illum
1302 777 1401 816 collo
1418 777 1572 816 obtorto

317 837 435 876 trahit
454 836 506 875 ad
524 836 688 883 inferos,
1303 881 1305 884 ι

559 892 653 929 illuc
670 891 772 929 unde
791 894 935 938 neqant
950 889 1082 928 redire
1099 897 1334 937 quemquam.

279 954 295 986 1
396 945 479 983 ΧΙΙ.
506 945 609 984 Dum
636 945 884 983 descendunt
910 954 983 992 per
1009 943 1113 982 viam
1147 951 1318 988 sacram,
1362 940 1573 988 interrogat

317 999 556 1047 Mercurius,
587 999 683 1048 quid
702 999 777 1038 sibi
795 999 890 1038 velit
911 997 976 1037 ille
996 1007 1214 1037 concursus
1233 995 1453 1042 hominum,
1479 1005 1572 1033 num

318 1053 470 1092 Claudii
500 1055 618 1093 funus
646 1057 781 1093 esset?
818 1054 868 1092 Et
893 1057 978 1091 crat
997 1053 1168 1091 omnium
1188 1049 1515 1089 formosissimum
1534 1054 1573 1088 et

318 1108 486 1156 inpensa
513 1118 627 1156 cura,
665 1110 783 1157 plane
808 1113 853 1150 ut
878 1107 1003 1146 scires
1032 1108 1148 1145 deum
1173 1105 1324 1143 efferri:
1359 1104 1571 1151 tibicinum,

319 1162 580 1211 cornIcinum‚
612 1164 740 1202 omnis
759 1163 916 1211 generis
935 1165 1182 1201 aeneatorum
1201 1164 1308 1198 tanta
1325 1160 1458 1206 turba,
1487 1164 1570 1197 tan-

281 1226 302 1259 2
316 1223 380 1256 tus
401 1222 639 1266 concentus,
669 1223 711 1257 ut
731 1217 847 1256 etiam
867 1216 1051 1256 Claudius
1072 1214 1208 1252 audire
1228 1219 1379 1262 posset.
1428 1213 1571 1252 Omnes

316 1272 427 1319 laeti,
464 1272 623 1311 hilares.
673 1273 846 1321 populus
877 1272 1078 1310 Romanus
1112 1268 1336 1307 ambulabat
1373 1273 1571 1316 tamquam

314 1326 433 1364 liber:
462 1326 619 1375 Agatho
641 1332 680 1366 et
698 1326 815 1375 pauci
835 1324 1022 1365 causidici
1041 1323 1266 1372 plorabant,
1295 1322 1367 1360 sed
1385 1324 1503 1370 plane
1522 1332 1572 1360 ex

316 1381 458 1420 animo.
486 1381 760 1420 Iurisconsulti
780 1392 802 1420 e
820 1380 990 1420 tenebris
1004 1378 1290 1427 procedebant,
1310 1377 1463 1426 pallidi,
1484 1387 1572 1424 gra-

316 1436 432 1482 ciles,
465 1436 531 1475 vix
557 1436 728 1475 animani
754 1436 962 1481 habentes,
991 1438 1191 1482 tamquam
1221 1431 1288 1480 qui
1313 1431 1572 1470 cummaxime

315 1490 611 1530 rev1viscerent.
652 1491 714 1529 Ex
732 1490 794 1529 his
813 1500 915 1530 unus
936 1499 1024 1528 cum
1040 1488 1206 1526 vidisset
1221 1487 1351 1535 capita
1366 1487 1571 1525 conferen-

315 1549 375 1582 tes
402 1550 441 1584 et
467 1546 646 1584 fortunas
674 1556 769 1584 suas
798 1545 1048 1594 deplorantes
1076 1542 1320 1589 causidicos,
1353 1540 1508 1580 accedit
1534 1545 1573 1578 et

316 1599 393 1637 ait:
440 1599 647 1647 „dicebam
677 1600 820 1647 vobis,
863 1609 944 1638 non
977 1607 1134 1646 semper
1168 1596 1388 1636 Saturnalia
1420 1597 1572 1634 erunt.“

316 1653 502 1693 Claudius
538 1659 582 1693 ut
616 1654 716 1694 vidit
748 1655 865 1693 funus
899 1665 1038 1701 suum,
1082 1651 1270 1691 intellexit
1302 1661 1347 1689 se
1378 1655 1572 1689 mortuum

315 1718 421 1747 esse.
458 1709 606 1757 ingenti
629 1709 731 1747 enim
758 1708 1044 1761 μεγαληγορίᾳ
1071 1707 1213 1746 naenia
1232 1705 1460 1744 cantabatur
1478 1715 1570 1743 ana-

315 1763 484 1810 paestis=

421 1818 590 1858 Fundite
604 1820 728 1866 fletus,
935 1855 937 1857 .
1063 1818 1138 1856 Ille
1155 1818 1268 1855 citato

423 1874 537 1911 Edite
556 1875 748 1921 planctus,
1073 1873 1233 1912 Vincere
1249 1880 1366 1908 cursu

424 1929 594 1975 [Finqite
611 1930 760 1976 luetus‚]
1062 1928 1218 1966 Poterat
1232 1925 1383 1969 celeres,

422 1982 584 2021 Resonet
603 1985 701 2021 tristi
1062 1982 1136 2020 Ille
1151 1980 1308 2018 rebelles

396 2055 410 2075 ⁵
429 2037 601 2076 Clamore
615 2037 769 2084 forum:
1023 2055 1051 2077 ιε,
1065 2035 1243 2076 Fundere
1261 2033 1425 2072 Parthos

426 2092 570 2130 Cecidit
579 2093 745 2141 pulchre
1019 2121 1021 2123 .
1061 2090 1291 2136 Levibusque
1308 2089 1416 2136 sequi

425 2146 612 2185 cordatus
629 2148 747 2195 homo,
1061 2145 1223 2184 Persida
1241 2145 1323 2182 telis

428 2200 506 2244 Quo
523 2212 599 2239 non
618 2203 718 2241 alius
1063 2199 1248 2246 Certaque
1265 2207 1383 2236 manu

425 2254 518 2292 Fuit
536 2257 576 2294 in
595 2261 667 2294 toto
965 2286 966 2289 η
1002 2281 1005 2283 -
1066 2253 1236 2293 Tendere
1253 2262 1423 2298 nervum,

385 2323 413 2346 ιο
427 2308 578 2347 Fortior
593 2311 693 2350 orbe.
940 2315 950 2359 ι’
1019 2326 1049 2349 zo
1065 2308 1139 2354 Qui
1148 2309 1380 2357 praecipites
