1624 2626
323 175 404 217 274
689 172 732 209 L.
758 170 946 209 ΑΝΝΑΕΙ
977 170 1201 208 SENECAE

322 284 411 312 nem
440 272 590 319 nigrum
619 271 821 317 villosum,
855 279 951 307 sane
977 279 1055 307 non
1084 278 1199 316 quem
1227 266 1325 306 velis
1353 265 1421 306 tibi
1447 267 1485 305 in
1512 272 1566 305 te-

289 333 311 366 4
325 326 456 365 nebris
483 336 702 364 occurrere.
739 329 778 362 et
800 334 939 371 magna
956 333 1054 362 voce
1073 321 1283 370 „Claudius
1305 325 1483 368 [Caesar],
1510 321 1565 359 in—

326 381 427 430 quit,
460 380 589 418 venit?
582 384 603 400 “
650 384 688 417 et
721 383 816 426 [ecce
842 381 1027 425 extemplo]
1056 387 1143 415 cum
1175 377 1319 424 plausu
1351 376 1569 424 procedunt

326 440 547 474 cantantes:
572 427 842 485 Εὑρήκαμεν,
864 432 1167 482 συγχαίρωμεν.
1214 430 1286 467 Hic
1301 435 1384 468 erat
1399 430 1438 467 C.
1451 430 1567 468 Silius

327 491 414 528 Cos.
431 490 678 536 desig-,natus
707 487 840 525 Iunius
862 486 1094 533 praetorius,
1117 484 1208 523 Sex.
1223 484 1399 531 Traulus,
1418 484 1469 521 Μ.
1479 485 1566 521 Hel-

324 545 410 582 vius
437 544 608 591 Trogus,
645 543 778 588 Cotta,
811 540 965 579 Vettius
997 540 1170 585 Valens,
1203 538 1348 576 Fabius
1365 568 1374 585 ,
1415 538 1568 599 equites

323 600 434 637 Rom.
465 608 565 645 quos
592 597 801 634 Narcissus
827 595 917 633 duci
943 594 1123 632 iusserat.
1164 593 1317 630 medius
1338 598 1420 630 erat
1439 593 1476 630 in
1495 593 1568 629 hac

325 652 559 690 cantantium
587 652 699 689 turba
723 650 896 687 Mnester
923 648 1208 697 pantomimuS‚
1245 657 1360 694 quem
1386 647 1569 684 Claudius

289 716 310 748 5
326 707 479 744 decoris
501 716 622 744 causa
646 706 836 743 minorem
855 704 1011 741 fecerat.
1059 702 1120 739 Ad
1139 701 1390 738 Messalinam
1410 701 1485 739 cito
1506 711 1569 738 ru-

326 772 410 799 mor
431 759 651 808 percrebuit
670 758 869 797 Claudium
888 757 1059 795 venisse.
1094 756 1302 793 convolant
1323 754 1432 802 primi
1449 755 1569 793 omni-

325 827 390 853 um
404 815 530 852 liberti
544 813 752 864 Polybius,
773 813 937 862 Myron,
955 812 1193 858 Harpocras,
1214 810 1454 857 Amphaeus‚
1474 809 1570 846 Phe-

316 874 530 916 ,l'OnacteQ
565 872 722 915 [Posides
749 872 848 904 hasta
873 881 959 913 pura
985 868 1155 911 insignis,
1191 867 1294 900 Felix
1320 879 1393 900 cum
1419 867 1579 900 Pallante

326 927 470 969 fratre,]
507 934 607 971 quos
637 922 819 960 Claudius
850 931 1007 966 omnes,
1046 919 1187 957 necubi
1219 918 1420 966 inparatus
1454 923 1571 963 esset,

325 978 592 1027 praemiserat.
623 977 765 1015 deinde
779 974 973 1036 praesecti—
983 975 1072 1020 duo,
1093 974 1223 1011 Iustus
1242 973 1423 1011 Catonius
1443 977 1480 1010 et
1494 973 1571 1010 Ru

326 1034 390 1070 fus
409 1032 584 1078 Pompeii
602 1031 664 1077 F.,
695 1031 838 1068 deinde
864 1028 993 1075 amici,
1023 1027 1230 1066 Saturnius
1248 1027 1390 1065 Lusius
1410 1031 1448 1065 et
1467 1026 1572 1063 Pedo

325 1087 538 1133 Pompeius
559 1090 596 1123 et
613 1085 746 1132 Lupus
768 1088 806 1121 et
825 1084 934 1121 Celer
951 1082 1133 1127 Asinius,
1163 1082 1405 1120 consulares.
1441 1080 1573 1118 novis·

329 1141 427 1179 sime
456 1139 582 1177 tranis
611 1139 708 1185 filia,
746 1137 896 1176 sororis
922 1136 1021 1182 filia,
1055 1136 1208 1183 generi,
1240 1136 1388 1182 soceri,
1421 1145 1572 1178 socrus,

331 1204 466 1233 omnes
496 1195 610 1241 plane
639 1191 938 1239 consanguinei,
968 1195 1006 1227 et
1032 1189 1184 1237 agmine
1205 1191 1306 1228 sacto
1328 1188 1487 1227 Claudio
1510 1199 1573 1225 oc-

293 1258 314 1292 6
331 1253 499 1287 currunt
534 1248 641 1294 Quos
660 1258 748 1288 cum
765 1246 928 1284 vidisset
944 1245 1137 1291 Claudius,
1159 1245 1368 1282 exclamat:
1397 1238 1575 1292 „Hoc'vw

329 1303 469 1353 φίλων
493 1297 643 1353 πλήρη
688 1300 887 1348 quomodo
908 1309 980 1337 vos
999 1299 1074 1336 huc
1097 1297 1316 1337 venistis‘?“
1359 1298 1455 1336 Tum
1469 1297 1574 1334 Pedo

328 1357 559 1404 Pompeius.
601 1355 728 1402 „Quid
755 1354 879 1402 dicis,
913 1354 1030 1391 horno
1065 1353 1365 1390 crudelissime?
1406 1351 1575 1400 quaeris,

332 1411 561 1472 quomodo?
587 1410 676 1458 quis
696 1410 798 1447 enim
818 1384 891 1446 n0⁷s
910 1408 1008 1446 alius
1028 1407 1105 1445 huc
1125 1407 1229 1445 misit
1248 1417 1364 1454 quam
1386 1410 1435 1452 tu,
1458 1405 1578 1444 omni-

331 1477 397 1505 um
425 1465 637 1503 amicorum
664 1464 915 1503 interfector?
957 1463 999 1499 In
1026 1461 1088 1500 ius
1117 1471 1273 1499 eamus·
1318 1470 1392 1507 ego
1420 1459 1490 1498 tibi
1515 1459 1578 1497 hic

333 1521 452 1559 sellas
473 1519 716 1558 ostendam.“

297 1582 315 1614 1
411 1575 513 1612 XIV.
542 1573 656 1612 Ducit
674 1573 780 1610 illum
800 1572 851 1610 ad
870 1571 1038 1610 tribunal
1056 1570 1196 1608 Aeaci:
1226 1570 1260 1607 is
1280 1570 1368 1617 lege
1390 1569 1579 1614 Cornelia,

335 1639 435 1678 quae
451 1629 500 1666 de
517 1638 668 1666 SlcarllS
684 1628 761 1664 lata
772 1631 850 1672 est,
871 1626 1095 1674 quaerebat.
1125 1625 1315 1687 postulat,
1336 1633 1476 1661 nomen
1494 1623 1528 1659 ei
1534 1633 1578 1660 us

333 1683 515 1731 recipiat,
554 1682 634 1719 edit
669 1680 1018 1728 subscriptionem·
1056 1680 1213 1718 occisos
1239 1683 1444 1716 senatores
1463 1677 1579 1723 XXX,

334 1738 487 1786 equites
501 1737 546 1774 R.
559 1736 627 1774 CC.
639 1741 792 1774 ceteros
804 1735 960 1773 CCXXI.
971 1733 990 1758 *
1018 1729 1099 1774 ὅσοι
1114 1727 1317 1784 ψάμαθός
1330 1744 1375 1770 τε
1390 1727 1511 1776 κόνις
1524 1743 1581 1769 τε.

298 1800 318 1832 2
335 1791 566 1840 [Exterritus
588 1790 772 1828 Claudius
795 1791 933 1828 oculos
956 1789 1230 1835 undecumque
1252 1787 1488 1830 circumfert,
1512 1795 1580 1822 ve-

335 1847 452 1895 stIgat
469 1846 638 1894 aliquem
659 1850 884 1893 patronum,
908 1844 973 1892 qui
994 1854 1038 1881 se
1054 1842 1307 1886 defenderet]
1335 1841 1582 1878 Advocatum
1621 1888 1624 1890 v

334 1912 413 1940 non
444 1899 603 1938 invenit.
645 1899 801 1938 tandem
829 1899 1006 1946 procedit
1030 1898 1071 1935 P.
1091 1895 1313 1942 Petronius,
1347 1899 1461 1933 vetus
1489 1903 1581 1931 con-
1622 1907 1624 1910 ¹

334 1956 461 1993 victor
485 1955 591 2000 eius,
615 1953 734 1992 homo
757 1954 969 1992 Claudiana
986 1953 1116 1999 lingua
1134 1950 1324 1995 disertus,
1351 1953 1390 1987 et
1410 1949 1583 1996 postulat

337 2010 647 2048 advocationem.
670 2018 747 2046 non
759 2008 882 2046 datur.
914 2011 1075 2045 accusat
1091 2004 1195 2042 Pedo
1205 2003 1414 2051 Pompeius
1429 2002 1581 2048 magnis

338 2064 587 2102 clamoribus.
623 2062 759 2110 incipit
784 2067 973 2110 patronus
993 2061 1093 2099 velle
1110 2058 1364 2106 respondere.
1410 2057 1581 2101 Aeacus,

337 2118 453 2156 homo
483 2116 741 2163 iustissimus,
769 2121 874 2156 vetat
893 2121 930 2154 et
953 2115 1058 2153 illum
1077 2115 1196 2151 altera
1215 2115 1361 2150 tantum
1384 2116 1492 2159 parte
1514 2120 1582 2147 au-

339 2173 419 2210 dita
438 2173 672 2211 condemnat
691 2176 729 2210 et
753 2171 823 2209 ait.
859 2171 963 2210 Εἴκε
984 2164 1119 2208 πάθοι
1136 2161 1187 2206 τά
1208 2159 1240 2204 κ’
1267 2164 1399 2215 ἔρεξε,
1429 2163 1524 2214 δίκη
1546 2157 1581 2201 κ’

302 2226 452 2267 δίθεῑοι
481 2224 657 2276 γένοιτο
701 2227 845 2274 Ingens
873 2223 1064 2263 silentium
1090 2221 1232 2259 sactum
1260 2225 1332 2258 est.
1374 2219 1584 2267 stupebant

342 2291 478 2319 omnes
494 2280 662 2319 novitate
677 2279 923 2320 reiadtoniti·
945 2275 1222 2325 negabanthoc
1232 2284 1452 2323 umquam
1426 2275 1580 2312 factum.
