1624 2626
146 184 216 224 AD
231 181 488 223 POLYBIUM
503 181 568 221 DE
586 179 980 221 CONSOLATIONE.
996 185 1106 221 7—9.
1126 183 1212 228 [272]
1250 177 1330 219 225

62 284 246 325 omnibus
279 287 320 322 et
350 282 402 322 de
427 282 505 322 illis
530 281 729 330 meruisti,
765 290 867 331 quos
884 282 1076 332 pluribus
1101 286 1220 321 notos
1239 291 1333 320 esse

60 340 222 381 voluisti
249 349 371 388 quam
389 339 653 388 scripserant,
684 339 847 377 multum
866 342 998 378 tecum
1017 343 1230 377 morentur.
1273 341 1334 376 tu-

62 401 143 436 tum
162 395 204 434 id
223 395 305 434 exit
319 405 436 434 omne
449 398 619 443 tempus,
640 394 748 443 quod
767 393 844 433 illis
862 394 1053 433 tuendum
1073 393 1334 433 commiseris.

60 457 156 492 tunc
176 450 358 490 Caesaris
382 449 438 489 tui
467 460 613 501 opera,
640 455 684 489 ut
703 459 777 499 per
803 450 935 489 omnia
952 451 1092 489 secula
1111 448 1334 489 domestico

62 510 270 546 narrentur
289 506 527 555 praeconio,
549 510 738 554 quantum
760 510 888 554 potes,
907 515 1106 554 conpone.
1134 515 1226 543 nam
1245 505 1335 553 ipse

62 562 134 602 tibi
153 561 301 611 optime
323 561 518 601 formandi
538 559 820 610 condendique
837 571 904 600 res
923 566 1060 610 gestas
1077 566 1116 599 et
1129 560 1335 599 materiam

63 617 174 658 dabit
192 621 233 656 et
249 618 488 666 exemplum.
528 620 615 664 [27.]
643 617 730 655 Non
750 617 880 656 audeo
900 621 940 655 te
961 627 1094 666 usque
1117 627 1165 656 eo
1189 616 1335 665 produ·
1351 620 1374 654 3

65 683 169 722 cere,
188 678 232 712 ut
246 672 417 711 fabellas
439 683 601 722 quoque
621 677 659 711 et
678 676 893 720 Aesopeos
914 674 1042 721 logos,
1063 673 1337 721 intemptatum

63 729 256 768 Romanis
282 727 454 777 ingeniis
485 738 610 777 opus,
641 729 758 766 solita
785 727 855 766 tibi
878 732 1087 767 venustate
1107 732 1337 767 connectas.

66 784 228 823 difficile
255 788 317 823 est
344 783 526 832 quidem,
554 788 598 822 ut
625 783 675 822 ad
695 783 796 822 haec
814 783 1000 822 hilariora
1022 783 1153 823 studia
1172 788 1251 822 tam
1270 793 1340 821 ve-

65 841 270 879 hementer
286 839 498 888 perculsus
517 839 671 878 animus
691 844 773 878 tam
791 839 869 878 cito
886 839 1017 888 possit
1032 840 1245 878 accedere:
1261 838 1340 877 hoc

66 902 198 935 tamen
221 899 496 944 argumentum
525 895 670 933 habeto
698 894 777 933 iam
805 895 1060 935 conroborati
1087 895 1174 933 eius
1195 899 1233 933 et
1249 894 1339 932 red-

54 950 140 999 ,diti
170 950 263 998 sibi,
295 951 331 988 si
357 950 502 999 poterit
527 961 551 989 a
571 950 843 989 severioribus
863 950 1024 1000 scriptis
1042 951 1095 989 ad
1112 950 1212 989 haec
1232 950 1340 989 solu-

67 1007 170 1046 tiora
195 1006 430 1055 procedere.
472 1006 512 1044 in
538 1005 616 1044 illis
644 1006 747 1044 enim
777 1007 960 1054 quamvis
980 1017 1144 1055 aegrum
1163 1016 1254 1044 eum
1274 1006 1341 1044 ad-
1357 1011 1379 1044 4

69 1062 148 1101 huc
187 1067 227 1100 et
244 1071 382 1100 seeum
420 1061 680 1100 reluctantem
715 1060 901 1101 avocabit
930 1062 1022 1110 ipsa
1054 1072 1206 1109 rerum,
1240 1071 1342 1110 quas

70 1117 269 1164 tractabit,
298 1116 530 1156 austeritas:
558 1116 659 1155 haec
683 1127 787 1166 quae
804 1117 975 1156 remissa
994 1118 1124 1157 fronte
1143 1126 1343 1155 commen-

69 1173 191 1212 tanda
219 1177 330 1220 sunt,
357 1183 438 1211 non
467 1173 591 1219 seret‚.
611 1171 690 1211 nisi
718 1183 807 1211 cum
835 1172 914 1211 iam
937 1173 1014 1212 sibi
1033 1173 1083 1212 ab
1103 1173 1210 1212 omni
1232 1177 1344 1220 parte

71 1228 302 1268 eonstiterit.
329 1227 465 1277 itaque
485 1228 650 1267 debebis
667 1239 758 1267 eum
775 1227 980 1268 severiore
994 1229 1160 1268 materia
1174 1228 1345 1278 primum

72 1293 280 1329 exercere,
312 1283 458 1322 deinde
475 1283 663 1323 hilariore
682 1289 918 1333 temperare.

152 1338 219 1377 IX.
245 1339 375 1378 Illud
396 1350 597 1388 quoque
617 1350 792 1388 magno
813 1340 906 1379 tibi
926 1339 1022 1379 erit
1041 1340 1345 1387 levamento,
1365 1349 1383 1382 1

74 1394 119 1434 si
159 1404 319 1444 saepe
355 1398 403 1433 te
447 1395 567 1445 [sic]
604 1396 1033 1444 interrogaveris:
1078 1396 1347 1443 „Utrumne

75 1460 181 1489 meo
218 1451 419 1490 nomine
455 1451 606 1490 doleo
647 1462 703 1490 an
740 1449 870 1490 eius*
892 1451 976 1500 qui
1011 1451 1272 1489 decessit?
1313 1450 1347 1488 si

76 1515 185 1551 meo,
221 1505 322 1554 perit
347 1507 489 1557 [meae]
514 1506 783 1554 indulgentiae
811 1506 969 1546 iactatio
999 1513 1038 1546 et
1066 1505 1204 1555 incipit
1232 1506 1349 1544 dolor

76 1562 154 1600 hoc
172 1571 253 1599 uno
272 1565 508 1609 excusatus,
529 1563 638 1611 quod
658 1562 850 1601 honestus
869 1567 950 1611 est,
971 1572 1060 1600 cum
1076 1562 1127 1600 ad
1144 1560 1349 1600 utilitatem

76 1615 286 1665 respiciat,
315 1627 340 1654 a
367 1616 512 1664 pietate
534 1618 776 1656 desciscere.
818 1618 915 1657 nihil
936 1622 1067 1657 autem
1090 1618 1220 1656 minus
1241 1617 1348 1656 bono

79 1672 164 1711 viro
192 1671 380 1711 convenit
405 1683 524 1720 quam
549 1670 588 1710 in
615 1673 747 1711 fratris
768 1675 875 1712 luctu
897 1674 1074 1713 calculos
1095 1683 1258 1722 ponere.
1307 1671 1350 1710 Si
1365 1678 1387 1711 2

78 1726 185 1766 illius
203 1726 364 1765 nomine
380 1727 518 1775 doleo,
540 1738 710 1766 neeesse
725 1733 788 1767 est
802 1730 1027 1768 alterutrum
1045 1739 1094 1768 ex
1110 1729 1173 1768 his
1189 1728 1349 1767 duobus

80 1793 173 1822 esse
202 1782 392 1821 iudicem:
429 1793 521 1820 nam
544 1783 578 1822 si
606 1785 738 1823 nullus
766 1781 962 1823 defunctis
985 1794 1131 1823 sensus
1152 1787 1351 1832 superest,

81 1837 210 1877 evasit
231 1839 366 1877 omnia
384 1838 506 1876 frater
531 1848 644 1877 meus
662 1839 768 1878 vitae
789 1838 1043 1879 incommoda
1062 1845 1101 1879 et
1120 1839 1159 1878 in
1181 1850 1271 1878 eum
1288 1849 1352 1887 re-

82 1894 241 1933 stitutus
270 1897 333 1932 est
363 1895 517 1941 locum,
553 1894 593 1932 in
623 1905 702 1942 quo
730 1895 859 1934 fuerat
874 1900 1086 1944 antequam
1108 1899 1352 1941 nasceretur,

84 1954 123 1988 et
136 1959 284 1998 expers
303 1950 432 1988 omnis
447 1949 537 1987 mali
555 1949 652 1987 nihil
667 1950 795 1996 timet,
818 1950 912 1989 nihil
929 1952 1056 2000 cupit,
1076 1951 1171 1989 nihil
1189 1950 1350 1999 patitur:

85 2005 176 2054 quis
201 2005 277 2043 iste
298 2006 409 2044 furor
430 2010 493 2044 est
514 2016 587 2053 pro
610 2015 660 2044 eo
678 2015 743 2043 me
763 2017 977 2055 numquam
999 2007 1135 2045 dolere
1154 2006 1351 2053 desinere,

86 2060 156 2109 qui
166 2070 382 2109 numquam
391 2061 587 2099 doliturus
597 2065 686 2099 est?
706 2060 746 2099 Si
760 2066 822 2100 est
830 2061 974 2110 aliquis
984 2061 1183 2100 defunctis
1195 2071 1352 2109 sensus,
1367 2070 1391 2106 3

86 2126 192 2154 nunc
211 2115 366 2154 animus
387 2115 519 2155 fratris
535 2115 613 2154 mei
629 2116 736 2154 velut
750 2126 801 2154 ex
819 2116 970 2156 diutino
991 2127 1152 2156 carcere
1169 2116 1352 2164 emissus,

14 2180 17 2184 ’
85 2171 247 2210 tandem
272 2171 339 2210 sui
360 2171 456 2210 iuris
475 2176 516 2210 et
536 2171 702 2218 arbitrii,
732 2171 852 2220 gestit
872 2176 910 2210 et
925 2182 1056 2210 rerum
1078 2177 1240 2212 naturae
1261 2183 1353 2222 spe-

88 2227 242 2266 ctaculo
257 2225 398 2266 fruitur
414 2231 453 2266 et
465 2227 640 2266 humana
655 2227 787 2266 omnia
796 2237 847 2265 ex
856 2228 1064 2276 superiore
1074 2229 1162 2268 loco
1171 2227 1352 2277 despicit,

90 2281 223 2320 divina
244 2292 360 2330 vero,
378 2293 560 2330 -quorum
577 2284 769 2322 rationem
789 2282 937 2322 tamdiu
955 2284 1354 2334 frustravquaesierau

91 2336 256 2385 propius
274 2337 458 2378 intuetur.
490 2338 590 2386 Quid
606 2340 739 2388 itaque
755 2338 842 2378 eius
859 2338 1058 2379 desiderio
1074 2341 1266 2389 maceror,
1289 2340 1356 2389 qui

143 2405 275 2430 SENECA
292 2407 380 2430 prm..
401 2397 425 2431 I.
1047 2401 1089 2436 15
