1624 2626
313 162 391 203 122
584 169 626 206 L.
652 167 840 206 ANNAEI
868 167 1092 208 SENECAE
1119 170 1250 208 DIAL.
1269 171 1336 209 vl.

272 275 289 308 1
394 267 475 305 ΧΠ.
503 266 648 305 Dolor
675 271 802 314 tuus,
832 265 866 305 si
885 267 1004 306 modo
1021 268 1101 306 ulla
1119 268 1290 307 illi-ratio
1311 274 1382 316 est,
1402 275 1562 310 utrum

313 333 401 362 sua
421 326 619 370 spec-tat
643 321 955 360 incommoda
971 331 1029 360 an
1057 322 1167 362 eius
1200 324 1283 371 qui
1311 324 1564 364 decessit?

311 382 469 416 utrum
503 380 551 414 te
575 375 762 414 amisso
800 376 913 414 filio
938 381 1120 425 movet,
1158 378 1292 426 quod
1316 379 1478 418 nullas
1505 390 1563 418 ex

312 432 399 470 illo
421 431 713 479 voluptates
734 430 993 478 cepisses,
1020 441 1078 469 an
1100 433 1230 480 quod
1258 432 1491 481 maiores,
1521 435 1560 473 si

311 486 504 525 diutius
522 485 762 532 vixisset,
792 485 1059 533 percipere
1086 486 1329 534 potuisti?
1368 487 1410 525 Si
1435 489 1563 526 nullas

312 541 559 589 percepisse,
578 544 617 577 te
651 538 811 586 dixeris,
839 539 1080 578 tolerabilius
1113 541 1263 579 efficies
1293 541 1564 580 detrimentum

309 602 430 635 tuum.
468 595 597 633 minus
617 594 719 632 enim
738 593 916 632 homines
936 594 1166 634 desiderant
1182 606 1240 643 ea,
1273 606 1323 633 ex
1344 596 1485 644 quibus
1507 596 1563 634 ni-

309 650 362 688 hil
391 649 524 697 gaudii
563 648 811 697 laetitiaeque
846 654 1115 698 perceperant.
1169 650 1203 688 si
1231 651 1417 689 consessa
1442 651 1563 689 fueris

310 704 542 753 percepisse
557 713 720 750 magnas
737 704 974 751 voluptates,
993 707 1149 752 oportet
1168 709 1206 743 te
1225 715 1301 743 non
1322 705 1372 743 de
1389 715 1436 743 eo
1455 706 1564 754 quod

309 759 527 797 detractum
542 763 607 796 est
626 757 749 805 queri,
776 758 850 796 sed
870 758 920 795 de
937 767 987 796 eo
1006 758 1151 806 gratias
1169 763 1287 806 agere
1307 759 1414 807 quod
1441 761 1563 798 conti·

266 817 288 850 2
308 814 373 861 git.
411 816 679 861 provenerunt
705 811 808 850 enim
827 812 922 850 satis
942 812 1070 860 magni
1093 813 1242 851 fructus
1271 814 1449 852 laborum
1479 817 1563 853 tuo·

307 878 393 906 rum
413 878 462 905 ex
480 867 570 915 ipsa
580 866 825 912 educatione,
846 867 922 904 nisi
941 868 1041 906 forte
1059 866 1111 914 hi,
1137 867 1203 915 qui
1219 868 1369 906 catulos
1388 878 1564 917 avesque

307 927 345 961 et
364 922 504 960 frivola
529 921 748 960 animorum
777 921 1063 960 oblectamenta
1089 932 1241 960 summa
1268 922 1466 971 diligentia
1487 935 1562 961 nu-

307 978 436 1024 triunt,
457 977 636 1014 fruuntur
644 976 777 1023 aliqua
792 975 993 1024 voluptate
1003 986 1053 1014 ex
1068 975 1158 1015 visu
1176 981 1360 1025 tactuque
1369 982 1407 1015 et
1421 977 1565 1016 blanda

307 1031 747 1077 adulationemutorum‚
767 1029 915 1069 liberos
926 1031 1184 1070 nutrientibus
1205 1041 1284 1069 non
1300 1033 1449 1070 fructus
1463 1032 1564 1070 >edu-

308 1085 472 1124 cationis
501 1084 590 1133 ipsa
609 1084 790 1122 educatio
814 1088 889 1122 est.
927 1085 1016 1123 licet
1042 1084 1175 1133 itaque
1200 1086 1254 1123 nil
1281 1086 1348 1124 tibi
1374 1086 1566 1125 industria

307 1140 392 1179 eius
413 1139 631 1185 contulerit,
652 1138 745 1176 nihil
764 1138 964 1186 diligentia
983 1140 1223 1186 custodierit,
1243 1139 1336 1177 nihil
1357 1141 1565 1188 prudentia

307 1195 513 1245 sua[serit]‚
534 1193 665 1241 ipsum
685 1192 794 1241 quod
813 1193 995 1239 habuisti,
1018 1194 1124 1241 quod
1145 1194 1296 1240 amasti,
1316 1195 1466 1233 fructus
1486 1200 1560 1233 est.

264 1254 287 1289 3
305 1251 382 1298 „At
410 1248 535 1298 potuit
561 1247 715 1296 longior
740 1257 834 1285 esse
869 1248 1060 1297 [maior].“
1111 1248 1250 1286 melius
1277 1253 1409 1287 tamen
1434 1252 1564 1287 tecum

306 1309 435 1342 actum
452 1307 513 1341 est
529 1313 646 1351 quam
661 1303 696 1341 si
712 1302 871 1341 omnino
888 1313 965 1341 non
983 1302 1226 1350 contigisset,
1248 1302 1432 1351 quoniam
1441 1304 1476 1341 si
1493 1314 1562 1351 po·

306 1365 420 1397 natur
446 1358 605 1404 electio,
631 1362 763 1395 utrum
789 1357 914 1395 satius
940 1357 990 1396 sit
1016 1368 1094 1395 non
1123 1358 1190 1413 diu
1217 1357 1368 1395 felicem
1392 1368 1487 1396 esse
1513 1369 1562 1396 an

305 1420 532 1461 numquam,
557 1412 697 1450 melius
726 1416 788 1450 est
813 1412 1041 1450 discessura
1058 1411 1174 1450 nobis
1197 1411 1303 1450 bona
1322 1423 1439 1460 quam
1458 1413 1564 1450 nulla

306 1467 544 1515 contingere.
581 1467 770 1505 Utrumne
796 1467 933 1504 malles
962 1467 1196 1514 degenerem
1225 1466 1396 1514 aliquem
1423 1470 1462 1504 et
1494 1477 1563 1504 nu-

305 1533 456 1560 merum
488 1526 636 1560 tantum
671 1531 895 1568 nomenque
921 1521 990 1559 filii
1018 1522 1265 1569 expleturum
1298 1521 1487 1560 habuisse
1513 1532 1563 1560 an

305 1582 435 1616 tantae
462 1576 624 1623 indolis,
655 1579 824 1623 quantae
849 1580 940 1614 tuus
967 1575 1063 1613 fuit?
1099 1575 1251 1614 iuvenis
1280 1575 1355 1614 cito
1376 1576 1563 1624 prudens,

307 1632 382 1671 cito
405 1631 505 1679 pius,
527 1631 603 1669 cito
623 1630 800 1678 maritus,
821 1629 898 1668 cito
912 1633 1032 1678 pater,
1054 1630 1129 1668 cito
1147 1630 1274 1669 omnis
1295 1628 1415 1669 officii
1434 1630 1561 1668 curio-

265 1695 287 1729 4
306 1697 388 1734 suS,
417 1685 494 1724 cito
517 1685 719 1731 sacerdos,
749 1685 880 1723 omnia
906 1690 1102 1732 tamquam
1131 1695 1411 1733 praepropera.
1461 1685 1562 1722 Nulli

307 1742 388 1778 fere
410 1750 551 1788 magna
570 1740 676 1778 bona
703 1744 741 1778 et
759 1738 940 1777 diuturna
960 1740 1201 1787 contingunt.
1239 1749 1318 1777 non
1345 1739 1460 1777 durat
1486 1749 1561 1777 nec

306 1796 357 1833 ad
375 1794 549 1833 ultimum
569 1795 651 1832 exit
668 1793 744 1831 nisi
770 1794 874 1832 lenta
893 1793 1078 1832 felicitas:
1116 1794 1236 1832 filium
1262 1793 1330 1832 tibi
1351 1793 1392 1831 di
1419 1793 1562 1832 inmor—

305 1850 404 1888 tales
424 1849 591 1888 nondiu
610 1848 738 1887 daturi
757 1849 887 1887 statim
905 1850 1022 1887 talem
1042 1848 1245 1894 dederunt,
1271 1848 1398 1896 qualis
1420 1848 1487 1886 diu
1505 1847 1560 1887 ef-

307 1904 370 1941 fici
391 1908 534 1952 potest.
552 1904 609 1942 Ne
628 1903 723 1941 illud
742 1903 899 1951 quidem
915 1904 1048 1941 dicere
1066 1907 1180 1951 potes
1196 1903 1371 1950 electam,
1386 1907 1424 1940 te
1444 1913 1469 1940 a
1487 1903 1560 1947 dis,

307 1958 370 1996 cui
390 1959 463 1996 frui
489 1969 568 1997 nen
595 1958 730 1996 liceret
758 1957 853 1996 filio:
893 1958 1062 1996 circuice
1089 1967 1160 2006 per
1186 1967 1339 1995 omnem
1366 1961 1559 2001 notorum,

306 2013 527 2059 ignotorum
548 2012 802 2061 frequentiam
826 2014 980 2059 oculos,
1010 2015 1276 2051 occurrent
1302 2011 1392 2050 tibi
1422 2012 1560 2059 passi

306 2066 491 2115 ubique
512 2068 710 2106 maiora.
740 2072 949 2106 senserunt
963 2067 1037 2105 ista
1050 2066 1180 2113 magni
1194 2066 1331 2113 duces,
1351 2071 1561 2104 senserunt

307 2121 520 2169 principes.
557 2132 607 2160 ne
626 2122 725 2160 deos
746 2122 907 2170 quidem
926 2122 1082 2160 fabulae
1100 2120 1280 2158 inmunes
1307 2121 1558 2168 reliquerunt,

308 2179 413 2223 puto,
432 2180 476 2213 ut
491 2181 716 2215 nostrorum
741 2177 921 2215 funerum
949 2177 1208 2214 levamentum
1228 2179 1336 2213 esset
1361 2175 1475 2212 etiam
1502 2174 1558 2211 di·

306 2230 398 2268 vina
416 2229 637 2268 concidere.
675 2231 947 2279 circumspice,
964 2230 1135 2278 iuquam,
1157 2229 1305 2267 omnis:
1325 2230 1470 2267 nullam
1487 2227 1557 2266 mi-

308 2294 437 2323 seram
455 2285 675 2324 nominabis
695 2285 867 2333 domum,
889 2294 990 2333 quae
1009 2293 1088 2321 non
1105 2282 1278 2322 inveniat
1297 2284 1335 2322 in
1354 2283 1558 2322 miseriore
