1624 2626
323 177 402 218 196
429 179 472 216 L.
482 178 670 216 ANNAEI
682 176 907 217 SENECAE
917 176 1046 215 DIAL.
1059 174 1119 215 lx.
1130 176 1196 216 DE
1205 177 1385 224 TRANQ.
1395 178 1475 217 ΑΝ.
1488 183 1541 218 17.

321 279 411 316 loco
431 277 494 316 sit.
524 282 563 315 et
581 277 620 315 in
642 275 971 315 ambulationibus
992 276 1139 324 apertis
1153 276 1390 324 vagandum,
1406 282 1449 316 ut
1463 278 1578 316 coelo

320 333 444 371 libero
465 337 504 370 et
521 333 643 371 multo
665 331 806 380 spiritu
828 335 972 379 augeat
989 331 1229 379 adtollatque
1249 342 1293 369 se
1312 331 1478 370 animus.
1507 331 1575 370 ali-

321 387 481 435 quando
507 387 675 426 vectatio
703 386 854 434 iterque
884 390 924 424 et
942 387 1087 424 mutata
1105 386 1214 433 regio
1234 386 1410 433 vigorem
1430 385 1578 424 dabunt

319 441 606 489 convictusque
640 446 678 480 et
697 440 894 479 liberalior
912 441 1035 488 potio.
1076 451 1370 489 nonnumquam
1391 445 1429 480 et
1446 451 1577 489 usque

319 496 371 534 ad
391 496 618 535 ebrietatem
637 495 896 541 veniendum,
917 506 997 534 non
1014 500 1058 534 ut
1074 500 1223 542 mergat
1241 507 1335 543 nos,
1357 496 1431 534 sed
1447 500 1490 534 ut
1507 496 1576 534 de-

318 549 472 599 primat.
516 550 610 589 eluit
636 551 741 589 enim
768 560 885 588 curas
914 555 953 588 et
972 549 1021 587 ab
1040 549 1117 589 imo
1139 550 1308 588 animum
1328 556 1459 589 movet
1478 555 1516 589 et
1533 555 1577 589 ut

317 604 469 643 morbis
487 605 726 653 quibusdam
745 604 798 643 ita
815 605 992 643 tristitiae
1007 605 1199 642 medetur.
1237 604 1476 653 Liberque
1495 616 1575 643 non

318 660 369 698 ob
396 659 591 698 licentiam
620 660 777 707 linguae
805 659 933 697 dictus
962 663 1022 697 est
1048 659 1228 698 inventor
1255 658 1353 705 vini,
1392 660 1463 697 sed
1484 660 1576 707 quia

316 714 458 752 liberat
479 713 640 752 servitio
663 724 845 752 curarum
866 713 1036 752 animum
1056 719 1094 752 et
1113 714 1262 752 adserit
1279 718 1516 762 vegetatque
1536 719 1575 752 et

280 774 303 809 9
319 768 572 807 audaciorem
597 769 637 806 in
665 779 803 806 omnes
824 773 988 807 conatus
1010 769 1112 807 facit.
1155 767 1236 806 Sed
1254 772 1298 806 ut
1314 768 1502 807 libertatis
1521 769 1574 806 ita

315 822 397 861 vini
421 823 590 862 salubris
610 823 827 862 moderatio
849 828 921 862 est.
965 822 1150 862 Solonem
1169 822 1494 871 Arcesilaumque
1514 823 1573 861 in-

318 877 492 916 dulsisse
510 878 603 916 vino
627 877 803 917 credunt.
847 878 982 918 Catoni
1003 877 1170 916 ebrietas
1191 877 1344 916 obiecta
1363 882 1434 915 est.
1479 877 1573 915 faci—

315 933 391 970 lius
426 932 590 979 efficiet,
624 932 806 980 quisquis
839 932 1045 979 obiecerit,
1076 932 1153 970 hoc
1185 932 1331 970 crimen
1363 931 1571 970 honestum

317 997 435 1035 quam
451 991 607 1034 turpem
623 987 821 1024 Catonem.
849 987 931 1025 Sed
949 997 1023 1025 nec
1042 997 1164 1035 saepe
1183 986 1405 1024 faciendum
1424 991 1501 1034 est,
1521 997 1571 1025 ne

315 1041 470 1079 animus
490 1042 631 1078 malam
651 1042 977 1079 consuetudinem
998 1042 1132 1088 ducat,
1155 1047 1193 1079 et
1210 1041 1423 1089 aliquando
1442 1046 1572 1080 tamen

314 1095 355 1133 in
375 1096 673 1133 exsultationem
694 1095 991 1143 libertatemque
1009 1096 1274 1134 extrahendus
1290 1097 1492 1145 tristisque
1506 1107 1569 1135 so-

262 1149 461 1188 lobrietas
494 1149 737 1188 removenda
761 1151 977 1198 paulisper.
1020 1150 1118 1188 Nam
1146 1150 1230 1188 sive
1251 1151 1401 1189 Graeco
1429 1156 1570 1198 poetae

315 1204 533 1243 credimus:
566 1204 815 1252 „aliquando
843 1209 881 1243 et
906 1205 1079 1243 insanire
1106 1205 1320 1243 iucundum
1340 1208 1453 1252 est,“
1486 1205 1571 1243 sive

313 1258 485 1298 Platoni:
506 1288 528 1306 ‚,
541 1259 686 1297 frustra
705 1260 883 1307 poeticas
904 1260 1010 1297 fores
1031 1269 1182 1307 conpos
1202 1260 1262 1297 sui
1279 1260 1465 1307 pepulit‚“
1485 1260 1570 1298 sive

313 1313 539 1352 Aristoteli:
573 1315 755 1361 „nullum
783 1309 968 1361 magnum
989 1314 1188 1362 ingenium
1209 1313 1294 1352 sine
1313 1314 1480 1352 mixtura
1499 1314 1566 1352 de-

315 1369 484 1406 mentiae
503 1367 585 1406 fuit.
598 1370 620 1389 “
649 1373 728 1407 non
747 1373 878 1417 potest
893 1369 1042 1416 grande
1064 1368 1211 1416 aliquid
1225 1372 1263 1406 et
1278 1379 1398 1416 super
1414 1374 1567 1407 ceteros

262 1427 303 1460 11
314 1423 422 1471 loqui
437 1423 513 1461 nisi
527 1427 633 1461 mota
641 1433 764 1461 mens.
793 1434 881 1461 cum
893 1423 1069 1471 volgaria
1079 1427 1117 1461 et
1132 1423 1246 1461 solita
1262 1422 1496 1470 contempsit
1511 1424 1568 1460 in·

314 1478 539 1526 stinctuque
559 1487 674 1515 sacro
696 1477 865 1516 surrexit
883 1479 1097 1524 excelsior,
1128 1484 1220 1516 tunc
1241 1477 1398 1516 demum
1419 1477 1567 1524 aliquid

315 1533 458 1571 cecinit
486 1531 676 1580 grandius
709 1542 778 1571 ore
806 1533 971 1571 mortali.
1013 1544 1093 1571 non
1118 1537 1252 1580 potest
1273 1531 1438 1570 sublime
1458 1532 1565 1579 quic-

314 1598 432 1635 quam
453 1592 491 1625 et
508 1587 548 1624 in
569 1587 693 1626 arduo
714 1587 887 1635 positum
906 1587 1152 1635 contingere,
1183 1586 1370 1634 quamdiu
1391 1586 1496 1635 apud
1522 1596 1566 1624 se

313 1647 392 1680 est:
413 1641 612 1680 desciscat
631 1647 787 1690 oportet
806 1653 829 1680 a
847 1643 962 1681 solito
983 1647 1021 1680 et
1041 1642 1226 1680 efferatur
1241 1646 1280 1679 et
1294 1641 1472 1679 mordeat
1490 1642 1563 1678 sre-

311 1707 387 1735 nos
417 1700 456 1734 et
481 1701 675 1734 rectorem
693 1697 820 1745 rapiat
838 1708 954 1736 suum
973 1707 1102 1745 eoque
1121 1697 1238 1744 ferat,
1267 1706 1346 1744 quo
1365 1706 1437 1744 per
1456 1705 1500 1734 se
1520 1696 1562 1732 ti-

310 1751 476 1790 muisset
495 1751 724 1789 escendere.

259 1811 302 1844 12
386 1805 533 1852 Habes,
557 1804 706 1843 Serene
726 1805 942 1854 carissime,
961 1816 1062 1855 quae
1079 1806 1234 1854 possint
1246 1804 1562 1852 tranquillitatem

308 1861 421 1908 tueri,
442 1869 544 1908 quae
563 1860 782 1908 restituere,
804 1871 907 1910 quae
926 1860 1228 1909 subrepentibus
1246 1858 1348 1897 vitiis
1359 1859 1560 1897 resistant:

308 1916 404 1954 illud
424 1920 554 1953 tamen
574 1914 693 1962 scito,
715 1914 808 1954 nihil
829 1916 970 1955 horum
990 1916 1086 1955 satis
1105 1925 1196 1954 esse
1213 1913 1387 1951 validum
1406 1924 1489 1952 rem
1503 1914 1559 1951 in—

308 1970 488 2008 becillam
523 1970 795 2018 servantibus,
830 1971 905 2010 nisi
930 1971 1079 2010 intenta
1106 1974 1145 2009 et
1171 1967 1339 2008 adsidua
1364 1979 1458 2007 cura
1486 1968 1559 2006 cir·

310 2024 428 2064 cumit
446 2024 615 2064 animum
634 2025 839 2065 labentem.

814 2155 1071 2164 -Μ
