1592 2580
297 146 350 186 88
677 143 720 182 L.
748 143 937 182 ANNAEI
965 143 1190 183 SENECAE

295 253 481 291 umquam
506 243 729 289 vincantur,
759 241 945 288 quoniam
972 241 1130 289 quidem
1155 242 1271 280 etiam
1298 239 1399 280 inter
1421 252 1545 290 supe-

294 298 420 336 rantia
447 298 599 335 animus
625 296 793 334 invictus
820 300 893 334 est.
929 295 1020 335 ideo
1046 306 1161 335 nemo
1189 300 1385 336 trecentos
1404 296 1546 335 Fabios

294 353 422 391 victos
441 352 560 398 dicit,
591 351 664 389 sed
694 351 864 388 occisos.
912 355 950 388 et
967 351 1142 398 Regulus
1170 356 1310 399 captus
1330 355 1391 389 est
1410 362 1433 389 a
1450 350 1546 390 Poe-

296 407 376 454 nis,
405 417 485 445 non
506 407 656 453 victus,
682 409 720 443 et
754 404 935 452 quisquis
955 404 1054 443 alius
1076 404 1286 444 saevientis
1309 406 1489 444 fortunae
1507 405 1547 443 vi

252 465 274 499 3
296 471 342 499 ac
369 461 548 509 pondere
567 459 786 508 obpressus
807 469 887 496 non
906 459 1094 498 submittit
1112 459 1294 497 animum.
1336 461 1380 499 In
1398 460 1547 498 benefi-

294 516 366 555 ciis
386 515 491 553 idem
507 519 578 552 est.
600 515 714 562 plura
729 513 871 562 aliquis
886 513 1056 561 accepit,
1077 514 1242 561 maiora,
1264 514 1547 561 frequentiora=

294 580 374 608 non
401 573 530 608 tamen
558 568 684 607 victus
703 572 776 606 est.
813 567 1012 606 Beneficia
1032 568 1201 606 fortasse
1220 568 1424 607 beneficiis
1447 569 1549 606 victa

295 628 406 670 sunt,
441 624 475 661 si
502 622 602 661 inter
621 633 666 661 se
686 622 777 660 data
796 626 835 660 et
852 627 1016 670 accepta
1036 627 1242 670 conputas.
1283 622 1317 660 si
1337 623 1490 661 dantem
1512 626 1551 660 et

295 678 550 726 accipientem
570 677 866 724 conparaveris‚
897 687 1064 724 quorum
1092 676 1207 715 animi
1227 680 1265 714 et
1283 686 1355 724 per
1374 686 1418 715 se
1433 675 1549 714 aesti-

293 733 426 771 mandi
449 737 559 779 sunt,
593 741 715 779 penes
733 735 911 769 neutrum
934 731 1006 770 erit
1026 732 1164 779 palma.
1203 731 1305 769 solet
1330 731 1432 769 enim
1451 730 1548 776 fieri,

294 792 336 825 ut
355 787 470 825 etiam
491 797 577 824 cum
598 786 695 824 alter
714 785 843 824 multis
863 785 1090 823 volneribus
1112 786 1324 823 confossus
1345 789 1424 832 est,
1454 786 1550 823 alter

295 842 432 882 leviter
449 841 607 889 quidem
626 840 810 888 saucius,
836 850 955 888 pares
983 840 1117 878 exisse
1136 840 1339 887 dicantur,
1369 838 1549 888 quamvis

295 897 391 934 alter
411 895 589 934 videatur
607 895 779 935 inferior.

252 962 272 995 1
375 951 441 987 IV.
469 950 572 996 Ergo
593 959 709 988 nemo
727 949 831 986 vinci
851 951 982 996 potest
999 947 1224 996 beneficiis,
1246 948 1280 987 si
1303 946 1376 986 scit
1391 947 1548 994 debere,

295 1004 330 1042 si
350 1005 432 1042 vult
449 1004 617 1048 referre,
647 1003 681 1041 si
703 1002 811 1051 quod
828 1003 948 1040 rebus
967 1013 1046 1041 non
1067 1008 1216 1051 potest,
1246 1002 1373 1041 animo
1394 1006 1549 1050 aequat.

292 1059 366 1096 Hic
393 1069 510 1106 quam
534 1058 602 1096 diu
620 1058 659 1095 in
678 1057 755 1096 hoc
774 1063 997 1105 permanet,
1026 1068 1142 1105 quarn
1164 1056 1230 1095 diu
1249 1061 1355 1095 tenet
1371 1057 1550 1095 volunta-

293 1118 390 1159 tem,
419 1117 572 1159 gratum
597 1112 767 1150 animum
797 1111 921 1158 signis
949 1111 1163 1159 adprobat:
1193 1111 1287 1159 quid
1314 1111 1476 1150 interest
1500 1110 1550 1149 ab

293 1171 382 1205 utra
400 1170 512 1214 parte
533 1166 766 1206 munuscula
785 1165 901 1213 plura
919 1170 1199 1204 numerentur?
1239 1166 1296 1204 Tu
1314 1166 1434 1203 multa
1454 1165 1550 1203 dare

294 1226 428 1269 potes,
456 1225 495 1258 et
520 1230 594 1267 ego
622 1225 770 1258 tantum
796 1219 978 1267 accipere
1006 1230 1185 1267 possum.
1226 1223 1355 1258 tecum
1377 1223 1453 1258 stat
1471 1220 1550 1257 for-

293 1281 407 1321 tuna,
440 1284 594 1312 mecum
618 1274 724 1312 bona
755 1274 958 1312 voluntas:
993 1278 1121 1312 tamen
1155 1278 1229 1312 tam
1256 1284 1329 1322 par
1354 1273 1423 1312 tibi
1450 1284 1550 1321 sum,

252 1337 275 1370 2
295 1340 412 1377 quam
438 1329 569 1367 multis
597 1327 869 1367 armatissimis
890 1328 984 1366 nudi
1004 1333 1070 1366 aut
1087 1327 1224 1366 leviter
1243 1328 1391 1366 armati.
1426 1328 1550 1366 Nemo

293 1384 427 1431 itaque
454 1382 657 1421 beneficiis
687 1382 870 1429 vincitur,
900 1383 992 1430 quia
1017 1387 1094 1420 tam
1122 1387 1255 1430 gratus
1284 1387 1345 1420 est
1369 1382 1550 1430 quisque,

295 1448 414 1486 quam
433 1437 568 1478 voluit.
605 1447 693 1475 nam
710 1436 744 1475 si
763 1441 878 1485 turpe
896 1441 956 1475 est
971 1437 1174 1475 beneficiis
1196 1436 1316 1482 vinci,
1338 1447 1416 1475 non
1433 1447 1550 1484 opor-

293 1497 348 1530 tet
377 1503 401 1530 a
430 1492 754 1540 praepotentibus
783 1491 877 1530 viris
905 1491 1086 1539 accipere
1110 1491 1365 1539 beneficium,
1407 1491 1550 1539 quibus

294 1547 458 1594 gratiam
486 1547 634 1584 referre
662 1557 739 1584 non
771 1546 925 1593 possis:
959 1556 982 1583 a
1002 1545 1245 1593 principibus
1266 1545 1374 1593 dico,
1408 1546 1549 1593 aregi-

295 1600 388 1646 bus,
420 1610 521 1648 quos
549 1611 597 1639 eo
627 1601 716 1639 loco
745 1601 899 1638 fortuna
927 1600 1082 1648 posuit,
1109 1610 1159 1637 ex
1181 1611 1258 1648 quo
1278 1600 1408 1647 largiri
1431 1600 1551 1638 multa

294 1660 463 1704 possent
496 1665 622 1703 pauca
648 1655 860 1694 admodum
888 1659 927 1693 et
951 1655 1103 1702 inparia
1122 1654 1223 1693 datis
1242 1654 1449 1702 recepturi.
1486 1664 1548 1691 re-

294 1721 365 1757 ges
391 1715 430 1747 et
449 1710 648 1757 principes
670 1710 771 1756 d1xi‚
803 1708 945 1757 quibus
972 1714 1102 1748 tamen
1122 1713 1253 1757 potest
1271 1718 1395 1756 opera
1412 1708 1550 1750 navari

295 1769 333 1802 et
353 1775 519 1812 quorum
546 1764 611 1802 illa
638 1765 836 1802 excellens
864 1763 1038 1811 potentia
1057 1773 1127 1810 per
1147 1764 1360 1801 animorum
1381 1772 1547 1801 consen-

253 1831 275 1866 3
295 1829 382 1857 sum
407 1818 744 1866 ministeriumque
764 1822 927 1857 constat.
968 1817 1066 1856 Sunt
1085 1818 1243 1865 quidam
1263 1821 1374 1854 extra
1394 1826 1549 1855 omnem

295 1873 477 1912 subducti
512 1873 786 1920 cupiditatem,
821 1873 885 1920 qui
918 1872 987 1910 vix
1017 1871 1106 1911 ullis
1132 1871 1310 1909 humanis
1339 1869 1547 1909 desideriis

295 1927 589 1975 continguntur,
619 1928 762 1975 quibus
783 1927 877 1965 nihil
897 1931 1028 1974 potest
1045 1931 1244 1974 praestare
1262 1924 1352 1972 ipsa
1371 1925 1546 1962 fortuna:

294 1992 463 2020 necesse
492 1986 552 2020 est
580 1992 603 2019 a
631 1981 794 2020 Socrate
822 1982 959 2019 vincar
987 1980 1206 2028 beneficiis,
1239 1989 1404 2017 necesse
1433 1983 1494 2016 est
1523 1989 1547 2017 a

293 2036 490 2084 Diogene,
523 2036 589 2084 qui
623 2046 693 2084 per
717 2036 867 2074 medias
893 2035 1154 2073 Macedonum
1181 2043 1298 2082 gazas
1329 2033 1459 2070 nudus
1487 2033 1545 2070 in-

255 2105 278 2140 4
296 2090 417 2130 cessit
444 2090 603 2129 calcatis
633 2090 753 2138 regiis
782 2090 949 2138 opibus:
985 2100 1007 2127 o
1034 2099 1108 2126 nae
1135 2089 1199 2126 ille
1226 2092 1317 2125 tunc
1349 2087 1486 2125 merito
1507 2092 1546 2125 et

295 2144 370 2183 sibi
402 2150 441 2183 et
474 2144 635 2191 ceteris,
671 2144 814 2193 quibus
842 2145 893 2182 ad
923 2142 1206 2192 dispiciendam
1232 2142 1434 2180 veritatem
1465 2151 1545 2179 non

295 2203 378 2237 erat
405 2198 547 2237 obfusa
573 2198 699 2246 caligo
714 2228 724 2245 ,
760 2209 881 2247 supra
899 2208 988 2236 eum
1008 2196 1176 2235 eminere
1193 2196 1304 2234 visus
1327 2200 1414 2243 est,
1445 2195 1545 2234 infra

299 2263 413 2301 quem
434 2253 564 2291 omma
582 2252 771 2292 iacebant.
801 2254 920 2292 multo
941 2251 1152 2301 potentior,
1173 2251 1292 2290 multo
1313 2250 1544 2299 locupletior
