1624 2626
327 197 394 238 DE
414 197 704 238 BREVITATE
724 197 894 237 VITAE.
923 202 1084 239 16-18.
1260 196 1344 240 215

1 276 4 289 ἲ
61 301 135 341 sed
155 299 319 340 materia
337 304 529 339 mutatum
551 299 677 339 nostri
697 310 773 339 nos
791 298 968 339 honores
992 294 1218 340 torserunt:
1248 301 1341 351 plus

58 356 250 406 temporis
283 355 402 395 alieni
441 355 640 395 auserunt.
682 355 883 395 candidati
910 355 1096 395 laborare
1124 356 1341 397 desiimus:

59 411 349 461 suffragatores
386 411 614 461 incipimus.
660 411 886 450 “accusandi
919 411 1184 460 deposuimus
1218 414 1345 452 mole-

0 486 1 496 *
58 473 194 508 stiam:
213 467 416 507 iudicandi
435 468 716 507 nanciscimur.
758 466 882 506 iudex
901 467 1022 507 desiit
1040 478 1155 507 esse:
1181 468 1342 518 quaesi-

56 529 120 564 tor
133 529 208 563 est.
227 524 449 563 alienorum
465 523 663 564 bonorum
677 523 926 563 mercenaria
942 523 1229 572 procuratione
1245 535 1341 564 con-

56 580 207 619 senuit:
228 580 311 619 suis
328 578 475 628 opibus
492 579 702 619 detinetur.
731 579 900 619 Marium
915 580 1045 629 caliga
1060 579 1228 620 dimisit:
1246 590 1340 620 con·
1357 588 1380 623 6

55 637 208 676 sulatus
224 640 398 675 exercet.
428 635 610 683 Quintius
626 634 858 674 dictaturam
867 641 1059 685 properat
1068 636 1340 685 praevadere=

55 692 105 731 ab
125 696 257 731 aratro
275 691 543 731 revocabitur.
573 690 643 730 ivit
665 690 705 729 in
728 690 887 731 Poenos
907 691 1087 731 nondum
1103 696 1238 732 tantae
1256 703 1340 731 ma-

54 753 168 787 turus
187 748 247 786 rei
267 747 426 796 Scipio,
462 747 592 787 victor
613 746 868 796 Hannibalis,
894 747 1026 787 victor
1044 748 1253 797 Antiochi,
1275 748 1341 788 sui

55 803 289 843 consulatus
317 803 466 851 decus,
501 803 663 843 fraterni
683 813 880 852 sponsor,
914 802 956 841 ni
975 814 1049 852 per
1069 804 1203 853 ipsum
1226 816 1342 844 mora

54 859 127 907 sit,
158 870 248 898 cum
266 859 363 898 love
382 864 665 908 reponeretur:
701 858 841 899 civiles
861 864 1111 904 servatorem
1133 860 1343 910 agitabunt

54 915 275 955 seditiones
301 920 341 954 et
360 920 454 964 post
473 915 674 955 fastiditos
695 925 720 953 a
738 914 883 954 iuvene
902 915 965 954 dis
986 926 1143 966 aequos
1162 916 1340 956 honores

53 971 132 1010 iam
143 981 281 1010 senem
299 972 545 1011 contumacis
559 970 668 1010 exilii
683 971 897 1011 delectabit
912 971 1086 1012 ambitio.
1116 972 1340 1023 Numquam

54 1027 223 1066 deerunt
239 1028 304 1065 vel
325 1027 462 1065 felices
484 1028 547 1065 vel
568 1027 740 1065 miserae
760 1027 1041 1066 sollicitudinis
1066 1039 1229 1067 causae.
1265 1039 1341 1078 per

53 1083 341 1132 occupationes
363 1082 444 1121 vita
463 1083 653 1122 trudetur.
693 1082 817 1121 otIum
833 1093 1050 1132 numquam
1064 1089 1219 1133 agetur,
1235 1085 1340 1123 sem·

57 1149 131 1187 per
155 1138 370 1187 optabitur.

133 1194 272 1233 XVIII.
300 1194 484 1244 Excerpe
505 1194 641 1243 itaque
659 1199 699 1233 te
717 1195 852 1244 volgo,
871 1193 1037 1234 Pauline
1058 1195 1279 1245 carissime,
1300 1201 1372 1236 etl

51 1249 90 1288 in
118 1250 430 1299 tranquilliorem
465 1255 621 1299 portum
650 1261 730 1289 non
754 1261 826 1300 pro
847 1251 990 1290 aetatis
1011 1252 1144 1301 spatio
1165 1252 1338 1293 iactatus

51 1306 213 1344 tandem
240 1306 399 1345 recede.
443 1306 593 1355 Cogita,
614 1312 712 1356 quot
731 1305 878 1346 fluctus
900 1307 1094 1358 subieris,
1123 1313 1223 1358 quot
1242 1313 1339 1348 tem-

51 1365 230 1410 pestates
257 1361 400 1411 partim
427 1362 605 1411 privatas
632 1362 893 1410 sustinueris,
927 1364 1071 1412 partim
1091 1364 1276 1414 publicas
1298 1364 1339 1403 in

51 1423 90 1456 te
117 1418 376 1456 converteris.
417 1418 515 1457 satis
540 1420 618 1456 iam
638 1429 711 1468 per
731 1419 937 1458 laboriosa
955 1425 996 1458 et
1013 1420 1192 1470 inquieta
1212 1420 1338 1460 docu-

51 1477 185 1511 menta
210 1473 385 1512 exhibita
411 1474 536 1513 virtus
567 1479 648 1514 est:
685 1474 891 1524 experire,
926 1476 1024 1524 quid
1043 1476 1082 1514 in
1103 1476 1183 1516 otio
1206 1476 1338 1515 faciat.

51 1527 180 1567 Maior
197 1539 292 1578 pars
313 1529 474 1578 aetatis,
504 1536 612 1569 certe
631 1531 772 1570 melior
789 1530 1036 1580 reipublicae
1056 1532 1150 1571 data
1168 1531 1238 1571 sit:
1267 1532 1337 1570 ali-

53 1583 148 1632 quid
173 1583 366 1633 temporis
389 1585 445 1623 tui
465 1596 579 1624 sume
599 1587 716 1625 etiam
734 1585 817 1625 tibi.
846 1587 930 1626 Nec
951 1592 991 1626 te
1011 1588 1062 1626 ad
1085 1598 1252 1636 segnem
1271 1593 1340 1627 aut
1353 1598 1375 1632 2

51 1639 217 1678 inertem
238 1639 411 1688 quietem
431 1651 556 1680 voco:
589 1653 668 1681 non
689 1646 733 1681 ut
751 1654 894 1682 somno
919 1647 959 1682 et
977 1644 1083 1683 caris
1104 1644 1245 1683 turbae
1266 1654 1336 1682 vo-

51 1695 282 1743 luptatibus,
305 1696 496 1745 quicquid
519 1702 582 1736 est
599 1697 640 1736 in
652 1702 691 1736 te
701 1698 848 1737 indolis
861 1698 1032 1746 vividae,
1050 1710 1223 1748 mergas.
1253 1710 1335 1738 non

51 1755 114 1789 est
139 1751 247 1790 istud
277 1751 564 1800 adquiescere:
597 1753 778 1792 invenies
805 1755 960 1793 maiora
985 1756 1172 1794 omnibus
1203 1754 1338 1794 adhuc

51 1811 213 1846 strenue
232 1807 410 1846 tractatis
429 1807 633 1856 operibus,
656 1819 761 1858 quae
779 1811 985 1859 repositus
1006 1815 1046 1850 et
1060 1822 1230 1850 securus
1251 1810 1335 1860 agi—

49 1867 124 1901 tes.
164 1863 223 1901 Tu
248 1862 409 1912 quidem
436 1862 545 1902 orbis
566 1869 756 1904 terrarum
773 1866 951 1906 rationes
975 1866 1233 1906 administras
1253 1872 1334 1906 tam
1354 1873 1378 1908 3

50 1917 296 1958 abstinenter
316 1930 437 1968 quam
456 1919 630 1969 alienas,
650 1925 731 1959 tam
750 1921 960 1971 diligenter
981 1933 1102 1971 quam
1122 1927 1232 1970 tuas,
1253 1927 1335 1962 tam

49 1973 238 2023 religiose
265 1985 386 2024 quam
421 1975 618 2024 publicas.
660 1976 700 2015 in
732 1980 806 2024 [eo]
832 1977 968 2018 officio
990 1988 1170 2017 amorem
1190 1989 1335 2018 conse-

52 2029 200 2079 queris,
221 2030 261 2069 in
283 2042 363 2080 quo
386 2032 522 2071 odium
541 2032 668 2071 vitare
688 2032 851 2072 difficile
871 2039 956 2072 est:
978 2034 1052 2072 sed
1071 2039 1216 2082 tamen,
1237 2034 1333 2074 mihi

50 2085 190 2134 crede,
223 2087 350 2126 satius
370 2092 432 2126 est
450 2087 556 2126 vitae
577 2097 676 2127 suae
694 2087 892 2128 rationem
913 2099 1033 2138 quam
1053 2089 1239 2128 frumenti
1259 2101 1331 2140 pu-

49 2139 142 2179 blici
161 2152 299 2181 nosse.
327 2142 451 2182 Istum
470 2143 589 2182 animi
609 2143 808 2191 vigorem,
830 2154 964 2183 rerum
982 2144 1246 2186 maximarum
1266 2157 1331 2185 ca·
1348 2151 1371 2185 4

49 2196 328 2245 pacissimum,
350 2209 374 2237 a
391 2199 609 2238 ministerio
630 2199 854 2238 honorifico
876 2199 1059 2249 quidem,
1092 2201 1167 2240 sed
1186 2211 1330 2250 parum

50 2251 102 2290 ad
116 2252 274 2292 beatam
287 2255 407 2293 vitam
423 2259 517 2304 apto
530 2255 598 2302 [ad
608 2258 661 2302 te]
673 2265 822 2293 revoca
838 2260 878 2294 et
893 2254 1025 2304 cogita
1040 2267 1121 2296 non
1136 2256 1179 2295 id
1193 2258 1333 2306 egisse

49 2311 88 2345 te
113 2308 164 2347 ab
194 2314 325 2348 aetate
358 2311 486 2358 prima
509 2311 615 2350 omni
637 2311 744 2351 cultu
765 2310 990 2350 studiorum
1009 2311 1252 2360 liberalium,
1285 2320 1330 2353 ut

49 2361 118 2400 tibi
133 2366 254 2404 multa
269 2365 375 2404 milia
389 2366 574 2406 frumenti
583 2367 686 2406 bene
699 2367 1054 2407 committerentur:
1071 2368 1199 2408 maius
1212 2368 1330 2418 quid=
