1624 2626
278 141 331 181 42
652 140 695 181 L.
723 142 911 181 ANNAEI
939 142 1163 183 SENECAE

242 241 464 289 shaberet‚
483 241 754 294 advocabatis.
794 242 973 290 Denique
1003 243 1221 291 interrogo,
1253 242 1444 282 valentior
1476 247 1537 281 est

279 307 396 344 quam
414 296 514 335 ratio
535 307 583 334 an
603 297 818 335 infirmior?
864 297 905 335 Si
924 298 1132 344 valentior,
1163 298 1361 346 quomodo
1381 298 1434 335 illi
1453 308 1536 336 mo-

278 352 371 388 dum
389 352 487 389 ratio
509 351 652 398 poterit
669 351 878 399 inponere,
912 361 1000 389 cum
1030 362 1169 400 parere
1195 351 1271 390 nisi
1294 351 1537 390 inbecilliora

278 415 357 442 non
377 406 558 444 soleant?
603 406 637 443 si
665 406 852 444 infirmior
870 410 948 450 est,
980 406 1064 444 sine
1092 405 1165 443 hac
1185 415 1256 453 per
1276 415 1320 444 se
1338 406 1389 443 ad
1407 416 1538 443 rerum

279 459 444 497 effeetus
467 460 613 498 sufficit
630 460 728 498 ratio
748 470 822 497 nec
842 459 1041 497 desiderat
1059 459 1310 499 inbecillioris
1339 459 1536 497 auxilium.

241 514 263 548 6
278 514 354 560 „At
373 513 459 551 irati
480 514 638 561 quidam
658 519 839 553 constant
857 514 931 551 sibi
950 517 988 551 et
1007 524 1050 552 se
1072 513 1308 552 continent.“
1349 513 1539 560 Quando?

280 578 367 604 cum
386 568 462 605 iam
481 568 538 606 ira
563 569 766 606 evanescit
785 573 823 607 et
841 579 914 606 sua
932 573 1074 616 sponte
1097 567 1271 616 decedit,
1292 579 1370 606 non
1391 578 1478 606 cum
1497 568 1538 606 in

243 622 368 669 7ipso
398 623 556 660 fervore
584 627 655 660 est.
703 628 797 661 tunc
822 623 923 660 enim
951 621 1147 670 potentior
1174 628 1245 661 est.
1289 622 1388 670 Quid
1416 627 1538 670 ergo?

277 686 356 713 non
377 674 589 724 aliquando
610 677 648 713 in
667 677 725 714 ira
745 687 904 725 quoque
933 681 971 715 et
989 677 1180 715 dimittunt
1206 677 1411 715 incolumis
1440 678 1536 714 inta-

279 735 446 778 ctosque
466 742 567 779 quos
588 731 769 777 oderunt,
799 736 838 769 et
863 742 886 769 a
911 732 1092 770 nocendo
1121 731 1341 770 abstinent?
1379 732 1536 770 faciunt.

280 785 468 832 quando?
500 796 587 823 cum
608 785 786 832 adfectus
812 785 1055 833 repercussit
1082 786 1276 824 adfectum
1305 790 1343 824 et
1369 790 1434 823 aut
1457 796 1536 823 me-

277 843 341 876 tus
362 844 428 876 aut
447 839 641 887 cupiditas
671 840 817 888 aliquid
837 839 1057 888 inpetravit.
1084 851 1162 878 non
1181 840 1343 879 rationis
1362 844 1454 878 tunc
1470 840 1535 878 be-

278 892 421 931 neficio
444 894 601 941 quievit,
623 894 695 931 sed
715 895 936 932 adfectuum
956 895 1076 933 infida
1099 900 1136 933 et
1153 896 1256 933 mala
1285 905 1394 943 pace.

242 954 260 986 1
357 947 420 985 IX.
462 948 613 986 Deinde
632 948 726 986 nihil
744 948 862 987 habet
879 949 918 986 in
947 959 991 987 se
1017 949 1111 987 utile
1139 959 1212 986 nec
1240 949 1343 987 acuit
1367 949 1537 986 animum

278 1002 331 1040 ad
360 1012 425 1040 res
456 1002 633 1040 bellicas.
686 1013 899 1050 numquam
925 1002 1027 1041 enim
1053 1004 1176 1042 virtus
1202 1003 1296 1042 vitio
1316 1003 1539 1041 adiuvanda

278 1060 340 1094 est
359 1066 403 1093 se
423 1061 616 1094 contenta.
665 1058 846 1105 quotiens
866 1058 1000 1105 inpetu
1021 1068 1121 1106 opus
1143 1062 1221 1103 est,
1248 1069 1327 1096 non
1347 1056 1537 1104 irascitur,

279 1111 352 1149 sed
372 1111 548 1158 exsurgit
567 1115 605 1148 et
622 1111 661 1148 in
686 1116 871 1159 quantum
890 1113 1040 1160 putavit
1059 1123 1161 1160 opus
1181 1122 1291 1158 esse,
1322 1112 1538 1149 concitatur

277 1164 572 1213 remittiturque,
606 1176 684 1204 non
704 1167 814 1204 aliter
834 1177 948 1214 quam
970 1177 1071 1214 quae
1091 1165 1293 1205 tormentis
1314 1165 1536 1213 exprimun-

278 1224 341 1257 tur
365 1220 460 1266 tela,
489 1220 527 1257 in
556 1224 750 1267 potestate
775 1221 958 1259 mittentis
987 1226 1078 1259 sunt
1104 1221 1142 1258 in
1168 1225 1354 1268 quantum
1381 1225 1539 1268 torque-

243 1277 265 1310 2
281 1279 405 1311 antur.
445 1275 535 1320 Ira,
562 1274 688 1322 inquit
713 1275 964 1321 Aristoteles,
993 1277 1210 1314 necessaria
1226 1279 1290 1313 est.
1330 1286 1401 1313 nec
1427 1277 1538 1322 quic-

280 1339 393 1376 quam
419 1330 500 1367 sine
521 1331 590 1367 illa
607 1331 829 1377 expuynarz·
845 1334 979 1377 potest,
1007 1332 1084 1368 nisi
1099 1332 1166 1368 illa
1185 1331 1303 1377 inplet
1320 1332 1487 1367 animum
1505 1334 1541 1367 ec

279 1385 454 1431 spiritum
486 1385 672 1421 accendit.
726 1385 906 1422 utendum
935 1389 1060 1422 autem
1084 1386 1153 1423 illa
1179 1389 1235 1422 est
1257 1395 1332 1422 non
1358 1388 1401 1422 ut
1430 1385 1538 1429 duce,

279 1438 349 1476 sed
364 1442 406 1475 ut
422 1439 549 1476 milite.
590 1438 859 1485 quodfalsum
879 1443 950 1476 est.
994 1449 1084 1476 nam
1111 1439 1144 1477 si
1173 1439 1332 1477 exaudit
1349 1438 1539 1476 rationem

281 1491 538 1540 sequiturque
559 1502 638 1540 qua
658 1493 822 1538 ducitur,
842 1492 917 1530 iam
938 1504 1015 1531 non
1037 1497 1099 1532 est
1120 1492 1189 1540 ira,
1207 1493 1317 1531 cuius
1337 1492 1539 1540 proprium

281 1551 342 1584 est
361 1547 618 1584 contumacia.
659 1547 692 1584 si
719 1557 815 1584 vero
842 1552 1036 1595 repugnat
1064 1552 1101 1586 et
1128 1558 1206 1585 non
1239 1546 1306 1585 ubi
1338 1547 1448 1585 iussa
1480 1551 1540 1584 est

282 1600 470 1648 quiescit,
500 1601 572 1639 sed
591 1601 751 1639 libidine
773 1602 999 1650 ferociaque
1018 1601 1265 1650 provehitur,
1300 1606 1375 1639 tam
1395 1599 1540 1638 inutilis

283 1655 400 1693 animi
423 1655 598 1692 minister
625 1660 686 1694 est
714 1666 829 1704 quam
858 1656 989 1702 miles,
1020 1657 1086 1704 qui
1106 1657 1259 1704 sIgnum
1278 1655 1454 1703 receptui
1473 1664 1538 1692 ne-

242 1709 410 1757 aglegit.
451 1710 588 1757 Itaque
615 1709 649 1748 si
677 1710 834 1748 modum
865 1710 1040 1748 adhiberi
1068 1709 1142 1748 sibi
1172 1711 1332 1758 patitur,
1366 1708 1441 1748 alio
1469 1719 1538 1747 no-

280 1764 384 1801 mine
404 1763 639 1811 adpellanda
659 1769 729 1810 est,
760 1763 877 1802 desiit
900 1765 958 1802 ira
977 1775 1078 1812 esse,
1101 1775 1215 1812 quam
1238 1764 1464 1802 effrenatam
1482 1763 1539 1801 in-

282 1817 547 1865 domitamque
566 1817 762 1866 intellego.
804 1819 837 1856 si
857 1830 936 1857 non
958 1820 1117 1867 patitur,
1146 1819 1367 1867 perniciosa
1386 1823 1447 1856 est
1466 1827 1540 1855 nec

244 1873 381 1910 4inter
401 1872 547 1910 auxilia
565 1874 818 1911 numeranda.
870 1874 926 1911 lta
953 1878 1019 1912 aut
1045 1873 1103 1912 ira
1134 1884 1211 1911 non
1233 1878 1293 1910 est
1312 1877 1376 1910 aut
1394 1872 1540 1910 inutilis

282 1931 355 1965 est.
394 1937 484 1964 nam
505 1927 539 1964 si
566 1927 653 1975 quis
681 1938 850 1975 poenam
877 1928 998 1975 exigit
1023 1939 1102 1967 non
1127 1927 1252 1975 ipsius
1280 1937 1433 1974 poenae
1459 1926 1540 1964 avi-

283 1982 370 2026 dus,
393 1982 465 2018 sed
486 1982 578 2029 quia
597 1987 763 2030 oportet,
785 1994 863 2021 non
885 1988 945 2021 est
964 1981 1279 2020 adnumerandus
1299 1980 1419 2019 iratis.
1467 1981 1541 2018 Hic

282 2035 355 2073 erit
371 2035 475 2072 utilis
495 2036 606 2073 miles
627 2036 694 2084 qui
714 2037 786 2075 scit
804 2047 943 2085 parere
964 2036 1140 2075 consilio.
1182 2035 1361 2074 adfectus
1383 2036 1540 2084 quidem

281 2094 360 2128 tam
379 2090 469 2126 mali
487 2090 650 2128 ministri
670 2102 787 2139 quam
806 2092 929 2129 duces
951 2096 1053 2130 sunt.

248 2149 267 2182 1
361 2143 408 2180 X.
450 2144 544 2181 Ideo
566 2155 777 2193 numquam
797 2146 979 2184 adsumet
991 2145 1088 2183 ratio
1104 2144 1142 2181 in
1159 2141 1391 2181 adiutorium
1408 2143 1542 2190 inpro-

283 2198 398 2236 vidos
419 2202 457 2235 et
475 2198 669 2236 violentos
689 2201 864 2248 inpetus,
890 2200 997 2249 apud
1023 2209 1123 2246 quos
1149 2197 1243 2235 nihil
1268 2197 1355 2246 ipsa
1374 2196 1542 2234 auctori-

282 2252 371 2292 tatis
397 2251 558 2301 habeat,
587 2263 688 2302 quos
708 2265 919 2305 numquam
944 2251 1188 2302 conprimere
1204 2253 1352 2302 possit,
1378 2251 1455 2290 nisi
1473 2261 1542 2300 pa-
