1592 2580
309 170 388 230 μδ
677 173 719 209 L.
748 173 935 211 ANNAE1
963 172 1185 213 SENECAE

263 268 285 302 3
305 271 471 309 disiecta
502 281 579 309 non
615 277 797 319 possunt,
843 273 1098 311 Intentionem
1132 274 1234 312 aeriS
1262 274 1469 313 ostendent
1503 275 1568 314 tibi

303 325 440 364 inflata
472 336 546 364 nee
580 327 630 364 ad
665 327 782 365 ictum
817 327 1009 366 cedentia.
1053 329 1263 367 ostendant
1295 329 1471 377 pondera
1500 341 1571 378 per

302 390 486 427 magnum
508 380 677 428 spatium
699 381 827 420 ablata
846 386 1025 429 gestante
1045 387 1176 424 vento.
1206 384 1418 422 ostendunt
1435 395 1569 432 voces,

303 444 407 482 quae
434 435 625 473 remissae
653 435 865 484 elaraeque
894 440 1003 484 sunt,
1038 442 1155 484 prout
1181 447 1248 475 aer
1276 448 1319 475 se
1349 439 1567 479 concitavit.

303 489 395 536 quid
419 489 521 527 enim
544 494 606 528 est
621 499 700 527 vox
715 489 791 529 nisi
811 491 973 529 intentio
993 491 1114 538 aem,
1135 496 1177 530 ut
1195 492 1394 540 audiatur,
1413 492 1570 541 linguae

259 550 281 582 4
301 543 468 582 formata
495 548 720 592 percussu?
764 545 858 593 quid
879 555 1019 584 cursus
1048 550 1086 584 et
1108 549 1238 584 motus
1266 546 1411 595 omnis,
1439 558 1570 586 nonne

300 596 434 636 intenti
464 598 626 646 spiritus
647 609 770 647 opera
792 605 908 638 sunt?
943 599 1006 637 hic
1034 600 1125 638 facit
1146 600 1221 638 vim
1243 602 1396 649 nervis,
1423 602 1569 640 veloci-

299 656 418 690 tatem
438 652 698 691 currentibus.
728 653 793 692 hic
812 664 899 692 cum
916 654 1165 693 vehementer
1184 655 1400 693 concitatus
1419 656 1506 703 ipse
1526 667 1570 694 se

298 707 430 752 torsit,
459 708 622 746 arbusta
648 708 850 756 silvasque
879 708 1075 747 convulsit
1100 714 1138 747 et
1155 709 1335 747 aedificia
1352 714 1432 748 tota
1451 711 1571 749 corri-

301 761 415 808 piens
443 761 482 800 in
509 762 587 800 alto
621 762 776 810 frangit.
816 762 880 800 hie
910 773 1018 801 mare
1044 773 1114 811 per
1142 773 1186 801 se
1214 763 1438 810 languidum
1460 769 1498 802 et
1517 764 1571 802 ia-

261 822 282 853 5
304 825 398 854 cens
426 816 572 854 incitat.
613 817 677 855 Ad
705 816 857 855 minora
883 818 1105 855 veniamus:
1136 817 1224 865 quis
1253 818 1339 856 sine
1358 818 1569 857 intentione

302 870 464 918 spiritus
499 875 640 909 cantus
670 875 758 910 est?
799 882 948 910 cornua
975 877 1013 910 et
1037 871 1154 909 tubae
1182 877 1220 911 et
1248 882 1350 920 quae
1381 883 1570 920 aquarum

298 935 488 971 pressura
514 926 702 964 maiorem
730 926 900 964 sonitum
931 927 1098 964 formant
1127 937 1244 974 quam
1274 927 1340 975 qui
1368 938 1436 965 ore
1457 928 1569 965 reddi

299 984 448 1027 potest,
471 990 601 1018 nonne
616 980 720 1019 aeris
737 980 950 1019 intentione
968 985 1101 1028 partes
1117 991 1211 1019 suas
1229 982 1453 1029 explicant?
1471 981 1568 1020 Con-

299 1033 519 1072 sideremus
542 1044 646 1081 quae
674 1034 870 1082 ingentem
900 1034 980 1072 vim
1007 1045 1078 1082 per
1096 1036 1292 1074 occultum
1312 1041 1449 1083 agunt:
1483 1047 1569 1084 par-

299 1088 389 1125 vula
413 1088 628 1126 admodum
655 1089 805 1127 semina
831 1094 869 1127 et
900 1099 1065 1138 quorum
1085 1089 1237 1128 exilitas
1258 1089 1296 1127 in
1313 1091 1571 1128 commissura

298 1142 471 1189 lapidum
503 1142 634 1180 locum
662 1142 827 1190 invenit,
862 1143 900 1181 in
933 1148 1080 1181 tantum
1110 1145 1411 1192 convalescunt,
1444 1149 1486 1183 ut
1514 1145 1568 1182 in-

298 1196 429 1243 gentia
450 1206 549 1234 saxa
568 1197 776 1235 deturbent
794 1202 833 1235 et
851 1203 1102 1236 monumenta
1117 1197 1349 1237 dissolvant.
1380 1200 1569 1247 scopulos

298 1250 451 1288 interim
491 1261 695 1299 rupesque
731 1251 885 1289 radices
921 1251 1205 1290 minutissimae
1237 1263 1284 1291 ac
1317 1253 1570 1292 tenuissimae

298 1304 471 1343 findunt:
499 1305 576 1344 hoe
606 1305 700 1352 quid
729 1309 790 1343 est
815 1306 923 1344 aliud
952 1317 1068 1354 quam
1088 1306 1247 1345 intentio
1277 1306 1457 1355 spirituS,
1484 1307 1569 1345 sine

256 1365 278 1398 6
298 1370 377 1406 qua
400 1358 494 1397 nihil
519 1358 693 1398 validum
718 1364 805 1398 est?
841 1360 942 1398 Esse
969 1365 1098 1398 autem
1126 1361 1311 1399 unitatem
1341 1361 1377 1398 in
1396 1363 1487 1399 aere
1509 1363 1569 1399 vel

297 1424 348 1450 ex
367 1413 445 1452 hoe
469 1413 641 1461 intellegi
670 1419 819 1461 potest,
852 1415 959 1462 quod
979 1425 1149 1462 corpora
1170 1421 1307 1454 nostra
1324 1416 1424 1454 inter
1440 1426 1484 1454 se
1504 1425 1568 1454 co·—

296 1468 470 1506 haerent.
501 1469 596 1516 quid
618 1468 722 1506 enim
744 1474 805 1507 est
824 1470 950 1516 aliud,
972 1469 1081 1517 quod
1098 1473 1248 1508 teneret
1268 1471 1332 1508 illa
1353 1481 1469 1518 quam
1489 1471 1567 1518 spi-

295 1522 423 1561 ritus?
451 1523 545 1571 quid
573 1527 633 1561 est
648 1522 774 1570 aliud,
804 1535 882 1571 quo
913 1523 1066 1562 animus
1094 1528 1229 1562 noster
1261 1525 1453 1572 agitetur?
1482 1525 1568 1572 quis

297 1583 360 1615 est
385 1576 440 1615 illi
466 1581 596 1615 motus
619 1577 695 1616 nisi
722 1577 910 1617 intentio?
935 1589 1037 1626 quae
1056 1578 1216 1618 intentio
1237 1579 1311 1616 nisi
1331 1589 1379 1617 ex
1399 1578 1571 1617 unitate?

298 1641 400 1678 quae
426 1630 575 1678 unitas,
601 1632 677 1670 nisi
704 1631 803 1670 haec
831 1636 939 1671 esset
966 1632 1002 1669 in
1033 1634 1150 1671 aere?
1180 1633 1273 1681 quid
1307 1638 1434 1672 autem
1464 1633 1570 1671 aliud

295 1685 482 1733 producit
509 1686 642 1733 fruges
671 1692 709 1724 et
735 1692 909 1734 segetem
939 1686 1157 1725 inbecillem
1186 1698 1232 1725 ac
1259 1687 1431 1726 virentes
1450 1687 1570 1735 exigit

300 1739 464 1777 arbores
492 1749 538 1777 ac
566 1740 756 1779 distendit
781 1740 819 1778 in
847 1752 979 1779 ramos
1009 1742 1145 1788 [autin
1167 1743 1285 1780 altum
1305 1741 1430 1790 erigit]
1453 1753 1568 1790 quam

297 1793 458 1842 spiritus
478 1794 640 1832 intentio
665 1799 703 1833 et
723 1795 880 1833 unitas?

258 1856 270 1887 1
376 1848 462 1887 V11.
503 1848 667 1896 Quidam
694 1851 788 1887 aera
815 1849 1045 1898 discerpunt
1071 1855 1110 1889 et
1136 1851 1174 1888 in
1205 1849 1415 1898 particulas
1455 1850 1567 1888 didu-

298 1908 408 1948 cunt,
443 1903 495 1941 ita
528 1907 571 1940 ut
602 1903 655 1941 illi
686 1903 802 1941 inane
835 1903 1109 1952 permisceant.
1139 1910 1404 1953 argumentum
1440 1909 1567 1942 autem

297 1954 523 1995 existimant
542 1967 621 1995 non
646 1957 751 2005 pleni
771 1959 972 2006 corporis,
999 1959 1070 1997 sed
1101 1960 1261 2001 multum
1288 1958 1400 1996 vacui
1420 1958 1566 1996 haben-

296 2011 367 2058 tis,
395 2012 503 2059 quod
530 2011 670 2050 avibus
699 2013 738 2049 in
758 2012 823 2050 illo
843 2018 920 2051 tam
938 2012 1063 2051 facilis
1083 2019 1230 2058 motus,
1261 2013 1368 2060 quod
1387 2012 1566 2050 maximis

253 2072 275 2105 2
294 2065 545 2114 minimisque
563 2076 636 2114 per
655 2066 762 2104 illum
784 2071 1035 2105 transcursus
1056 2073 1128 2106 est.
1157 2067 1235 2106 Sed
1255 2068 1450 2105 falluntur.
1479 2078 1568 2104 nam

298 2130 488 2168 aquarum
510 2131 671 2168 quoque
691 2121 828 2159 similis
856 2121 1021 2160 facilitas
1044 2126 1122 2168 est,
1152 2131 1224 2159 nec
1253 2122 1302 2159 de
1321 2122 1466 2160 unitate
1484 2121 1566 2158 illa-

297 2186 381 2213 rum
406 2174 568 2213 dubium
589 2180 668 2222 est,
697 2185 797 2223 quae
825 2175 883 2213 sic
904 2186 1073 2224 corpora
1097 2175 1312 2223 accipiunt,
1341 2181 1383 2214 ut
1411 2185 1567 2223 semper

298 2229 335 2266 in
365 2229 602 2267 contrarium
629 2230 803 2277 acceptis
831 2229 1012 2269 refluant.
1054 2230 1164 2268 Hanc.
1193 2230 1317 2268 nostri
1352 2230 1565 2268 eircum-

298 2283 553 2332 stantiam,
570 2283 708 2322 Graeci
722 2278 1066 2335 ἀντιπερίστασιν
1081 2285 1288 2333 adpellant,
1306 2295 1407 2333 quae
1423 2285 1460 2322 in
1476 2285 1566 2321 aere
