1624 2626
301 162 380 205 132
543 162 586 199 L.
614 161 803 200 ANNAEI
831 159 1056 200 SENECAE
1085 162 1214 201 DIAL.
1240 163 1310 200 vl.

302 265 480 313 legiones
509 263 546 300 in
568 267 786 311 conspeetu
806 271 879 300 suo
908 268 1060 300 caesas.
1090 265 1129 299 et
1161 271 1212 299 ex
1238 261 1304 299 illo
1332 261 1561 309 proeliaris

301 330 383 368 quo
405 319 530 367 prima
542 317 653 356 acies
670 322 830 356 senatus
847 315 929 362 fuit,
950 326 1055 364 quae
1070 315 1238 354 infelicis
1252 315 1441 363 reliquiae
1457 323 1560 362 suut,

301 375 433 422 ipsum
458 373 733 420 imperatorem
761 370 1031 419 superfuisset
1055 370 1154 408 vidit
1169 370 1410 419 Aegyptium
1430 372 1561 409 carni>

300 429 415 467 ficem
431 431 474 465 et
492 423 789 466 sacrosanctum
816 423 1032 463 victoribus
1060 432 1206 472 eorpus
1227 425 1380 462 satelliti
1398 427 1561 473 praesti-

299 483 364 528 tit,
385 480 539 521 etiamsi
563 481 772 521 incolumis
801 479 959 526 fuisset,
982 479 1276 527 poenitentiam
1291 479 1429 518 salutis
1454 485 1562 518 actu-

298 547 381 576 rus.
419 534 515 585 quid
534 533 636 574 enim
666 539 749 573 erat
766 532 921 582 turpius
940 543 1063 582 quam¹
1075 532 1306 582 Pompeium
1334 534 1470 572 vivere
1495 534 1562 572 be-

258 599 279 632 5
298 591 442 630 neficio
460 590 595 638 regis?
616 587 673 628 Ι’Μ.
696 590 831 628 Cicero
849 589 886 626 si
905 588 1178 636 illoitempore,
1206 598 1284 636 quo
1305 588 1492 626 Catilinae
1510 589 1563 626 si—

299 655 368 685 cas
390 644 587 691 devitavit,
614 642 758 694 quibus
779 643 935 692 pariter
952 641 1040 681 oiim
1067 643 1193 691 patria
1212 643 1357 691 peti-tus
1376 649 1449 688 est,
1471 654 1562 682 con-

298 700 461 739 cidisset
480 699 645 738 liberata
660 698 868 746 republica
886 702 1066 737 servator
1081 698 1184 736 eius.
1203 697 1254 736 si
1272 698 1444 746 denique
1460 698 1563 736 filiae

298 764 397 794 suae
425 755 542 792 funus
569 759 731 792 secutus
760 757 888 798 esset,
923 752 1135 790 etiamtunc
1171 752 1264 790 felix
1298 753 1398 790 moui
1425 753 1561 800 potuit.

298 820 379 848 non
398 809 566 846 vidisset
586 808 743 846 strictos
762 807 801 844 in
813 806 946 845 civilia
959 807 1092 854 capita
1115 816 1324 845 mucrones
1348 817 1422 845 nec
1437 807 1564 845 divisa

298 862 607 912 percussoribus
626 862 852 900 occisorum
870 861 990 907 bona,
1015 866 1060 899 ut
1073 861 1195 899 etiam
1215 861 1265 899 de
1284 871 1358 899 sue
1376 861 1563 909 perirent,

298 928 377 957 non
397 917 553 956 hastam
572 915 798 956 consularia
823 915 952 964 spolia
969 915 1206 954 vendentem
1224 925 1297 953 nec
1317 916 1462 954 caedes
1492 926 1564 954 nec

298 974 429 1011 locata
450 972 605 1019 publice
628 969 986 1017 latrocinia,³bella,
1016 971 1188 1019 rapinas,
1215 975 1365 1008 tantum
1386 970 1564 1009 Catilina—

258 1029 280 1063 6
299 1037 398 1065 rum.
431 1026 608 1064 Marcum
635 1025 821 1063 Catonem
848 1023 882 1063 si
909 1035 932 1062 a
948 1023 1085 1074 Cypro
1115 1030 1153 1062 et
1179 1024 1406 1064 hereditatis
1431 1026 1565 1073 regiae

299 1081 599 1129 dispensatione
624 1080 855 1118 redeuntem
890 1089 999 1117 mare
1025 1080 1260 1118 devorasset
1292 1081 1356 1118 vel
1380 1089 1472 1118 cum
1500 1080 1566 1118 illa

299 1136 390 1184 ipsa
417 1134 604 1183 pecunia,
643 1144 762 1182 quam
800 1133 1002 1171 adferebat
1031 1133 1140 1171 teivili
1174 1133 1277 1172 bello
1314 1135 1563 1182 stipendium,

298 1199 430 1229 nonne
451 1189 504 1227 illi
523 1189 625 1227 bene
640 1193 770 1227 actum
786 1189 915 1226 foi-etie
939 1188 1016 1226 hoc
1031 1192 1142 1226 certe
1158 1196 1294 1227 seeum
1311 1190 1476 1235 tulisset,
1497 1199 1563 1226 ne—

298 1245 442 1283 minem
472 1253 660 1282 ausurum
687 1252 821 1281 coram
843 1242 991 1281 Catone
1019 1252 1206 1290 peccare:
1242 1253 1346 1281 nunc
1373 1253 1564 1282 annorum

300 1299 468 1338 adiectio
486 1297 820 1346 'paucissimorum
846 1297 971 1335 virum
991 1297 1159 1336 libertati
1177 1307 1256 1337 non
1279 1308 1377 1336 suae
1402 1303 1563 1343 tantum,

301 1354 373 1392 sed
397 1353 580 1401 publicae
606 1357 739 1391 natum
767 1351 897 1400 coegit
912 1351 1127 1390 Caesarem
1155 1353 1302 1400 sugere,
1334 1352 1562 1401 Pompeium

300 1408 428 1456 sequi.
458 1408 552 1446 nihil
568 1417 667 1455 ergo
686 1408 778 1445 mali
801 1407 855 1445 illi
874 1407 1064 1444 inmatura
1077 1416 1185 1446 mors
1207 1405 1361 1446 adtulit=
1393 1407 1562 1448 omnium

300 1463 418 1500 etiam
435 1463 628 1500 malorum
646 1461 799 1500 remisit
813 1461 1052 1510 patientiam.

260 1516 279 1548 1
380 1517 478 1555 XXI.
507 1515 871 1565 „Nimistamen
892 1517 992 1554 cito
1012 1516 1230 1563 periitet
1253 1516 1564 1556 inmaturus.“

297 1572 469 1610 Primum
481 1572 768 1621 putasmultum]
781 1570 836 1608 illi
853 1570 1114 1618 superfuisse.
1145 1569 1426 1619 conprehende
1443 1582 1564 1619 quan—

298 1631 380 1664 tum
402 1626 615 1674 plurimum
634 1626 854 1679 procedere
871 1625 1020 1664 homini
1039 1625 1147 1662 licet:
1170 1631 1358 1674 quantum
1377 1630 1464 1665 est?
1499 1627 1564 1663 Ad

298 1681 578 1732 brevissimum
598 1684 755 1727 tempus
775 1678 880 1726 editi,
905 1677 985 1718 ¹cito
1005 1681 1159 1718 cessuri
1180 1677 1300 1719 loco*
1327 1681 1499 1719 venienti
1525 1680 1563 1718 in

301 1734 486 1783 pactum*
505 1735 583 1773 hoc
609 1734 876 1782 prospicimus
903 1734 1130 1782 hospitium.
1168 1734 1226 1773 [De
1246 1735 1399 1774 *nostris
1424 1735 1563 1774 ‘aetati-

299 1790 376 1828 bus
397 1791 552 1838 loquor,
581 1799 681 1837 quas
710 1788 926 1827 incredibili
956 1789 1154 1827 celeritate
1178 1789 1366 1829 ‘convolvi
1384 1788 1563 1829 constat?

301 1849 474 1893 conputa
487 1844 647 1882 urbium
667 1844 814 1882 secula.
854 1843 1008 1882 videbis
1037 1853 1155 1892 quam
1182 1854 1261 1882 non
1283 1845 1352 1883 diu*
1376 1845 1563 1891 steterint,

301 1899 416 1936 etiam
438 1909 541 1947 quae
558 1903 755 1938 vetustate
774 1898 1001 1946 gloriantur.
1039 1898 1070 1936 Ο
1082 1899 1208 1936 mnia
1223 1899 1329 1937 hum
1342 1910 1399 1938 an
1413 1909 1436 1937 a
1454 1898 1562 1937 bre-

301 1954 383 1991 via
401 1959 449 1992 et
468 1954 658 1992 caduca
677 1958 792 1991 sunt
819 1958 856 1991 et
875 1953 1012 1992 infiniti
1032 1953 1218 2001 temporis
1247 1954 1392 1991 nullam
1413 1958 1562 2001 partem

260 2007 282 2041 2
303 2009 552 2055 occupantia.
582 2007 738 2046 Terram
759 2008 860 2046 hanc
880 2018 970 2046 cum
987 2007 1149 2046 urbibus
1175 2009 1414 2055 populisque
1433 2012 1472 2045 et
1490 2007 1561 2045 flu·

302 2062 472 2100 minibus
493 2068 531 2101 et
552 2063 697 2101 ambitu
717 2063 835 2100 maris
851 2061 986 2111 puncti
1000 2063 1092 2100 ‘loco
1110 2062 1291 2110 ponimus
1310 2063 1362 2100 ad
1377 2062 1564 2102 universa

302 2117 544 2155 referentes:
564 2118 754 2156 minorem
773 2117 992 2165 portionem
1013 2122 1119 2155 aetas
1131 2122 1272 2155 nostra
1291 2126 1407 2165 quam
1427 2117 1562 2165 puncti

301 2169 432 2216 habet,
452 2171 486 2209 si
513 2173 618 2211 omni
638 2172 805 2220 tempori
826 2176 1078 2220 conparetur,
1089 2171 1205 2210 euius
1225 2172 1350 2211 maior
1377 2177 1438 2210 est
1453 2181 1562 2209 men—

303 2235 398 2264 sura
418 2236 536 2273 quam
555 2227 701 2274 mundi,
729 2231 867 2274 utpote
885 2222 975 2264 cum
993 2222 1056 2264 ille
1076 2235 1120 2264 se
1139 2226 1239 2264 intra
1257 2226 1373 2265 huius
1393 2227 1562 2274 spatium

302 2280 445 2320 totiens
473 2281 716 2320 remetiatur:
746 2279 842 2330 quid
871 2290 965 2328 ergo
988 2280 1154 2318 interest
1173 2280 1242 2327 [in]
1267 2281 1306 2319 id
1334 2281 1558 2328 extendere,
