1598 2606
299 213 326 251 6
669 210 712 247 L.
740 210 929 248 ANNAEI
957 209 1179 249 SENECAE

263 323 285 356 2
303 309 452 360 aliquid
475 309 650 356 videtur,
674 309 830 357 pungit,
859 318 938 346 non
965 308 1148 357 perforat.
1199 308 1276 348 Hic
1307 319 1404 348 vero
1437 310 1545 359 quod

303 375 467 405 acumen
487 367 574 402 est?
620 364 677 401 de
702 362 977 402 beneficiis
1004 363 1268 402 dicendum
1292 368 1368 402 est
1394 369 1440 404 et
1475 374 1544 403 or-

303 419 522 459 dinanda
546 428 648 465 res,
678 428 799 465 quae
825 417 1030 455 maxime
1055 416 1308 456 humanam
1332 418 1544 457 societa-

302 479 397 513 tem
427 473 634 520 adligat.
671 472 801 510 danda
817 472 882 512 lex
899 471 1021 519 vitae,
1055 481 1104 509 ne
1124 472 1197 510 sub
1218 472 1352 520 specie
1369 472 1543 520 benigni—

303 529 392 567 tatis
413 528 638 566 inconsulta‘
656 525 821 564 facilitas
841 527 994 573 placeat
1010 535 1083 563 nec
1109 526 1393 573 liberalitatem,
1427 538 1545 575 quam

303 593 378 621 nec
398 583 542 620 deesse
562 586 716 629 oportet
734 590 808 618 nec
832 579 1093 628 superfluere,
1122 580 1220 619 haec
1250 581 1339 629 ipsa
1358 581 1543 620 observa-

262 644 284 678 3
304 636 356 675 tio
376 636 602 683 restringat,
633 635 725 672 dum
744 637 943 682 temperat.
981 634 1148 672 docendi
1175 640 1265 673 sunt
1292 635 1455 673 libenter
1481 645 1543 673 ac-

303 690 456 738 cipere,
492 690 659 728 libenter
675 688 843 726 reddere
862 692 901 726 et
917 698 1099 736 magnum
1118 688 1216 736 ipsis
1239 693 1433 726 certamen
1453 700 1546 737 pro—

302 754 474 793 ponere,
503 754 573 782 eos
601 743 744 791 quibus
773 742 931 790 obligati
959 746 1049 781 sunt
1073 753 1116 780 re
1136 744 1345 791 animoque
1365 754 1444 784 non
1462 748 1544 782 tan-

300 804 383 838 tum
401 808 594 845 aequare,
624 797 695 835 sed
711 796 890 835 vincere:
924 797 1015 845 quia
1036 797 1101 845 qui
1123 798 1270 835 referre
1289 797 1451 844 gratiam
1476 797 1545 835 de—

301 854 387 900 bet,
414 862 627 900 numquam
648 851 920 899 consequitur,
946 851 1021 889 nisi
1053 852 1283 899 praecessit.
1317 851 1356 889 hi
1378 851 1546 890 doce-ndi

262 915 284 947 4
303 911 393 945 sunt
413 906 508 944 nihil
527 906 724 953 inputare,
752 905 806 943 illi
835 906 924 954 plus
954 905 1109 945 debere.
1149 906 1213 943 Ad
1231 906 1332 954 hanc
1351 905 1543 944 honestis-

304 962 440 999 simam
462 959 751 998 contentionem
769 958 971 998 beneficiis
989 959 1181 997 beneficia
1200 959 1379 998 vincendi
1399 961 1456 998 sic
1471 970 1545 998 nos

305 1015 534 1052 adhortatur
555 1013 822 1062 Chrysippus,
849 1019 891 1052 ut
910 1013 1013 1052 dicat
1029 1014 1239 1052 verendum
1254 1025 1344 1052 esse
1370 1025 1432 1062 ne,
1455 1014 1546 1062 quia

305 1069 480 1107 Charites
500 1067 605 1105 Iovis
625 1067 728 1104 filiae
748 1072 855 1112 sunt,
885 1078 1023 1114 parum
1043 1078 1086 1105 se
1105 1073 1252 1129 grate„
1233 1079 1368 1107 oerere
1389 1069 1545 1107 sacrile-

263 1131 284 1164 5
305 1123 411 1170 glum
438 1121 489 1159 sit
515 1125 648 1158 ettam
674 1121 787 1157 bellis
809 1121 948 1167 puellis
967 1122 1036 1159 fiat
1061 1122 1210 1159 iniuria.
1247 1123 1303 1161 Tu
1317 1133 1379 1161 me
1399 1121 1547 1170 aliquid

305 1186 438 1214 eorum
461 1175 580 1221 doce,
599 1183 670 1221 per
689 1183 791 1220 quae
806 1174 1097 1212 beneficentior
1108 1176 1332 1224 gratiorque
1351 1178 1546 1215 adversus

302 1230 405 1268 bene
424 1232 618 1266 merentes
638 1227 749 1274 fiam,
773 1236 846 1274 per
873 1238 973 1274 quae
998 1227 1250 1275 obligantium
1271 1231 1546 1278 obligatorum-

305 1294 382 1331 que
401 1283 518 1321 animi
538 1284 701 1328 certent,
721 1284 763 1319 ut
779 1280 845 1328 qui
860 1280 1137 1328 praestiterunt
1152 1282 1439 1331 obliviscantur,
1462 1296 1547 1332 per-

302 1338 413 1375 tinax
431 1337 481 1375 sit
501 1334 689 1374 memoria
708 1334 943 1372 debentium.
978 1335 1077 1373 istae
1101 1345 1196 1373 vero
1227 1337 1396 1385 ineptiae
1417 1340 1544 1386 poetis

303 1392 592 1439 relinquantur,
620 1388 763 1437 quibus
786 1398 902 1427 aures
924 1389 1120 1427 oblectare
1146 1392 1392 1438 propositum
1419 1398 1479 1431 est
1509 1399 1547 1432 et

265 1452 286 1486 6
306 1446 461 1484 dulcem
479 1444 649 1482 fabulam
676 1447 843 1481 nectere.
882 1447 921 1481 at
941 1444 1006 1490 qui
1032 1443 1187 1491 ingenia
1207 1455 1347 1484 sanare
1367 1451 1405 1484 et
1429 1447 1546 1485 fidem

306 1501 344 1538 in
361 1499 481 1538 rebus
499 1497 680 1536 humanis
693 1497 873 1545 retinere,
892 1498 1119 1536 memoriam
1135 1499 1353 1538 officiorum
1371 1501 1546 1549 ingerere

306 1554 445 1592 animis
469 1554 624 1599 volunt,
654 1551 758 1590 serio
778 1553 986 1600 loquantur
1009 1557 1046 1590 et
1064 1552 1215 1600 magnis
1237 1554 1386 1593 viribus
1413 1560 1545 1602 agant:

306 1607 383 1646 nisi
402 1608 502 1646 forte
521 1606 721 1645 existimas
741 1607 818 1644 levi
843 1616 888 1644 ac
909 1607 1090 1645 fabuloso
1112 1617 1292 1646 sermone
1320 1614 1357 1647 et
1381 1609 1545 1648 anilibus
1596 1631 1598 1656 4

306 1661 544 1710 argumentis
569 1660 769 1709 prohiberi
799 1671 922 1709 posse
947 1671 1030 1699 rem
1056 1662 1450 1711 perniciosissimam,
1477 1663 1543 1702 be-

305 1716 536 1755 neficiorum
556 1726 682 1754 novas
701 1714 866 1755 tabulas

384 1771 433 1809 V.
462 1769 541 1808 Sed
557 1769 886 1817 quemadmodum
909 1779 1155 1817 supervacua
1180 1748 1459 1820 transcurram,
1494 1771 1545 1810 ita

305 1835 547 1874 exponam
572 1834 787 1862 necesse
821 1829 899 1862 est
923 1824 1016 1862 hoc
1043 1824 1240 1872 primum
1267 1827 1412 1864 nobis
1432 1836 1544 1864 esse

304 1879 604 1926 discendum,
626 1878 741 1926 quid
761 1883 968 1926 accepto
988 1878 1235 1916 beneficio
1259 1880 1542 1920 debeamus:

305 1933 397 1971 dicit
415 1933 518 1971 enim
537 1933 682 1971 debere
700 1942 744 1970 se
769 1933 867 1971 alius
887 1933 1090 1980 pecuniam
1108 1944 1223 1981 quam
1247 1935 1417 1982 accepit,
1444 1934 1543 1973 alius
1582 1977 1583 1987 ἵ

306 1988 562 2033 consulatum,
580 1987 678 2025 alius
695 1987 968 2034 sacerdotium,
987 1987 1085 2025 alius
1101 1987 1354 2035 provinciam.
1386 1988 1460 2026 ista
1475 1999 1542 2026 au—
1581 1991 1583 2026 ,ἐ

265 2050 286 2083 2
306 2046 381 2080 tem
397 2047 486 2080 sunt
498 2041 723 2080 meritorum
739 2042 868 2089 signa,
893 2052 969 2079 non
985 2041 1131 2082 merita.
1150 2041 1235 2079 Non
1250 2046 1381 2088 potest
1395 2041 1540 2080 benefi-
1580 2060 1581 2070 2

306 2095 408 2134 cium
425 2107 542 2134 manu
558 2096 664 2144 tangi
682 2096 755 2134 sed
779 2096 906 2134 animo
921 2095 1077 2143 geritur.
1109 2096 1307 2133 multum
1330 2096 1457 2135 intel
1466 2101 1543 2135 est
1578 2092 1598 2135 53

304 2150 433 2188 inter
452 2150 703 2188 materiam
728 2150 975 2188 beneficii
995 2154 1040 2187 et
1058 2149 1371 2188 beneficium.
1408 2151 1541 2199 itaque
1576 2156 1598 2181 ¹¹

304 2214 377 2241 nec
394 2215 529 2242 aurum
544 2215 617 2242 nec
632 2209 834 2252 argentum
852 2214 925 2242 nec
945 2203 1154 2252 quicquam
1173 2213 1326 2252 eorum,
1348 2215 1448 2252 quae
1467 2216 1539 2253 pro

303 2258 482 2296 maximis
499 2259 760 2306 accipiuntur,
786 2257 1085 2297 beneficium
1107 2262 1198 2307 est,
1228 2259 1299 2296 sed
1325 2259 1436 2307 ipsa
1459 2260 1538 2298 tri-

302 2311 504 2350 buentis
532 2314 776 2352 voluntas.
813 2311 966 2360 inperiti
993 2315 1120 2350 autem
1139 2311 1179 2350 id
1201 2313 1309 2361 quod
1327 2314 1450 2352 oculis
1474 2324 1538 2353 oc-
1572 2327 1574 2331 ’
