1624 2626
302 156 383 220 244
516 179 557 216 L.
586 179 773 219 ANNAEI
801 178 1025 218 SENECAE
1056 180 1104 218 DI
1109 179 1184 218 AL
1210 178 1292 219 ΧΠ.

304 278 521 318 trahentem
546 276 764 316 necessitas
791 282 829 316 et
854 277 1015 316 victoris
1043 283 1168 326 metus
1188 277 1410 327 longinqua
1432 287 1549 325 quae·

304 338 453 371 rentem
472 331 509 368 in
528 330 677 368 Italiam
698 331 842 370 detulit.
884 332 956 376 Hic
976 332 1117 370 deinde
1137 333 1309 381 populus
1332 337 1427 380 quot
1446 332 1551 370 colo-

305 387 392 424 nias
425 386 463 423 in
493 394 649 423 omnem
677 386 915 431 provinciam
941 387 1070 425 misit?
1108 387 1346 435 ubicumque
1364 387 1456 425 vicit
1474 387 1549 424 Ro-

305 450 446 479 manus
465 439 625 477 habitat.
650 437 715 475 Ad
732 437 832 475 hanc
852 441 1176 486 conmutationem
1194 442 1372 480 locorum
1384 441 1552 480 libentes

306 495 466 534 nomina
492 492 637 531 dabant
667 496 705 529 et
731 491 875 529 relictis
895 494 971 533 aris
991 495 1074 535 suis
1094 501 1200 534 trans
1220 495 1342 534 maria
1361 496 1553 543 sequeba-

271 555 369 594 etur
395 549 561 587 colonos
592 555 727 584 senex.
768 544 850 582 Res
881 546 1035 593 quidem
1060 561 1140 589 non
1169 550 1367 588 desiderat
1386 551 1553 598 plurium
1586 573 1589 577 -

309 602 654 642 enumerationem.
679 610 799 638 unum
817 603 947 636 tamen
963 601 1144 651 adiciam,
1166 605 1272 652 quod
1293 605 1331 642 in
1352 605 1489 643 oculos
1510 613 1554 641 se

309 658 462 706 ingerit.
495 656 602 694 Haec
621 654 710 702 ipsa
728 653 858 691 insula
876 662 998 701 saepe
1014 655 1086 697 iam
1109 659 1278 698 cultores
1298 659 1471 697 mutavit.
1514 663 1554 696 ut

310 711 550 760 antiquiora,
591 718 694 770 quae
720 711 898 746 vetustas
927 707 1106 757 obduxit,
1137 718 1351 760 transeam,
1382 712 1554 751 Phocide

309 765 446 805 relicta
467 764 587 811 Graii,
617 762 685 811 qui
714 772 816 801 nunc
836 761 1051 799 Massiliam
1077 763 1265 815 incolunt,
1295 768 1405 816 prius
1425 767 1463 805 in
1482 767 1555 804 hac

310 820 441 859 insula
459 818 744 864 consederunt,
765 827 816 855 ex
836 826 915 864 qua
937 815 1031 863 quid
1051 825 1120 855 eos
1140 820 1346 869 fugaverit,
1367 822 1556 860 incertum

312 879 391 921 est,
420 878 546 912 utrum
575 871 676 911 coeli
696 871 866 933 gravitas
887 881 936 909 an
954 875 1218 933 praepotentis
1241 877 1371 915 Italiae
1391 885 1555 924 conspe—

313 935 397 967 ctus
418 938 467 965 an
486 931 626 966 natura
645 924 866 975 inportuosi
885 924 1022 962 maris:
1043 934 1131 962 nam
1147 925 1183 964 in
1200 937 1321 969 causa
1338 941 1417 969 non
1434 930 1557 968 fuisse

312 983 502 1021 feritatem
530 981 754 1020 accolarum
781 990 828 1018 eo
850 979 1034 1028 adparet,
1061 979 1169 1026 quod
1187 984 1350 1023 maxime
1367 991 1460 1024 tunc
1478 990 1557 1023 tru-

314 1038 424 1076 cibus
464 1042 502 1075 et
532 1036 742 1074 inconditis
780 1033 927 1072 Galliae
960 1033 1118 1081 populis
1152 1043 1196 1071 se
1234 1037 1556 1086 interposuerunt.

276 1100 298 1135 9
312 1091 564 1130 Transierunt
583 1090 725 1128 deinde
743 1089 906 1136 Ligures
926 1088 965 1124 in
986 1097 1091 1134 eam,
1115 1089 1347 1130 transierunt
1367 1099 1403 1131 et
1416 1095 1557 1141 Hispa-

314 1147 372 1193 ni,
399 1146 507 1194 quod
535 1156 586 1183 ex
614 1144 863 1183 similitudine
882 1143 979 1180 ritus
1001 1142 1182 1189 adparet:
1204 1143 1339 1184 eadem
1358 1148 1458 1186 enim
1477 1154 1557 1195 teg-

314 1205 444 1238 menta
470 1201 638 1248 capitum
666 1199 848 1246 idemque
868 1207 992 1245 genus
1014 1196 1272 1243 calciamenti,
1303 1201 1407 1245 quod
1427 1203 1558 1240 Canta-

313 1256 396 1293 bris
423 1259 502 1301 est,
531 1258 569 1292 et
596 1253 717 1291 verba
736 1252 941 1300 quaedam.
970 1261 1061 1288 nam
1079 1254 1183 1289 totus
1204 1260 1333 1289 sermo
1355 1262 1559 1294 conversa-

313 1310 419 1348 tione
436 1309 675 1347 Graecorum
692 1308 956 1355 Ligurumque
976 1316 999 1343 a
1016 1305 1142 1353 patrio
1163 1305 1340 1344 descivit.
1373 1306 1560 1348 deductae

315 1364 459 1401 deinde
489 1367 580 1401 sunt
608 1363 709 1400 duae
730 1361 873 1400 civium
890 1359 1157 1398 Romanorum
1175 1360 1373 1406 coloniae,
1402 1363 1519 1401 altera
1538 1376 1561 1401 a

315 1418 459 1465 Mario,
488 1418 611 1455 altera
636 1428 660 1455 a
680 1416 809 1455 Sulla:
836 1415 979 1454 totiens
998 1414 1114 1454 huius
1133 1413 1231 1453 aridi
1250 1418 1289 1454 et
1307 1414 1460 1463 spinosi
1478 1422 1561 1457 saxi

263 1481 306 1514 10
317 1477 485 1511 mutatus
507 1476 567 1510 est
586 1473 772 1520 populus.
799 1470 878 1509 Vix
899 1470 1068 1518 denique
1087 1470 1264 1508 invenies
1280 1471 1563 1517 ullamterram,

318 1538 435 1575 quam
469 1526 690 1571 etiamnunc
722 1526 931 1573 indigenae
964 1526 1105 1563 colant.
1150 1524 1343 1572 permixta
1369 1526 1500 1563 omnia
1529 1531 1566 1564 et

316 1582 483 1620 insiticia
503 1585 606 1619 sunt.
649 1580 749 1618 alius
775 1580 839 1618 alii
863 1580 1071 1617 successit.
1105 1578 1170 1617 hic
1191 1579 1436 1628 concupivit,
1459 1581 1568 1628 quod

316 1635 372 1674 illi
392 1635 547 1680 fastidio
569 1634 648 1679 fuit,
678 1634 742 1672 ille
760 1634 866 1672 unde
890 1634 1112 1682 expulerat,
1133 1633 1280 1672 eiectus
1301 1639 1374 1672 est.
1412 1634 1470 1673 Ita
1489 1635 1566 1673 sato

319 1691 466 1738 placuit
483 1688 628 1728 nullius
645 1688 703 1727 rei
723 1689 863 1727 eodem
883 1698 1041 1736 semper
1059 1689 1147 1727 loco
1169 1690 1273 1726 stare
1293 1689 1498 1727 fortunam.

282 1751 300 1783 1
397 1745 500 1782 VIII.
535 1742 1565 1791 Adversusipsamconmutationemloco-

316 1809 418 1837 rum
438 1798 622 1837 detractis
643 1798 783 1837 ceteris
803 1798 1075 1846 incommodis,
1092 1807 1192 1846 quae
1207 1796 1324 1836 exilio
1341 1797 1565 1846 adhaerent,

319 1852 444 1892 satis
464 1853 555 1892 hoc
574 1852 783 1891 remedii
802 1857 912 1900 putat
930 1853 1078 1900 Var'ro,
1100 1852 1351 1891 doctissimus
1371 1853 1564 1892 Romano-

317 1919 423 1955 rum,
463 1908 571 1956 quod
599 1917 850 1956 quocumque
877 1908 1077 1955 venimus,
1111 1905 1248 1945 eadem
1272 1917 1404 1947 rerum
1430 1913 1567 1947 natura

318 1962 504 2000 utendum
536 1967 608 2001 est.
650 1962 702 1999 Μ.
723 1962 867 2000 Brutus
901 1963 996 2000 satis
1023 1963 1100 2001 hoc
1126 1964 1260 2014 putat,
1286 1962 1394 2010 quod
1420 1962 1510 2004 licet
1528 1963 1586 1999 in,

284 2025 306 2058 2
321 2016 477 2055 exilium
498 2017 678 2056 euntibus
698 2017 862 2055 virtutes
883 2026 978 2055 suas
998 2027 1133 2055 secum
1151 2017 1265 2054 ferre.
1294 2016 1402 2055 Haec
1416 2016 1565 2055 etiamsi

322 2071 410 2117 quis
431 2072 586 2120 singula
602 2082 742 2121 parum
755 2072 899 2110 iudicat
915 2072 1092 2110 efficacia
1106 2070 1157 2108 ad
1172 2071 1455 2109 consolandum
1470 2081 1563 2109 exu-

320 2125 416 2172 lem,
442 2130 609 2175 utraque
635 2127 674 2164 in
697 2137 820 2165 unum
846 2127 986 2169 collata
1005 2124 1186 2170 fatebitur
1205 2124 1411 2172 plurimum
1430 2135 1563 2174 posse.

323 2181 550 2225 quantulum
577 2181 679 2219 enim
708 2185 786 2230 est,
822 2182 930 2230 quod
959 2180 1225 2230 perdidimus?
1260 2179 1338 2219 duo
1360 2190 1461 2229 quae
1476 2181 1564 2228 pul-

323 2232 514 2272 cherrima
541 2241 650 2284 sunt,
682 2246 932 2284 quocumque
957 2240 1030 2274 nos
1049 2234 1303 2282 moverimus,
1333 2240 1564 2284 sequentur:

280 2292 304 2326 3
321 2292 457 2326 natura
484 2291 699 2330 communis
727 2295 764 2329 et
790 2292 952 2339 propria
973 2290 1104 2329 virtus.
1146 2288 1191 2327 Id
1211 2295 1338 2329 actum
1360 2294 1438 2339 est,
1474 2289 1564 2328 mihi
1598 2320 1600 2322 .
