1592 2580
259 149 312 191 66
611 148 655 186 L.
681 146 871 186 ANNAEI
902 146 1127 186 SENECAE

217 254 239 287 2
259 250 360 287 ferre
378 247 541 295 gratiam
561 247 709 296 possit,
734 257 785 285 ex
807 246 1000 285 sententia
1017 256 1083 284 res
1105 250 1218 293 gesta
1238 247 1321 286 erit.
1374 246 1415 285 Si
1437 248 1508 287 uti-

258 303 345 341 litas
371 312 433 339 me
461 306 500 340 et
528 302 692 340 sordida
720 299 948 349 conputatio
976 300 1177 339 liberalem
1207 301 1318 348 facit,
1348 302 1381 340 si
1416 303 1510 340 nulli

259 367 441 404 prosum,
470 356 546 394 nisi
567 361 611 395 ut
635 356 804 394 invicem
829 356 893 392 ille
915 354 1008 393 mihi
1034 355 1180 403 prosit,
1210 365 1288 394 non
1316 356 1419 394 dabo
1441 357 1508 395 be-

258 409 441 449 neficium
468 410 736 458 proficiscenti
763 410 802 448 in
830 409 1011 448 diversas
1037 409 1355 459 longinquasque
1381 411 1509 459 regio-

258 476 349 511 nes,
379 464 559 503 abfuturo
584 475 754 513 semper.
797 474 876 502 non
897 463 1000 502 dabo
1021 463 1078 501 sic
1098 463 1274 511 adfecto,
1295 469 1338 503 ut
1360 476 1454 514 spes
1474 466 1510 503 ei

259 520 364 558 nulla
395 518 446 557 sit
473 518 791 558 convalescendi.
837 529 916 557 non
945 517 1048 556 dabo
1075 517 1163 566 ipse
1184 518 1393 567 deficiens,
1431 530 1510 558 non

216 586 238 619 3
259 575 361 612 enim
386 573 516 612 habeo
543 573 762 621 recipiendi
788 578 957 621 tempus.
1003 572 1123 620 Atqui
1150 577 1192 611 ut
1212 573 1316 612 scias
1335 585 1418 613 rem
1439 585 1511 622 per

257 639 302 667 se
330 628 592 675 expetendam
623 638 715 666 esse
749 628 1000 674 benefacere,
1031 626 1195 665 advenis
1223 628 1341 666 modo
1368 629 1406 666 in
1440 639 1510 667 no-

256 688 379 721 strum
399 682 539 720 delatis
555 686 711 731 portum
728 687 766 720 et
782 682 911 720 statim
925 681 1086 719 abituris
1102 682 1379 720 succurrimus.
1400 683 1510 730 igno-

255 743 294 776 to
314 737 504 784 naufrago
525 747 676 783 navem,
694 747 773 784 qua
799 736 1020 781 revehatur,
1040 740 1079 774 et
1097 735 1235 773 damus
1255 740 1294 774 et
1311 737 1509 775 struimus.

256 791 426 830 discedit
455 791 520 829 ille
541 791 607 829 vix
635 791 730 829 satis
760 795 853 829 noto
882 790 1019 828 salutis
1049 794 1211 828 auctore
1237 795 1276 828 et
1299 801 1511 838 numquam

256 846 423 894 amplius
460 846 497 883 in
532 850 790 893 conspectum
824 850 1004 883 nostrum
1033 854 1268 882 reversurus
1309 845 1508 884 debitores

255 900 370 939 nobis
391 900 490 938 deos
511 900 668 947 delegat
689 903 969 947 precaturque,
998 899 1051 936 illi
1072 909 1144 946 pro
1175 909 1220 936 se
1238 900 1399 946 gratiam
1421 900 1509 938 red-

256 955 369 992 dant:
410 954 562 993 interim
599 965 673 992 nos
710 954 818 992 iuvat
855 953 999 992 sterilis
1036 952 1218 991 beneficii
1256 954 1509 993 conscientia.

213 1017 235 1050 4
258 1009 356 1056 Quid
377 1019 466 1047 cum
490 1009 528 1047 in
548 1009 637 1056 ipso
658 1007 761 1046 vitae
786 1008 865 1046 fine
889 1008 1154 1053 constitimus,
1185 1018 1274 1046 cum
1302 1013 1510 1047 testamen-

255 1068 334 1101 tum
355 1063 604 1108 ordinamus,
632 1073 712 1101 non
731 1061 925 1100 beneficia
953 1061 1047 1099 nihil
1075 1061 1190 1100 nobis
1217 1063 1424 1111 profutura
1452 1063 1508 1101 di·

257 1117 453 1155 vidimus?
490 1121 678 1164 quantum
709 1116 899 1163 temporis
933 1116 1194 1163 consumitur,
1232 1117 1419 1164 quamdiu
1447 1127 1508 1156 se-

256 1175 362 1209 creto
381 1171 526 1218 agitur,
557 1175 745 1218 quantum
768 1175 808 1208 et
829 1170 972 1217 quibus
1001 1170 1169 1207 demus?
1200 1172 1294 1218 quid
1320 1172 1423 1209 enim
1451 1171 1508 1210 in-

213 1236 233 1268 5
255 1229 392 1271 terest,
415 1225 557 1273 quibus
578 1225 718 1263 demus
739 1235 763 1262 a
780 1225 886 1262 nullo
907 1224 1131 1271 recepturi?
1154 1225 1275 1272 Atqui
1296 1236 1509 1272 numquam

255 1278 478 1326 diligentius
510 1279 669 1326 damus,
708 1289 921 1326 numquam
947 1278 1071 1325 magis
1098 1278 1244 1316 iudIcia
1270 1284 1406 1317 nostra
1431 1284 1510 1318 tor-

256 1344 442 1382 quemus,
471 1344 588 1381 quam
614 1333 681 1371 ubi
710 1333 872 1371 remotis
900 1332 1127 1370 utilitatibus
1157 1333 1284 1371 solum
1305 1339 1394 1371 ante
1414 1344 1507 1373 ocu·

253 1389 314 1427 los
356 1387 564 1426 honestum
608 1388 730 1435 stetit,
771 1387 920 1426 tamdiu
956 1386 1176 1425 officiorum
1213 1388 1305 1425 mali
1344 1389 1508 1435 iudices,

256 1442 445 1490 quamdiu
464 1443 529 1480 illa
548 1443 738 1491 depravat
757 1452 852 1489 spes
873 1452 920 1480 ac
941 1446 1066 1479 metus
1087 1445 1126 1479 et
1145 1441 1424 1481 inertissimum
1451 1444 1508 1481 vi-

254 1496 367 1543 tium,
390 1497 592 1544 voluptas:
632 1496 700 1535 ubi
727 1506 833 1534 mors
854 1496 1070 1534 interclusit
1089 1496 1219 1533 omnia
1247 1501 1286 1535 et
1304 1498 1355 1534 ad
1382 1498 1508 1535 feren·

255 1551 344 1589 dam
374 1551 606 1589 sententiam
635 1551 903 1598 incorruptum
932 1549 1103 1588 iudicem
1130 1550 1252 1596 misit,
1284 1552 1508 1599 quaerimus

255 1604 528 1653 dignissimos,
548 1605 692 1654 quibus
712 1610 847 1645 nostra
866 1605 1067 1644 tradamus
1090 1614 1162 1642 nec
1183 1605 1393 1654 quicquam
1415 1616 1510 1644 cura

256 1659 451 1698 sanctiore
473 1661 733 1708 conponimus
759 1671 876 1708 quam
913 1660 1021 1707 quod
1049 1658 1100 1696 ad
1126 1670 1200 1697 nos
1223 1671 1301 1698 non
1329 1660 1507 1708 pertinet.

214 1724 235 1758 5
255 1715 313 1752 Ac
344 1714 569 1752 mehercule
601 1720 693 1753 tunc
725 1725 868 1762 magna
895 1714 1080 1761 voluptas
1115 1713 1221 1752 subit
1253 1715 1506 1762 cogitantem:

255 1768 358 1807 hunc
377 1779 452 1817 ego
472 1769 768 1816 locupletiorem
788 1769 925 1806 faciam
947 1772 985 1806 et
1004 1768 1119 1806 huius
1147 1768 1322 1815 dignitati
1343 1769 1507 1807 adiect1s

256 1823 398 1871 opibus
419 1823 569 1871 aliquid
588 1822 813 1871 splendoris
834 1823 1060 1860 adfundam.
1109 1821 1151 1860 Si
1171 1833 1249 1860 non
1273 1823 1412 1862 damus
1439 1824 1506 1862 be-

254 1877 397 1915 neficia
415 1878 490 1915 nisi
509 1878 726 1926 recepturi,
755 1877 947 1916 intestatis
967 1876 1211 1916 moriendum
1232 1877 1294 1914 sit.

214 1942 234 1974 1
332 1931 415 1969 XII.
445 1931 626 1979 „Dicitis,
654 1932 799 1980 inquit,
827 1931 1062 1970 beneficium
1083 1930 1272 1969 creditum
1299 1930 1506 1969 insolubile

256 1995 367 2025 esse:
395 1985 585 2025 creditum
611 1992 740 2025 autem
766 1997 845 2024 non
874 1990 935 2024 est
966 1995 1031 2023 res
1064 1995 1136 2034 per
1167 1995 1211 2024 se
1244 1985 1505 2032 expetenda.“

257 2040 352 2078 Cum
371 2041 562 2079 creditum
591 2041 779 2089 dicimus,
806 2040 976 2088 imagine
1003 2044 1041 2078 et
1066 2038 1324 2078 translatione
1349 2039 1504 2076 utimur.

256 2094 314 2132 sic
332 2095 435 2133 enim
455 2099 494 2134 et
515 2096 642 2143 legem
670 2095 818 2134 scimus
844 2094 936 2133 iusti
962 2094 1172 2141 iniustique
1191 2093 1364 2140 regulam
1393 2104 1504 2131 esse:

256 2152 294 2186 et
310 2150 449 2196 regula
467 2159 546 2188 non
567 2153 629 2188 est
645 2160 711 2188 res
740 2160 813 2197 per
840 2160 884 2188 se
909 2148 1142 2196 expetenda.
1187 2147 1238 2185 ad
1263 2147 1363 2185 haec
1383 2148 1505 2186 verba

257 2202 587 2243 demonstrandae
605 2203 663 2243 rei
683 2214 806 2242 causa
829 2203 1124 2241 descendimus:
1155 2212 1240 2240 cum
1270 2202 1358 2240 dico
1379 2202 1503 2240 credi-

256 2261 356 2304 tum,
386 2255 619 2307 intellegitur
648 2263 844 2308 tamquam
873 2256 1071 2297 creditum.
1113 2256 1174 2294 vis
1210 2256 1337 2298 scire?
1375 2255 1503 2295 adicio
