1624 2626
1584 0 1624 81 l

332 215 359 254 4
385 216 555 254 DIAL.I.
577 216 747 263 QUARE
763 217 954 264 ALIQUA
971 215 1270 254 INCOMMODA
1285 213 1432 253 BONIS
1447 214 1585 252 VIRIS

335 316 394 354 nis
422 316 519 354 locis
548 320 761 363 conspecta
782 315 969 352 miraculo
991 318 1099 360 sunt,
1129 318 1169 352 ut
1194 313 1232 351 in
1252 314 1391 351 mediis
1412 313 1596 352 fluctibus

335 373 506 409 calentes
533 381 660 418 aquae
694 375 732 407 et
759 379 863 408 nova
888 369 1103 406 insularum
1126 369 1163 406 in
1196 373 1308 406 vasto
1337 367 1596 405 exsilientium
1622 407 1624 413 ,

293 431 315 465 4
335 426 430 463 mari
458 425 597 472 spatia.
639 425 720 462 Iam
745 435 838 462 vero
866 422 898 461 si
920 423 1008 470 quis
1030 422 1302 461 observaverit
1327 421 1466 460 nudari
1485 422 1598 461 litora

334 481 474 531 pelago
496 480 533 516 in
556 489 600 517 se
626 479 839 516 recedente
861 478 1079 524 cademque
1100 477 1202 515 intra
1229 477 1413 524 exiguum
1440 481 1595 524 tempus

335 533 497 581 operiri,
531 533 672 584 credet⁸
691 543 811 571 caeca
833 532 1003 580 quadam
1021 531 1264 570 volutatione
1283 531 1401 569 modo
1423 530 1598 569 contrahi

332 589 459 626 undas
479 593 516 626 et
540 588 751 626 introrsum
772 588 854 635 agi,
883 586 1002 624 modo
1023 597 1230 634 erumpere
1258 590 1296 623 et
1315 596 1456 633 magno
1481 596 1599 623 cursu

332 647 513 691 repetere
533 643 667 680 sedem
688 653 818 688 suam,
848 651 936 679 cum
963 641 1112 679 interim
1140 641 1229 679 illae
1250 641 1495 688 portionibus
1516 650 1596 677 cre-

335 701 451 736 scunt
462 701 502 734 et
517 698 565 734 ad
583 697 720 734 horam
736 707 782 734 ac
798 696 901 734 diem
921 694 1092 734 subeunt
1107 695 1317 744 ampliores
1333 695 1597 742 minoresque,

334 757 450 800 prout
469 751 553 789 illas
573 752 708 788 lunare
725 752 841 789 sidus
851 750 1000 798 elicuit,
1017 751 1068 788 ad
1084 750 1195 789 cuius
1209 750 1410 788 arbitrium
1427 759 1598 788 oceanus

334 807 518 844 exundat.
567 805 647 843 Suo
667 805 742 842 ista
762 805 928 852 tempori
948 810 1199 843 reserventur
1218 815 1265 842 eo
1287 805 1444 852 quidem
1459 802 1597 851 magis,

292 867 313 899 5
336 861 442 908 quod
462 865 503 897 tu
522 871 601 898 non
621 859 775 898 dubitas
797 861 846 898 de
865 859 1130 907 providentia,
1153 860 1224 897 sed
1241 860 1411 907 quaeris.
1450 859 1492 895 In
1513 869 1599 906 gra-

333 916 425 953 tiam
451 919 488 952 te
508 915 691 952 reducam
718 921 805 952 cum
832 914 893 952 dis
913 914 1107 952 adversus
1136 915 1306 962 optimos
1335 914 1504 961 optimis.
1533 923 1600 950 ne-

335 980 413 1017 que
433 969 532 1006 enim
553 979 682 1006 rerum
699 974 837 1007 natura
854 969 997 1016 patitur
1011 973 1053 1006 ut
1071 980 1256 1015 umquam
1274 969 1379 1006 bona
1397 968 1511 1005 bonis
1531 977 1599 1004 no—

335 1028 459 1062 ceant.
499 1023 597 1060 inter
616 1023 744 1060 bonos
765 1023 872 1060 viros
900 1033 945 1060 ac
973 1024 1071 1061 deos
1093 1023 1260 1061 amicitia
1280 1027 1340 1061 est
1371 1022 1600 1060 conciliante

333 1079 485 1116 virtute.
516 1077 720 1114 amicitiam
743 1078 859 1115 dico?
894 1077 1011 1115 immo
1029 1077 1144 1115 etiam
1165 1076 1418 1116 necessitudo
1440 1082 1477 1114 et
1497 1076 1600 1114 simi-

334 1133 476 1178 litudo,
498 1132 683 1179 quoniam
704 1131 862 1179 quidem
883 1132 1012 1170 bonus
1034 1137 1210 1180 tempore
1225 1137 1372 1170 tantum
1391 1142 1414 1169 a
1434 1131 1509 1169 deo
1530 1131 1599 1167 dis-

334 1187 419 1233 sert,
435 1186 654 1233 discipulus
671 1187 755 1223 eius
773 1187 1067 1234 aemulatorque
1083 1191 1121 1224 et
1136 1197 1229 1224 vera
1245 1186 1468 1234 progenies,
1486 1195 1601 1233 quam

336 1251 480 1289 parens
501 1241 564 1277 ille
583 1241 834 1288 magnificus,
863 1240 1048 1279 virtutum
1069 1252 1146 1279 non
1175 1241 1273 1279 lenis
1296 1245 1475 1286 exactor,
1502 1240 1604 1277 sicut

295 1302 316 1337 6
338 1296 465 1334 severi
487 1299 618 1342 patres
639 1295 775 1332 durius
797 1295 950 1333 educat.
978 1296 1116 1342 ltaque
1131 1306 1218 1333 cum
1239 1295 1387 1333 videris
1403 1295 1531 1333 bonos
1548 1292 1601 1330 vi—

335 1361 402 1388 ros
423 1353 692 1396 acceptosque
708 1349 769 1386 dis
789 1349 987 1396 laborare,
1009 1350 1171 1396 sudare,
1193 1360 1264 1397 per
1284 1351 1450 1387 arduum
1465 1359 1601 1386 escen-

337 1406 450 1449 dere,
472 1404 598 1441 malos
619 1408 747 1441 autem
763 1403 945 1442 lascivire
962 1408 999 1441 et
1018 1403 1286 1451 voluptatibus
1307 1403 1448 1449 fluere,
1475 1403 1603 1449 cogita

336 1460 505 1497 filiorum
525 1469 598 1496 nos
618 1458 811 1496 modestia
826 1458 1028 1505 delectari,
1052 1459 1298 1496 vernularum
1317 1459 1484 1498 licentia.
1514 1458 1602 1495 illos

337 1513 546 1561 disciplina
572 1512 732 1551 tristiori
755 1511 963 1559 contineri,
991 1513 1129 1550 horum
1158 1513 1208 1550 ali
1236 1513 1470 1550 audaciam:v
1499 1512 1603 1549 idem

336 1568 405 1606 tibi
421 1568 471 1605 de
487 1568 562 1606 deo
579 1568 737 1615 liqueat.
760 1567 907 1604 bonum
923 1566 1047 1604 virum
1064 1568 1102 1604 in
1118 1567 1268 1605 deliciis
1286 1578 1362 1606 non
1379 1567 1515 1604 habet:
1536 1576 1602 1603 ex-

339 1622 507 1670 peritur,
527 1622 701 1669 indurat,
724 1621 799 1659 sibi
819 1621 925 1659 illum
946 1626 1068 1669 parat.

299 1680 318 1712 1
419 1677 465 1713 11.
509 1677 669 1723 Quare
707 1676 857 1713 multa
896 1675 1040 1713 bonis
1081 1677 1202 1714 viris
1242 1677 1458 1714 adversa
1497 1685 1601 1713 eve-

339 1732 503 1769 niunt?
529 1731 630 1768 Nihil
646 1731 826 1768 accidere
841 1730 946 1768 bono
961 1730 1046 1768 viro
1062 1731 1152 1768 mali
1171 1735 1317 1778 potest:
1341 1741 1420 1769 non
1435 1729 1602 1768 miscen-

337 1793 400 1824 tur
420 1784 626 1823 contraria.
657 1785 991 1832 Quemadmodum
1015 1790 1070 1823 tot
1089 1795 1243 1831 amnes,
1263 1790 1410 1823 tantum
1431 1794 1602 1832 superne

339 1840 580 1878 deiectorum
601 1839 801 1886 imbrium,
831 1844 938 1877 tanta
957 1839 1238 1878 medicatorum
1257 1839 1318 1877 vis
1343 1840 1505 1878 fontium
1525 1849 1603 1876 non

339 1900 489 1933 mutant
508 1905 692 1942 saporem
710 1894 847 1941 maris,
869 1905 918 1932 ne
932 1895 1128 1933 remittunt
1143 1894 1320 1942 quidem:
1349 1895 1402 1932 ita
1415 1895 1602 1932 adversa-

338 1960 425 1988 rum
443 1948 600 1997 inpetus
621 1959 748 1987 rerum
768 1948 840 1986 viri
859 1949 968 1987 fortis
984 1961 1063 1988 non
1078 1950 1193 1987 vertit
1211 1947 1392 1985 animum.
1421 1953 1550 1986 manet
1564 1948 1602 1984 in

341 2008 444 2042 statu
463 2009 502 2041 et
525 2004 713 2052 quicquid
731 2004 880 2050 evenit,
901 2004 937 2041 in
955 2015 1068 2042 suum
1082 2004 1253 2042 colorem
1273 2002 1399 2040 trahit.
1427 2008 1487 2040 est
1501 2002 1603 2039 enim

298 2063 319 2096 2
340 2058 522 2096 omnibus
542 2059 713 2097 externis
734 2059 942 2106 potentior.
970 2059 1051 2097 Nec
1069 2058 1146 2095 hoc
1161 2058 1271 2095 dico:
1300 2068 1377 2094 non
1394 2056 1510 2095 sentit
1525 2057 1600 2101 illa,

340 2113 414 2150 sed
435 2112 556 2150 vincit
582 2117 620 2150 et
648 2114 820 2162 alioquin
849 2115 1003 2162 quietus
1030 2111 1291 2161 placidusque
1318 2116 1452 2150 contra
1474 2111 1601 2149 incur-

338 2167 464 2205 rentia
477 2167 682 2205 adtollitur.
713 2168 842 2206 omnia
857 2169 1025 2206 adversa
1046 2167 1345 2205 exercitationes
1361 2171 1483 2214 putat.
1514 2165 1602 2214 quis

341 2226 489 2268 autem,
516 2222 577 2258 vir
594 2223 712 2260 modo
734 2228 771 2260 et
798 2228 954 2261 erectus
981 2222 1032 2260 ad
1058 2222 1242 2267 honesta,
1269 2231 1347 2259 non
1375 2226 1436 2258 est
1454 2220 1599 2259 laboris

342 2277 533 2325 adpetens
555 2275 644 2314 iusti
666 2282 702 2314 et
729 2278 779 2314 ad
807 2278 938 2316 officia
965 2286 1053 2315 cum
1074 2277 1247 2324 periculo
1270 2279 1502 2324 promptus?
1538 2275 1600 2312 cui

301 2337 322 2371 3
341 2341 417 2370 non
437 2330 630 2370 industrio
647 2332 763 2369 otium
781 2342 909 2378 poena
929 2335 1016 2370 est?
1043 2330 1218 2369 Athletas
1237 2331 1432 2378 videmus,
1457 2329 1598 2377 quibus
