<?xml version="1.0" encoding="UTF-8"?>
<!DOCTYPE html PUBLIC "-//W3C//DTD XHTML 1.0 Transitional//EN"
    "http://www.w3.org/TR/xhtml1/DTD/xhtml1-transitional.dtd">
<html xmlns="http://www.w3.org/1999/xhtml" xml:lang="en" lang="en">
 <head>
  <title>
</title>
<meta http-equiv="Content-Type" content="text/html;charset=utf-8" />
  <meta name='ocr-system' content='tesseract 3.04.00' />
  <meta name='ocr-capabilities' content='ocr_page ocr_carea ocr_par ocr_line ocrx_word'/>
</head>
<body>
  <div class='ocr_page' id='page_1' title='image "./operaquaesupersu01seneuoft_0192.png"; bbox 0 0 1624 2626; ppageno 0'>
   <div class='ocr_carea' id='block_1_1' title="bbox 315 161 1323 207">
    <p class='ocr_par' dir='ltr' id='par_1_1' title="bbox 315 161 1323 207">
     <span class='ocr_line' id='line_1_1' title="bbox 315 161 1323 207; baseline -0.004 0"><span class='ocrx_word' id='word_1_1' title='bbox 315 162 394 207; x_wconf 88' lang='grc'><strong>178</strong></span> <span class='ocrx_word' id='word_1_2' title='bbox 559 163 601 202; x_wconf 90' lang='lat' dir='ltr'><strong>L.</strong></span> <span class='ocrx_word' id='word_1_3' title='bbox 626 161 815 202; x_wconf 81' lang='lat' dir='ltr'><strong>ANNAEt</strong></span> <span class='ocrx_word' id='word_1_4' title='bbox 844 161 1069 201; x_wconf 88' lang='lat' dir='ltr'><strong>SENECAE</strong></span> <span class='ocrx_word' id='word_1_5' title='bbox 1100 163 1232 203; x_wconf 88' lang='lat' dir='ltr'><strong>DIAL.</strong></span> <span class='ocrx_word' id='word_1_6' title='bbox 1258 165 1323 203; x_wconf 87' lang='lat' dir='ltr'><strong>IX.</strong></span> 
     </span>
    </p>
   </div>
   <div class='ocr_carea' id='block_1_2' title="bbox 276 256 1624 1837">
    <p class='ocr_par' dir='ltr' id='par_1_2' title="bbox 276 256 1624 1837">
     <span class='ocr_line' id='line_1_2' title="bbox 312 256 1566 312; baseline -0.001 -9"><span class='ocrx_word' id='word_1_7' title='bbox 312 266 345 304; x_wconf 91' lang='lat' dir='ltr'><strong>si</strong></span> <span class='ocrx_word' id='word_1_8' title='bbox 373 269 529 312; x_wconf 89' lang='lat' dir='ltr'><strong>tempus</strong></span> <span class='ocrx_word' id='word_1_9' title='bbox 561 263 598 300; x_wconf 90' lang='lat' dir='ltr'><strong>in</strong></span> <span class='ocrx_word' id='word_1_10' title='bbox 627 262 757 300; x_wconf 87' lang='lat' dir='ltr'><strong>studia</strong></span> <span class='ocrx_word' id='word_1_11' title='bbox 780 261 984 307; x_wconf 79' lang='lat' dir='ltr'><strong>conseras,</strong></span> <span class='ocrx_word' id='word_1_12' title='bbox 1013 261 1120 309; x_wconf 86' lang='lat' dir='ltr'><strong>quod</strong></span> <span class='ocrx_word' id='word_1_13' title='bbox 1146 256 1384 300; x_wconf 85' lang='lat' dir='ltr'><strong>subduxeris</strong></span> <span class='ocrx_word' id='word_1_14' title='bbox 1412 263 1566 311; x_wconf 83' lang='lat' dir='ltr'><strong>officiis,</strong></span> 
     </span>
     <span class='ocr_line' id='line_1_3' title="bbox 310 314 1567 364; baseline 0 -7"><span class='ocrx_word' id='word_1_15' title='bbox 310 329 390 357; x_wconf 90' lang='lat' dir='ltr'><strong>non</strong></span> <span class='ocrx_word' id='word_1_16' title='bbox 411 316 639 356; x_wconf 79' lang='lat' dir='ltr'><strong>deserueris</strong></span> <span class='ocrx_word' id='word_1_17' title='bbox 661 326 734 354; x_wconf 90' lang='lat' dir='ltr'><strong>nec</strong></span> <span class='ocrx_word' id='word_1_18' title='bbox 754 325 896 353; x_wconf 88' lang='lat' dir='ltr'><strong>munus</strong></span> <span class='ocrx_word' id='word_1_19' title='bbox 917 314 1210 355; x_wconf 70' lang='lat' dir='ltr'><strong>detrectaveris.</strong></span> <span class='ocrx_word' id='word_1_20' title='bbox 1238 326 1368 364; x_wconf 89' lang='lat' dir='ltr'><strong>neque</strong></span> <span class='ocrx_word' id='word_1_21' title='bbox 1382 317 1485 354; x_wconf 88' lang='lat' dir='ltr'><strong>enim</strong></span> <span class='ocrx_word' id='word_1_22' title='bbox 1502 318 1567 357; x_wconf 87' lang='lat' dir='ltr'><strong>ille</strong></span> 
     </span>
     <span class='ocr_line' id='line_1_4' title="bbox 311 370 1567 419; baseline -0.002 -7"><span class='ocrx_word' id='word_1_23' title='bbox 311 374 423 412; x_wconf 86' lang='lat' dir='ltr'><strong>solus</strong></span> <span class='ocrx_word' id='word_1_24' title='bbox 439 372 594 419; x_wconf 83' lang='lat' dir='ltr'><strong>militat,</strong></span> <span class='ocrx_word' id='word_1_25' title='bbox 614 372 682 419; x_wconf 88' lang='lat' dir='ltr'><strong>qui</strong></span> <span class='ocrx_word' id='word_1_26' title='bbox 697 371 734 408; x_wconf 92' lang='lat' dir='ltr'><strong>in</strong></span> <span class='ocrx_word' id='word_1_27' title='bbox 753 370 837 408; x_wconf 86' lang='lat' dir='ltr'><strong>acie</strong></span> <span class='ocrx_word' id='word_1_28' title='bbox 857 374 936 408; x_wconf 82' lang='lat' dir='ltr'><strong>stat</strong></span> <span class='ocrx_word' id='word_1_29' title='bbox 949 373 988 407; x_wconf 87' lang='lat' dir='ltr'><strong>et</strong></span> <span class='ocrx_word' id='word_1_30' title='bbox 1003 379 1126 408; x_wconf 87' lang='lat' dir='ltr'><strong>cornu</strong></span> <span class='ocrx_word' id='word_1_31' title='bbox 1141 370 1321 408; x_wconf 88' lang='lat' dir='ltr'><strong>dextrum</strong></span> <span class='ocrx_word' id='word_1_32' title='bbox 1335 371 1567 419; x_wconf 86' lang='lat' dir='ltr'><strong>laevumque</strong></span> 
     </span>
     <span class='ocr_line' id='line_1_5' title="bbox 312 424 1567 474; baseline -0.002 -8"><span class='ocrx_word' id='word_1_33' title='bbox 312 428 505 474; x_wconf 76' lang='lat' dir='ltr'><strong>defendit,</strong></span> <span class='ocrx_word' id='word_1_34' title='bbox 533 426 607 464; x_wconf 85' lang='lat' dir='ltr'><strong>sed</strong></span> <span class='ocrx_word' id='word_1_35' title='bbox 627 426 694 474; x_wconf 90' lang='lat' dir='ltr'><strong>qui</strong></span> <span class='ocrx_word' id='word_1_36' title='bbox 714 430 849 473; x_wconf 79' lang='lat' dir='ltr'><strong>portas</strong></span> <span class='ocrx_word' id='word_1_37' title='bbox 866 428 997 462; x_wconf 84' lang='lat' dir='ltr'><strong>tuetur</strong></span> <span class='ocrx_word' id='word_1_38' title='bbox 1014 429 1054 462; x_wconf 88' lang='lat' dir='ltr'><strong>et</strong></span> <span class='ocrx_word' id='word_1_39' title='bbox 1072 425 1240 463; x_wconf 86' lang='lat' dir='ltr'><strong>statione</strong></span> <span class='ocrx_word' id='word_1_40' title='bbox 1267 424 1396 463; x_wconf 90' lang='lat' dir='ltr'><strong>minus</strong></span> <span class='ocrx_word' id='word_1_41' title='bbox 1417 427 1567 474; x_wconf 87' lang='lat' dir='ltr'><strong>pericu-</strong></span> 
     </span>
     <span class='ocr_line' id='line_1_6' title="bbox 312 477 1570 528; baseline -0.004 -6"><span class='ocrx_word' id='word_1_42' title='bbox 312 485 418 528; x_wconf 82' lang='lat' dir='ltr'><strong>losa,</strong></span> <span class='ocrx_word' id='word_1_43' title='bbox 434 493 514 520; x_wconf 92' lang='lat' dir='ltr'><strong>non</strong></span> <span class='ocrx_word' id='word_1_44' title='bbox 526 480 655 520; x_wconf 85' lang='lat' dir='ltr'><strong>otiosa</strong></span> <span class='ocrx_word' id='word_1_45' title='bbox 668 485 795 518; x_wconf 89' lang='lat' dir='ltr'><strong>tamen</strong></span> <span class='ocrx_word' id='word_1_46' title='bbox 813 478 986 526; x_wconf 82' lang='lat' dir='ltr'><strong>fungitur</strong></span> <span class='ocrx_word' id='word_1_47' title='bbox 1001 477 1234 527; x_wconf 81' lang='lat' dir='ltr'><strong>vigiliasque</strong></span> <span class='ocrx_word' id='word_1_48' title='bbox 1250 483 1382 518; x_wconf 78' lang='lat' dir='ltr'><strong>servat</strong></span> <span class='ocrx_word' id='word_1_49' title='bbox 1394 485 1433 519; x_wconf 87' lang='lat' dir='ltr'><strong>et</strong></span> <span class='ocrx_word' id='word_1_50' title='bbox 1446 490 1570 518; x_wconf 77' lang='lat' dir='ltr'><strong>arma-</strong></span> 
     </span>
     <span class='ocr_line' id='line_1_7' title="bbox 312 533 1570 584; baseline -0.002 -9"><span class='ocrx_word' id='word_1_51' title='bbox 312 537 501 575; x_wconf 86' lang='lat' dir='ltr'><strong>mentario</strong></span> <span class='ocrx_word' id='word_1_52' title='bbox 518 539 696 584; x_wconf 83' lang='lat' dir='ltr'><strong>praeest:</strong></span> <span class='ocrx_word' id='word_1_53' title='bbox 719 543 821 582; x_wconf 87' lang='lat' dir='ltr'><strong>quae</strong></span> <span class='ocrx_word' id='word_1_54' title='bbox 836 533 1051 571; x_wconf 85' lang='lat' dir='ltr'><strong>ministeria</strong></span> <span class='ocrx_word' id='word_1_55' title='bbox 1067 533 1247 581; x_wconf 86' lang='lat' dir='ltr'><strong>quamvis</strong></span> <span class='ocrx_word' id='word_1_56' title='bbox 1262 533 1468 573; x_wconf 83' lang='lat' dir='ltr'><strong>incruenta</strong></span> <span class='ocrx_word' id='word_1_57' title='bbox 1481 535 1570 583; x_wconf 91' lang='lat' dir='ltr'><strong>sint,</strong></span> 
     </span>
     <span class='ocr_line' id='line_1_8' title="bbox 276 587 1570 638; baseline -0.004 -7"><span class='ocrx_word' id='word_1_58' title='bbox 276 599 297 633; x_wconf 89' lang='lat'><strong>6</strong></span> <span class='ocrx_word' id='word_1_59' title='bbox 312 592 351 630; x_wconf 90' lang='lat' dir='ltr'><strong>in</strong></span> <span class='ocrx_word' id='word_1_60' title='bbox 378 601 582 630; x_wconf 89' lang='lat' dir='ltr'><strong>numerum</strong></span> <span class='ocrx_word' id='word_1_61' title='bbox 603 589 887 638; x_wconf 68' lang='lat' dir='ltr'>stipendiorum</span> <span class='ocrx_word' id='word_1_62' title='bbox 905 587 1079 626; x_wconf 90' lang='lat' dir='ltr'><strong>veniunt.</strong></span> <span class='ocrx_word' id='word_1_63' title='bbox 1118 588 1159 626; x_wconf 91' lang='lat' dir='ltr'><strong>Si</strong></span> <span class='ocrx_word' id='word_1_64' title='bbox 1181 593 1218 626; x_wconf 90' lang='lat' dir='ltr'><strong>te</strong></span> <span class='ocrx_word' id='word_1_65' title='bbox 1235 589 1288 626; x_wconf 91' lang='lat' dir='ltr'><strong>ad</strong></span> <span class='ocrx_word' id='word_1_66' title='bbox 1308 589 1438 627; x_wconf 88' lang='lat' dir='ltr'><strong>studia</strong></span> <span class='ocrx_word' id='word_1_67' title='bbox 1456 599 1570 627; x_wconf 87' lang='lat' dir='ltr'><strong>revo-</strong></span> 
     </span>
     <span class='ocr_line' id='line_1_9' title="bbox 313 642 1572 692; baseline -0.002 -8"><span class='ocrx_word' id='word_1_68' title='bbox 313 645 487 692; x_wconf 84' lang='lat' dir='ltr'>caveris,</span> <span class='ocrx_word' id='word_1_69' title='bbox 517 654 633 683; x_wconf 88' lang='lat' dir='ltr'><strong>omne</strong></span> <span class='ocrx_word' id='word_1_70' title='bbox 652 643 755 681; x_wconf 83' lang='lat' dir='ltr'><strong>vitae</strong></span> <span class='ocrx_word' id='word_1_71' title='bbox 775 642 972 681; x_wconf 81' lang='lat' dir='ltr'><strong>fastidium</strong></span> <span class='ocrx_word' id='word_1_72' title='bbox 992 642 1180 690; x_wconf 80' lang='lat' dir='ltr'><strong>effugeris</strong></span> <span class='ocrx_word' id='word_1_73' title='bbox 1204 653 1278 681; x_wconf 87' lang='lat' dir='ltr'><strong>nec</strong></span> <span class='ocrx_word' id='word_1_74' title='bbox 1305 648 1459 681; x_wconf 85' lang='lat' dir='ltr'><strong>noctem</strong></span> <span class='ocrx_word' id='word_1_75' title='bbox 1486 644 1572 681; x_wconf 86' lang='lat' dir='ltr'><strong>fieri</strong></span> 
     </span>
     <span class='ocr_line' id='line_1_10' title="bbox 314 697 1572 749; baseline -0.002 -10"><span class='ocrx_word' id='word_1_76' title='bbox 314 700 469 749; x_wconf 83' lang='lat' dir='ltr'><strong>optabis</strong></span> <span class='ocrx_word' id='word_1_77' title='bbox 488 699 621 738; x_wconf 85' lang='lat' dir='ltr'><strong>taedio</strong></span> <span class='ocrx_word' id='word_1_78' title='bbox 640 698 752 744; x_wconf 87' lang='lat' dir='ltr'><strong>lucis,</strong></span> <span class='ocrx_word' id='word_1_79' title='bbox 772 708 846 735; x_wconf 89' lang='lat' dir='ltr'><strong>nec</strong></span> <span class='ocrx_word' id='word_1_80' title='bbox 860 697 928 735; x_wconf 86' lang='lat' dir='ltr'><strong>tibi</strong></span> <span class='ocrx_word' id='word_1_81' title='bbox 940 697 1074 744; x_wconf 81' lang='lat' dir='ltr'><strong>gravis</strong></span> <span class='ocrx_word' id='word_1_82' title='bbox 1094 697 1172 735; x_wconf 87' lang='lat' dir='ltr'><strong>eris</strong></span> <span class='ocrx_word' id='word_1_83' title='bbox 1190 707 1264 735; x_wconf 89' lang='lat' dir='ltr'><strong>nec</strong></span> <span class='ocrx_word' id='word_1_84' title='bbox 1280 698 1366 735; x_wconf 90' lang='lat' dir='ltr'><strong>aliis</strong></span> <span class='ocrx_word' id='word_1_85' title='bbox 1382 708 1572 746; x_wconf 88' lang='lat' dir='ltr'><strong>superva-</strong></span> 
     </span>
     <span class='ocr_line' id='line_1_11' title="bbox 315 751 1571 800; baseline -0.002 -7"><span class='ocrx_word' id='word_1_86' title='bbox 315 765 425 793; x_wconf 85' lang='lat' dir='ltr'><strong>cuus.</strong></span> <span class='ocrx_word' id='word_1_87' title='bbox 461 754 604 792; x_wconf 74' lang='lat' dir='ltr'><strong>multos</strong></span> <span class='ocrx_word' id='word_1_88' title='bbox 618 753 656 790; x_wconf 90' lang='lat' dir='ltr'><strong>in</strong></span> <span class='ocrx_word' id='word_1_89' title='bbox 677 752 883 790; x_wconf 78' lang='lat' dir='ltr'>amicitiam</span> <span class='ocrx_word' id='word_1_90' title='bbox 900 751 1085 790; x_wconf 80' lang='lat' dir='ltr'>adtrahes</span> <span class='ocrx_word' id='word_1_91' title='bbox 1102 751 1332 800; x_wconf 86' lang='lat' dir='ltr'><strong>adfluetque</strong></span> <span class='ocrx_word' id='word_1_92' title='bbox 1352 753 1402 790; x_wconf 84' lang='lat' dir='ltr'><strong>ad</strong></span> <span class='ocrx_word' id='word_1_93' title='bbox 1416 757 1455 790; x_wconf 88' lang='lat' dir='ltr'><strong>te</strong></span> <span class='ocrx_word' id='word_1_94' title='bbox 1473 753 1571 800; x_wconf 84' lang='lat' dir='ltr'><strong>opti-</strong></span> 
     </span>
     <span class='ocr_line' id='line_1_12' title="bbox 314 806 1574 857; baseline -0.002 -10"><span class='ocrx_word' id='word_1_95' title='bbox 314 820 402 847; x_wconf 91' lang='lat' dir='ltr'><strong>mus</strong></span> <span class='ocrx_word' id='word_1_96' title='bbox 422 809 604 857; x_wconf 86' lang='lat' dir='ltr'><strong>quisque.</strong></span> <span class='ocrx_word' id='word_1_97' title='bbox 633 816 846 854; x_wconf 82' lang='lat' dir='ltr'><strong>numquam</strong></span> <span class='ocrx_word' id='word_1_98' title='bbox 866 806 968 844; x_wconf 88' lang='lat' dir='ltr'><strong>enim</strong></span> <span class='ocrx_word' id='word_1_99' title='bbox 986 806 1167 854; x_wconf 84' lang='lat' dir='ltr'><strong>quamvis</strong></span> <span class='ocrx_word' id='word_1_100' title='bbox 1186 807 1357 844; x_wconf 84' lang='lat' dir='ltr'><strong>obscura</strong></span> <span class='ocrx_word' id='word_1_101' title='bbox 1373 807 1501 845; x_wconf 86' lang='lat' dir='ltr'><strong>virtus</strong></span> <span class='ocrx_word' id='word_1_102' title='bbox 1519 809 1574 845; x_wconf 86' lang='lat' dir='ltr'><strong>la—</strong></span> 
     </span>
     <span class='ocr_line' id='line_1_13' title="bbox 315 861 1576 910; baseline -0.002 -8"><span class='ocrx_word' id='word_1_103' title='bbox 315 869 388 910; x_wconf 83' lang='lat' dir='ltr'><strong>tet,</strong></span> <span class='ocrx_word' id='word_1_104' title='bbox 413 863 485 901; x_wconf 90' lang='lat' dir='ltr'><strong>sed</strong></span> <span class='ocrx_word' id='word_1_105' title='bbox 505 863 616 901; x_wconf 83' lang='lat' dir='ltr'><strong>mittit</strong></span> <span class='ocrx_word' id='word_1_106' title='bbox 636 862 698 900; x_wconf 86' lang='lat' dir='ltr'><strong>sui</strong></span> <span class='ocrx_word' id='word_1_107' title='bbox 718 861 850 909; x_wconf 79' lang='lat' dir='ltr'><strong>signa:</strong></span> <span class='ocrx_word' id='word_1_108' title='bbox 876 861 1057 909; x_wconf 86' lang='lat' dir='ltr'><strong>quisquis</strong></span> <span class='ocrx_word' id='word_1_109' title='bbox 1080 861 1222 909; x_wconf 82' lang='lat' dir='ltr'><strong>dignus</strong></span> <span class='ocrx_word' id='word_1_110' title='bbox 1244 861 1377 909; x_wconf 77' lang='lat' dir='ltr'><strong>fuerit,</strong></span> <span class='ocrx_word' id='word_1_111' title='bbox 1398 862 1576 910; x_wconf 84' lang='lat' dir='ltr'><strong>vestigiis</strong></span> 
     </span>
     <span class='ocr_line' id='line_1_14' title="bbox 280 916 1577 964; baseline -0.002 -8"><span class='ocrx_word' id='word_1_112' title='bbox 280 925 299 960; x_wconf 86' lang='lat'><strong>7</strong></span> <span class='ocrx_word' id='word_1_113' title='bbox 316 919 419 956; x_wconf 88' lang='lat' dir='ltr'><strong>illam</strong></span> <span class='ocrx_word' id='word_1_114' title='bbox 439 917 607 964; x_wconf 85' lang='lat' dir='ltr'><strong>colliget.</strong></span> <span class='ocrx_word' id='word_1_115' title='bbox 648 916 746 954; x_wconf 83' lang='lat' dir='ltr'><strong>Nam</strong></span> <span class='ocrx_word' id='word_1_116' title='bbox 764 916 797 954; x_wconf 94' lang='lat' dir='ltr'><strong>si</strong></span> <span class='ocrx_word' id='word_1_117' title='bbox 813 925 970 954; x_wconf 90' lang='lat' dir='ltr'><strong>omnem</strong></span> <span class='ocrx_word' id='word_1_118' title='bbox 989 917 1331 955; x_wconf 81' lang='lat' dir='ltr'>conversationem</span> <span class='ocrx_word' id='word_1_119' title='bbox 1346 916 1523 955; x_wconf 81' lang='lat' dir='ltr'><strong>tollimus.</strong></span> <span class='ocrx_word' id='word_1_120' title='bbox 1536 921 1577 954; x_wconf 86' lang='lat' dir='ltr'><strong>et</strong></span> 
     </span>
     <span class='ocr_line' id='line_1_15' title="bbox 315 970 1574 1021; baseline -0.002 -11"><span class='ocrx_word' id='word_1_121' title='bbox 315 972 451 1021; x_wconf 84' lang='lat' dir='ltr'><strong>generi</strong></span> <span class='ocrx_word' id='word_1_122' title='bbox 484 972 655 1009; x_wconf 84' lang='lat' dir='ltr'><strong>humano</strong></span> <span class='ocrx_word' id='word_1_123' title='bbox 686 970 955 1008; x_wconf 78' lang='lat' dir='ltr'><strong>renuntiamus</strong></span> <span class='ocrx_word' id='word_1_124' title='bbox 981 971 1233 1019; x_wconf 88' lang='lat' dir='ltr'><strong>vivimusque</strong></span> <span class='ocrx_word' id='word_1_125' title='bbox 1259 971 1298 1009; x_wconf 90' lang='lat' dir='ltr'><strong>in</strong></span> <span class='ocrx_word' id='word_1_126' title='bbox 1325 978 1400 1010; x_wconf 83' lang='lat' dir='ltr'><strong>nos</strong></span> <span class='ocrx_word' id='word_1_127' title='bbox 1426 975 1574 1009; x_wconf 88' lang='lat' dir='ltr'><strong>tantum</strong></span> 
     </span>
     <span class='ocr_line' id='line_1_16' title="bbox 319 1024 1575 1073; baseline -0.002 -8"><span class='ocrx_word' id='word_1_128' title='bbox 319 1026 523 1072; x_wconf 89' lang='lat' dir='ltr'><strong>conversi,</strong></span> <span class='ocrx_word' id='word_1_129' title='bbox 550 1029 741 1073; x_wconf 89' lang='lat' dir='ltr'><strong>sequetur</strong></span> <span class='ocrx_word' id='word_1_130' title='bbox 758 1024 861 1062; x_wconf 81' lang='lat' dir='ltr'><strong>hanc</strong></span> <span class='ocrx_word' id='word_1_131' title='bbox 881 1024 1134 1063; x_wconf 83' lang='lat' dir='ltr'><strong>solitudinem</strong></span> <span class='ocrx_word' id='word_1_132' title='bbox 1162 1026 1268 1064; x_wconf 90' lang='lat' dir='ltr'><strong>omni</strong></span> <span class='ocrx_word' id='word_1_133' title='bbox 1288 1026 1419 1064; x_wconf 89' lang='lat' dir='ltr'><strong>studio</strong></span> <span class='ocrx_word' id='word_1_134' title='bbox 1440 1035 1575 1063; x_wconf 84' lang='lat' dir='ltr'><strong>caren-</strong></span> 
     </span>
     <span class='ocr_line' id='line_1_17' title="bbox 317 1079 1576 1128; baseline -0.002 -9"><span class='ocrx_word' id='word_1_135' title='bbox 317 1087 395 1119; x_wconf 84' lang='lat' dir='ltr'><strong>tem</strong></span> <span class='ocrx_word' id='word_1_136' title='bbox 418 1080 551 1128; x_wconf 85' lang='lat' dir='ltr'><strong>inopia</strong></span> <span class='ocrx_word' id='word_1_137' title='bbox 577 1089 707 1117; x_wconf 87' lang='lat' dir='ltr'><strong>rerum</strong></span> <span class='ocrx_word' id='word_1_138' title='bbox 734 1079 992 1126; x_wconf 85' lang='lat' dir='ltr'><strong>agendarum=</strong></span> <span class='ocrx_word' id='word_1_139' title='bbox 1030 1079 1264 1127; x_wconf 85' lang='lat' dir='ltr'><strong>incipiemus</strong></span> <span class='ocrx_word' id='word_1_140' title='bbox 1293 1079 1474 1118; x_wconf 87' lang='lat' dir='ltr'><strong>aedificia</strong></span> <span class='ocrx_word' id='word_1_141' title='bbox 1501 1080 1576 1118; x_wconf 82' lang='lat' dir='ltr'><strong>alia</strong></span> 
     </span>
     <span class='ocr_line' id='line_1_18' title="bbox 319 1132 1576 1184; baseline -0.001 -11"><span class='ocrx_word' id='word_1_142' title='bbox 319 1145 488 1184; x_wconf 89' lang='lat' dir='ltr'><strong>ponere,</strong></span> <span class='ocrx_word' id='word_1_143' title='bbox 522 1132 599 1172; x_wconf 87' lang='lat' dir='ltr'><strong>alia</strong></span> <span class='ocrx_word' id='word_1_144' title='bbox 632 1133 863 1172; x_wconf 87' lang='lat' dir='ltr'><strong>subvertere</strong></span> <span class='ocrx_word' id='word_1_145' title='bbox 899 1137 937 1171; x_wconf 88' lang='lat' dir='ltr'><strong>et</strong></span> <span class='ocrx_word' id='word_1_146' title='bbox 969 1143 1078 1171; x_wconf 86' lang='lat' dir='ltr'><strong>mare</strong></span> <span class='ocrx_word' id='word_1_147' title='bbox 1105 1135 1343 1173; x_wconf 85' lang='lat' dir='ltr'><strong>submovere</strong></span> <span class='ocrx_word' id='word_1_148' title='bbox 1377 1140 1416 1173; x_wconf 85' lang='lat' dir='ltr'><strong>et</strong></span> <span class='ocrx_word' id='word_1_149' title='bbox 1447 1145 1576 1182; x_wconf 87' lang='lat' dir='ltr'><strong>aquas</strong></span> 
     </span>
     <span class='ocr_line' id='line_1_19' title="bbox 319 1188 1576 1237; baseline -0.002 -9"><span class='ocrx_word' id='word_1_150' title='bbox 319 1195 455 1228; x_wconf 85' lang='lat' dir='ltr'><strong>contra</strong></span> <span class='ocrx_word' id='word_1_151' title='bbox 482 1188 750 1227; x_wconf 85' lang='lat' dir='ltr'><strong>difficultatem</strong></span> <span class='ocrx_word' id='word_1_152' title='bbox 777 1188 955 1226; x_wconf 87' lang='lat' dir='ltr'><strong>locorum</strong></span> <span class='ocrx_word' id='word_1_153' title='bbox 974 1188 1143 1226; x_wconf 84' lang='lat' dir='ltr'><strong>educere</strong></span> <span class='ocrx_word' id='word_1_154' title='bbox 1162 1194 1200 1226; x_wconf 90' lang='lat' dir='ltr'><strong>et</strong></span> <span class='ocrx_word' id='word_1_155' title='bbox 1218 1190 1321 1227; x_wconf 85' lang='lat' dir='ltr'><strong>male</strong></span> <span class='ocrx_word' id='word_1_156' title='bbox 1339 1188 1576 1237; x_wconf 87' lang='lat' dir='ltr'><strong>dispensare</strong></span> 
     </span>
     <span class='ocr_line' id='line_1_20' title="bbox 282 1242 1576 1292; baseline -0.002 -10"><span class='ocrx_word' id='word_1_157' title='bbox 282 1253 304 1286; x_wconf 84' lang='lat'>8</span> <span class='ocrx_word' id='word_1_158' title='bbox 320 1249 497 1292; x_wconf 90' lang='lat' dir='ltr'><strong>tempus,</strong></span> <span class='ocrx_word' id='word_1_159' title='bbox 536 1243 644 1291; x_wconf 89' lang='lat' dir='ltr'><strong>quod</strong></span> <span class='ocrx_word' id='word_1_160' title='bbox 677 1242 791 1281; x_wconf 88' lang='lat' dir='ltr'><strong>nobis</strong></span> <span class='ocrx_word' id='word_1_161' title='bbox 826 1247 966 1280; x_wconf 83' lang='lat' dir='ltr'><strong>natura</strong></span> <span class='ocrx_word' id='word_1_162' title='bbox 997 1244 1309 1281; x_wconf 89' lang='lat' dir='ltr'><strong>consumendum</strong></span> <span class='ocrx_word' id='word_1_163' title='bbox 1346 1243 1472 1281; x_wconf 89' lang='lat' dir='ltr'><strong>dedit·</strong></span> <span class='ocrx_word' id='word_1_164' title='bbox 1511 1243 1576 1280; x_wconf 84' lang='lat' dir='ltr'><strong>alii</strong></span> 
     </span>
     <span class='ocr_line' id='line_1_21' title="bbox 319 1297 1578 1347; baseline -0.001 -11"><span class='ocrx_word' id='word_1_165' title='bbox 319 1308 441 1347; x_wconf 84' lang='lat' dir='ltr'><strong>parce</strong></span> <span class='ocrx_word' id='word_1_166' title='bbox 469 1298 536 1336; x_wconf 90' lang='lat' dir='ltr'><strong>illo</strong></span> <span class='ocrx_word' id='word_1_167' title='bbox 563 1298 727 1344; x_wconf 90' lang='lat' dir='ltr'><strong>utimur,</strong></span> <span class='ocrx_word' id='word_1_168' title='bbox 763 1297 825 1334; x_wconf 88' lang='lat' dir='ltr'><strong>alii</strong></span> <span class='ocrx_word' id='word_1_169' title='bbox 854 1297 1033 1344; x_wconf 82' lang='lat' dir='ltr'><strong>prodige.</strong></span> <span class='ocrx_word' id='word_1_170' title='bbox 1069 1298 1134 1334; x_wconf 84' lang='lat' dir='ltr'><strong>aiii</strong></span> <span class='ocrx_word' id='word_1_171' title='bbox 1161 1298 1219 1336; x_wconf 91' lang='lat' dir='ltr'><strong>sic</strong></span> <span class='ocrx_word' id='word_1_172' title='bbox 1238 1298 1507 1346; x_wconf 86' lang='lat' dir='ltr'><strong>inpendimus,</strong></span> <span class='ocrx_word' id='word_1_173' title='bbox 1533 1302 1578 1335; x_wconf 89' lang='lat' dir='ltr'><strong>ut</strong></span> 
     </span>
     <span class='ocr_line' id='line_1_22' title="bbox 321 1351 1575 1401; baseline -0.002 -9"><span class='ocrx_word' id='word_1_174' title='bbox 321 1352 525 1401; x_wconf 88' lang='lat' dir='ltr'><strong>possimus</strong></span> <span class='ocrx_word' id='word_1_175' title='bbox 544 1353 736 1391; x_wconf 82' lang='lat' dir='ltr'><strong>rationem</strong></span> <span class='ocrx_word' id='word_1_176' title='bbox 755 1351 943 1398; x_wconf 84' lang='lat' dir='ltr'><strong>reddere,</strong></span> <span class='ocrx_word' id='word_1_177' title='bbox 964 1351 1047 1399; x_wconf 83' lang='lat' dir='ltr'><strong>alii,</strong></span> <span class='ocrx_word' id='word_1_178' title='bbox 1067 1357 1110 1390; x_wconf 87' lang='lat' dir='ltr'><strong>ut</strong></span> <span class='ocrx_word' id='word_1_179' title='bbox 1130 1353 1258 1391; x_wconf 87' lang='lat' dir='ltr'><strong>nullas</strong></span> <span class='ocrx_word' id='word_1_180' title='bbox 1277 1353 1494 1390; x_wconf 81' lang='lat' dir='ltr'><strong>habeamus</strong></span> <span class='ocrx_word' id='word_1_181' title='bbox 1511 1362 1575 1389; x_wconf 89' lang='lat' dir='ltr'><strong>re—</strong></span> 
     </span>
     <span class='ocr_line' id='line_1_23' title="bbox 321 1405 1576 1456; baseline 0 -12"><span class='ocrx_word' id='word_1_182' title='bbox 321 1407 482 1456; x_wconf 57' lang='lat' dir='ltr'><strong>riquinus,</strong></span> <span class='ocrx_word' id='word_1_183' title='bbox 511 1417 590 1455; x_wconf 82' lang='lat' dir='ltr'><strong>qua</strong></span> <span class='ocrx_word' id='word_1_184' title='bbox 614 1417 658 1444; x_wconf 90' lang='lat' dir='ltr'><strong>re</strong></span> <span class='ocrx_word' id='word_1_185' title='bbox 685 1405 779 1443; x_wconf 86' lang='lat' dir='ltr'><strong>nihil</strong></span> <span class='ocrx_word' id='word_1_186' title='bbox 795 1406 950 1454; x_wconf 82' lang='lat' dir='ltr'><strong>turpius</strong></span> <span class='ocrx_word' id='word_1_187' title='bbox 971 1410 1044 1444; x_wconf 87' lang='lat' dir='ltr'><strong>est.</strong></span> <span class='ocrx_word' id='word_1_188' title='bbox 1082 1416 1204 1455; x_wconf 81' lang='lat' dir='ltr'><strong>saepe</strong></span> <span class='ocrx_word' id='word_1_189' title='bbox 1223 1407 1384 1454; x_wconf 85' lang='lat' dir='ltr'><strong>grandis</strong></span> <span class='ocrx_word' id='word_1_190' title='bbox 1404 1411 1496 1445; x_wconf 82' lang='lat' dir='ltr'><strong>natu</strong></span> <span class='ocrx_word' id='word_1_191' title='bbox 1515 1416 1576 1444; x_wconf 85' lang='lat' dir='ltr'><strong>se-</strong></span> 
     </span>
     <span class='ocr_line' id='line_1_24' title="bbox 320 1460 1577 1510; baseline 0 -11"><span class='ocrx_word' id='word_1_192' title='bbox 320 1472 398 1499; x_wconf 89' lang='lat' dir='ltr'><strong>nex</strong></span> <span class='ocrx_word' id='word_1_193' title='bbox 416 1460 564 1500; x_wconf 83' lang='lat' dir='ltr'><strong>nullum</strong></span> <span class='ocrx_word' id='word_1_194' title='bbox 591 1461 696 1499; x_wconf 87' lang='lat' dir='ltr'><strong>aliud</strong></span> <span class='ocrx_word' id='word_1_195' title='bbox 724 1460 842 1499; x_wconf 83' lang='lat' dir='ltr'><strong>habet</strong></span> <span class='ocrx_word' id='word_1_196' title='bbox 867 1465 1159 1510; x_wconf 80' lang='lat' dir='ltr'><strong>argumentum,</strong></span> <span class='ocrx_word' id='word_1_197' title='bbox 1187 1471 1265 1510; x_wconf 90' lang='lat' dir='ltr'><strong>quo</strong></span> <span class='ocrx_word' id='word_1_198' title='bbox 1287 1471 1332 1500; x_wconf 89' lang='lat' dir='ltr'><strong>se</strong></span> <span class='ocrx_word' id='word_1_199' title='bbox 1350 1462 1492 1531; x_wconf 85' lang='lat' dir='ltr'><strong>probet</strong></span> <span class='ocrx_word' id='word_1_200' title='bbox 1509 1460 1577 1502; x_wconf 80' lang='lat' dir='ltr'><strong>diu</strong></span> 
     </span>
     <span class='ocr_line' id='line_1_25' title="bbox 319 1517 904 1564; baseline -0.003 -10"><span class='ocrx_word' id='word_1_201' title='bbox 319 1517 495 1562; x_wconf 85' lang='lat' dir='ltr'><strong>vixisse,</strong></span> <span class='ocrx_word' id='word_1_202' title='bbox 517 1520 672 1564; x_wconf 82' lang='lat' dir='ltr'><strong>praeter</strong></span> <span class='ocrx_word' id='word_1_203' title='bbox 691 1519 869 1553; x_wconf 82' lang='lat' dir='ltr'><strong>aetatem.</strong></span> <span class='ocrx_word' id='word_1_204' title='bbox 882 1518 904 1536; x_wconf 85' lang='lat'><strong>‘⁴</strong></span> 
     </span>
     <span class='ocr_line' id='line_1_26' title="bbox 287 1568 1624 1617; baseline -0.001 -8"><span class='ocrx_word' id='word_1_205' title='bbox 287 1577 305 1609; x_wconf 82' lang='lat'><em>1</em></span> <span class='ocrx_word' id='word_1_206' title='bbox 459 1570 613 1617; x_wconf 83' lang='grc' dir='ltr'><strong>.Μί1ιί,</strong></span> <span class='ocrx_word' id='word_1_207' title='bbox 633 1568 836 1608; x_wconf 80' lang='lat' dir='ltr'><strong>carissime</strong></span> <span class='ocrx_word' id='word_1_208' title='bbox 855 1569 1023 1616; x_wconf 87' lang='lat' dir='ltr'><strong>Serene,</strong></span> <span class='ocrx_word' id='word_1_209' title='bbox 1037 1569 1158 1609; x_wconf 87' lang='lat' dir='ltr'><strong>nimis</strong></span> <span class='ocrx_word' id='word_1_210' title='bbox 1173 1570 1331 1608; x_wconf 87' lang='lat' dir='ltr'><strong>videtur</strong></span> <span class='ocrx_word' id='word_1_211' title='bbox 1344 1568 1577 1608; x_wconf 86' lang='lat' dir='ltr'><strong>submisisse</strong></span> <span class='ocrx_word' id='word_1_212' title='bbox 1623 1583 1624 1588; x_wconf 51' lang='lat'>¹</span> 
     </span>
     <span class='ocr_line' id='line_1_27' title="bbox 322 1623 1577 1674; baseline -0.002 -11"><span class='ocrx_word' id='word_1_213' title='bbox 322 1624 565 1674; x_wconf 70' lang='lat' dir='ltr'><strong>temporibus</strong></span> <span class='ocrx_word' id='word_1_214' title='bbox 597 1634 642 1662; x_wconf 84' lang='lat' dir='ltr'><strong>se</strong></span> <span class='ocrx_word' id='word_1_215' title='bbox 668 1623 969 1670; x_wconf 86' lang='lat' dir='ltr'><strong>Athenodorus,</strong></span> <span class='ocrx_word' id='word_1_216' title='bbox 1007 1624 1124 1663; x_wconf 85' lang='lat' dir='ltr'><strong>nimis</strong></span> <span class='ocrx_word' id='word_1_217' title='bbox 1157 1626 1234 1663; x_wconf 82' lang='lat' dir='ltr'><strong>cito</strong></span> <span class='ocrx_word' id='word_1_218' title='bbox 1260 1625 1470 1672; x_wconf 78' lang='lat' dir='ltr'><strong>refugisse.</strong></span> <span class='ocrx_word' id='word_1_219' title='bbox 1520 1625 1577 1662; x_wconf 91' lang='lat' dir='ltr'><strong>Ne</strong></span> 
     </span>
     <span class='ocr_line' id='line_1_28' title="bbox 321 1679 1577 1727; baseline -0.001 -10"><span class='ocrx_word' id='word_1_220' title='bbox 321 1690 398 1727; x_wconf 85' lang='lat' dir='ltr'><strong>ego</strong></span> <span class='ocrx_word' id='word_1_221' title='bbox 423 1679 648 1727; x_wconf 84' lang='lat' dir='ltr'><strong>negaverim</strong></span> <span class='ocrx_word' id='word_1_222' title='bbox 678 1679 891 1726; x_wconf 83' lang='lat' dir='ltr'><strong>aliquando</strong></span> <span class='ocrx_word' id='word_1_223' title='bbox 919 1679 1159 1726; x_wconf 88' lang='lat' dir='ltr'><strong>cedendum,</strong></span> <span class='ocrx_word' id='word_1_224' title='bbox 1188 1679 1260 1718; x_wconf 77' lang='lat' dir='ltr'><strong>sed</strong></span> <span class='ocrx_word' id='word_1_225' title='bbox 1287 1679 1435 1717; x_wconf 79' lang='lat' dir='ltr'><strong>sensim</strong></span> <span class='ocrx_word' id='word_1_226' title='bbox 1452 1680 1577 1717; x_wconf 83' lang='lat' dir='ltr'><strong>relato</strong></span> 
     </span>
     <span class='ocr_line' id='line_1_29' title="bbox 322 1733 1617 1782; baseline 0 -11"><span class='ocrx_word' id='word_1_227' title='bbox 322 1735 449 1782; x_wconf 83' lang='lat' dir='ltr'><strong>gradu</strong></span> <span class='ocrx_word' id='word_1_228' title='bbox 464 1739 502 1773; x_wconf 87' lang='lat' dir='ltr'><strong>et</strong></span> <span class='ocrx_word' id='word_1_229' title='bbox 519 1733 642 1772; x_wconf 87' lang='lat' dir='ltr'><strong>salvis</strong></span> <span class='ocrx_word' id='word_1_230' title='bbox 663 1733 806 1780; x_wconf 86' lang='lat' dir='ltr'><strong>signis,</strong></span> <span class='ocrx_word' id='word_1_231' title='bbox 827 1735 937 1771; x_wconf 84' lang='lat' dir='ltr'><strong>salva</strong></span> <span class='ocrx_word' id='word_1_232' title='bbox 956 1733 1108 1772; x_wconf 81' lang='lat' dir='ltr'><strong>militari</strong></span> <span class='ocrx_word' id='word_1_233' title='bbox 1127 1734 1331 1782; x_wconf 79' lang='lat' dir='ltr'><strong>dignitate:</strong></span> <span class='ocrx_word' id='word_1_234' title='bbox 1359 1734 1577 1772; x_wconf 81' lang='lat' dir='ltr'><strong>sanctiores</strong></span> <span class='ocrx_word' id='word_1_235' title='bbox 1616 1735 1617 1739; x_wconf 78' lang='grc'>’</span> 
     </span>
     <span class='ocr_line' id='line_1_30' title="bbox 324 1787 1577 1837; baseline -0.001 -11"><span class='ocrx_word' id='word_1_236' title='bbox 324 1789 573 1837; x_wconf 85' lang='lat' dir='ltr'><strong>tutioresque</strong></span> <span class='ocrx_word' id='word_1_237' title='bbox 596 1788 693 1826; x_wconf 81' lang='lat' dir='ltr'><strong>&#39;sunt</strong></span> <span class='ocrx_word' id='word_1_238' title='bbox 717 1787 897 1826; x_wconf 82' lang='lat' dir='ltr'><strong>hostibus</strong></span> <span class='ocrx_word' id='word_1_239' title='bbox 924 1789 1028 1834; x_wconf 91' lang='lat' dir='ltr'><strong>suis,</strong></span> <span class='ocrx_word' id='word_1_240' title='bbox 1059 1787 1126 1836; x_wconf 86' lang='lat' dir='ltr'><strong>qui</strong></span> <span class='ocrx_word' id='word_1_241' title='bbox 1154 1789 1191 1826; x_wconf 85' lang='lat' dir='ltr'><strong>in</strong></span> <span class='ocrx_word' id='word_1_242' title='bbox 1212 1789 1332 1827; x_wconf 89' lang='lat' dir='ltr'><strong>fidem</strong></span> <span class='ocrx_word' id='word_1_243' title='bbox 1351 1798 1440 1826; x_wconf 87' lang='lat' dir='ltr'><strong>eum</strong></span> <span class='ocrx_word' id='word_1_244' title='bbox 1459 1788 1577 1826; x_wconf 83' lang='lat' dir='ltr'><strong>armis</strong></span> 
     </span>
    </p>
   </div>
   <div class='ocr_carea' id='block_1_3' title="bbox 1611 1600 1624 2081">
    <p class='ocr_par' dir='ltr' id='par_1_3' title="bbox 1611 1600 1624 2081">
     <span class='ocr_line' id='line_1_31' title="bbox 1611 1600 1624 2081; baseline 0 -100"><span class='ocrx_word' id='word_1_245' title='bbox 1611 1600 1624 2081; x_wconf 95' lang='lat' dir='ltr'><strong>    </strong></span> 
     </span>
    </p>
   </div>
   <div class='ocr_carea' id='block_1_4' title="bbox 288 1842 1615 2328">
    <p class='ocr_par' dir='ltr' id='par_1_4' title="bbox 288 1842 1615 2328">
     <span class='ocr_line' id='line_1_32' title="bbox 325 1842 1615 1891; baseline 0.001 -11"><span class='ocrx_word' id='word_1_246' title='bbox 325 1843 499 1881; x_wconf 85' lang='lat' dir='ltr'><strong>veniunt.</strong></span> <span class='ocrx_word' id='word_1_247' title='bbox 537 1843 614 1881; x_wconf 86' lang='lat' dir='ltr'><strong>hoc</strong></span> <span class='ocrx_word' id='word_1_248' title='bbox 643 1847 737 1890; x_wconf 90' lang='lat' dir='ltr'><strong>puto</strong></span> <span class='ocrx_word' id='word_1_249' title='bbox 765 1842 896 1880; x_wconf 90' lang='lat' dir='ltr'><strong>virtuti</strong></span> <span class='ocrx_word' id='word_1_250' title='bbox 927 1843 1150 1881; x_wconf 83' lang='lat' dir='ltr'><strong>faciendum</strong></span> <span class='ocrx_word' id='word_1_251' title='bbox 1177 1843 1576 1891; x_wconf 84' lang='lat' dir='ltr'><strong>studiosoque-virtu-</strong></span> <span class='ocrx_word' id='word_1_252' title='bbox 1614 1867 1615 1870; x_wconf 58' lang='lat'><em>=</em></span> 
     </span>
     <span class='ocr_line' id='line_1_33' title="bbox 288 1895 1615 1948; baseline -0.001 -13"><span class='ocrx_word' id='word_1_253' title='bbox 288 1899 387 1935; x_wconf 81' lang='lat' dir='ltr'><strong>2tis.</strong></span> <span class='ocrx_word' id='word_1_254' title='bbox 418 1897 466 1935; x_wconf 90' lang='lat' dir='ltr'><strong>Si</strong></span> <span class='ocrx_word' id='word_1_255' title='bbox 487 1895 811 1946; x_wconf 86' lang='lat' dir='ltr'><strong>praevalebit</strong></span> <span class='ocrx_word' id='word_1_256' title='bbox 829 1898 1035 1936; x_wconf 84' lang='lat' dir='ltr'><strong>fortuna</strong></span> <span class='ocrx_word' id='word_1_257' title='bbox 1052 1903 1100 1936; x_wconf 89' lang='lat' dir='ltr'><strong>et</strong></span> <span class='ocrx_word' id='word_1_258' title='bbox 1119 1897 1381 1945; x_wconf 84' lang='lat' dir='ltr'><strong>praecidet</strong></span> <span class='ocrx_word' id='word_1_259' title='bbox 1398 1895 1577 1945; x_wconf 86' lang='lat' dir='ltr'><strong>agendi</strong></span> <span class='ocrx_word' id='word_1_260' title='bbox 1612 1913 1615 1948; x_wconf 62' lang='grc' dir='ltr'><strong>μ</strong></span> 
     </span>
     <span class='ocr_line' id='line_1_34' title="bbox 326 1950 1613 1999; baseline 0 -10"><span class='ocrx_word' id='word_1_261' title='bbox 326 1952 639 1998; x_wconf 84' lang='lat' dir='ltr'><strong>facultatem,</strong></span> <span class='ocrx_word' id='word_1_262' title='bbox 682 1961 782 1989; x_wconf 83' lang='lat' dir='ltr'><strong>non</strong></span> <span class='ocrx_word' id='word_1_263' title='bbox 821 1951 992 1990; x_wconf 83' lang='lat' dir='ltr'><strong>statim</strong></span> <span class='ocrx_word' id='word_1_264' title='bbox 1025 1961 1236 1990; x_wconf 81' lang='lat' dir='ltr'><strong>aversus</strong></span> <span class='ocrx_word' id='word_1_265' title='bbox 1268 1952 1579 1999; x_wconf 84' lang='lat' dir='ltr'><strong>inermisque</strong></span> <span class='ocrx_word' id='word_1_266' title='bbox 1612 1950 1613 1978; x_wconf 65' lang='lat'><em>³</em></span> 
     </span>
     <span class='ocr_line' id='line_1_35' title="bbox 326 1982 1612 2071; baseline 0 -28"><span class='ocrx_word' id='word_1_267' title='bbox 326 2007 490 2053; x_wconf 83' lang='lat' dir='ltr'><strong>fugiat</strong></span> <span class='ocrx_word' id='word_1_268' title='bbox 507 1982 736 2045; x_wconf 69' lang='lat' dir='ltr'><strong>latebras</strong></span> <span class='ocrx_word' id='word_1_269' title='bbox 759 2015 1029 2054; x_wconf 87' lang='lat' dir='ltr'><strong>quaerens,</strong></span> <span class='ocrx_word' id='word_1_270' title='bbox 1050 2006 1177 2054; x_wconf 87' lang='lat' dir='ltr'><strong>quasi</strong></span> <span class='ocrx_word' id='word_1_271' title='bbox 1175 2007 1283 2046; x_wconf 80' lang='lat' dir='ltr'><strong>ultus</strong></span> <span class='ocrx_word' id='word_1_272' title='bbox 1298 2007 1410 2044; x_wconf 92' lang='lat' dir='ltr'><strong>locus</strong></span> <span class='ocrx_word' id='word_1_273' title='bbox 1425 2005 1485 2053; x_wconf 87' lang='lat' dir='ltr'><strong>sit,</strong></span> <span class='ocrx_word' id='word_1_274' title='bbox 1507 2006 1575 2052; x_wconf 90' lang='lat' dir='ltr'><strong>[in]</strong></span> <span class='ocrx_word' id='word_1_275' title='bbox 1610 2031 1612 2071; x_wconf 35' lang='grc' dir='ltr'>ξ</span> 
     </span>
     <span class='ocr_line' id='line_1_36' title="bbox 329 2034 1611 2122; baseline 0.001 -25"><span class='ocrx_word' id='word_1_276' title='bbox 329 2071 408 2107; x_wconf 90' lang='lat' dir='ltr'><strong>quo</strong></span> <span class='ocrx_word' id='word_1_277' title='bbox 435 2072 515 2099; x_wconf 89' lang='lat' dir='ltr'><strong>non</strong></span> <span class='ocrx_word' id='word_1_278' title='bbox 545 2060 673 2110; x_wconf 85' lang='lat' dir='ltr'><strong>possit</strong></span> <span class='ocrx_word' id='word_1_279' title='bbox 693 2061 848 2099; x_wconf 80' lang='lat' dir='ltr'><strong>fortuna</strong></span> <span class='ocrx_word' id='word_1_280' title='bbox 869 2060 1074 2109; x_wconf 86' lang='lat' dir='ltr'><strong>persequi,</strong></span> <span class='ocrx_word' id='word_1_281' title='bbox 1103 2061 1176 2098; x_wconf 89' lang='lat' dir='ltr'><strong>sed</strong></span> <span class='ocrx_word' id='word_1_282' title='bbox 1196 2060 1355 2122; x_wconf 81' lang='lat' dir='ltr'><strong>parcius</strong></span> <span class='ocrx_word' id='word_1_283' title='bbox 1375 2070 1419 2098; x_wconf 93' lang='lat' dir='ltr'><strong>se</strong></span> <span class='ocrx_word' id='word_1_284' title='bbox 1438 2034 1611 2117; x_wconf 25' lang='grc' dir='ltr'><strong>ἰηγξΐθτθῖὲ</strong></span> 
     </span>
     <span class='ocr_line' id='line_1_37' title="bbox 290 2114 1609 2162; baseline 0 -10"><span class='ocrx_word' id='word_1_285' title='bbox 290 2118 312 2152; x_wconf 84' lang='grc'>3</span> <span class='ocrx_word' id='word_1_286' title='bbox 325 2114 468 2152; x_wconf 81' lang='lat' dir='ltr'><strong>officiis</strong></span> <span class='ocrx_word' id='word_1_287' title='bbox 488 2121 526 2154; x_wconf 89' lang='lat' dir='ltr'><strong>et</strong></span> <span class='ocrx_word' id='word_1_288' title='bbox 544 2121 634 2154; x_wconf 90' lang='lat' dir='ltr'><strong>cum</strong></span> <span class='ocrx_word' id='word_1_289' title='bbox 651 2115 806 2153; x_wconf 86' lang='lat' dir='ltr'><strong>delectu</strong></span> <span class='ocrx_word' id='word_1_290' title='bbox 823 2115 996 2154; x_wconf 85' lang='lat' dir='ltr'><strong>inveniat</strong></span> <span class='ocrx_word' id='word_1_291' title='bbox 1014 2114 1180 2162; x_wconf 81' lang='lat' dir='ltr'><strong>aliquid,</strong></span> <span class='ocrx_word' id='word_1_292' title='bbox 1202 2114 1240 2152; x_wconf 89' lang='lat' dir='ltr'><strong>in</strong></span> <span class='ocrx_word' id='word_1_293' title='bbox 1261 2125 1340 2162; x_wconf 85' lang='lat' dir='ltr'><strong>quo</strong></span> <span class='ocrx_word' id='word_1_294' title='bbox 1358 2115 1462 2153; x_wconf 92' lang='lat' dir='ltr'><strong>utilis</strong></span> <span class='ocrx_word' id='word_1_295' title='bbox 1482 2114 1575 2152; x_wconf 82' lang='lat' dir='ltr'><strong>civi·</strong></span> <span class='ocrx_word' id='word_1_296' title='bbox 1608 2136 1609 2139; x_wconf 62' lang='lat'><em>=</em></span> 
     </span>
     <span class='ocr_line' id='line_1_38' title="bbox 327 2168 1610 2217; baseline 0 -11"><span class='ocrx_word' id='word_1_297' title='bbox 327 2168 395 2206; x_wconf 79' lang='lat' dir='ltr'><strong>tati</strong></span> <span class='ocrx_word' id='word_1_298' title='bbox 415 2170 476 2207; x_wconf 88' lang='lat' dir='ltr'><strong>sit.</strong></span> <span class='ocrx_word' id='word_1_299' title='bbox 509 2169 679 2208; x_wconf 85' lang='lat' dir='ltr'><strong>militare</strong></span> <span class='ocrx_word' id='word_1_300' title='bbox 688 2180 767 2209; x_wconf 90' lang='lat' dir='ltr'><strong>non</strong></span> <span class='ocrx_word' id='word_1_301' title='bbox 787 2170 893 2209; x_wconf 85' lang='lat' dir='ltr'><strong>licet.</strong></span> <span class='ocrx_word' id='word_1_302' title='bbox 920 2170 1104 2208; x_wconf 83' lang='lat' dir='ltr'><strong>honores</strong></span> <span class='ocrx_word' id='word_1_303' title='bbox 1117 2173 1234 2216; x_wconf 80' lang='lat' dir='ltr'><strong>petat.</strong></span> <span class='ocrx_word' id='word_1_304' title='bbox 1269 2168 1423 2217; x_wconf 83' lang='lat' dir='ltr'><strong>privato</strong></span> <span class='ocrx_word' id='word_1_305' title='bbox 1442 2172 1575 2207; x_wconf 90' lang='lat' dir='ltr'><strong>viven·</strong></span> <span class='ocrx_word' id='word_1_306' title='bbox 1607 2180 1610 2211; x_wconf 52' lang='grc' dir='ltr'>ι</span> 
     </span>
     <span class='ocr_line' id='line_1_39' title="bbox 329 2220 1608 2263; baseline 0.002 -3"><span class='ocrx_word' id='word_1_307' title='bbox 329 2223 422 2260; x_wconf 88' lang='lat' dir='ltr'><strong>dum</strong></span> <span class='ocrx_word' id='word_1_308' title='bbox 441 2228 521 2262; x_wconf 87' lang='lat' dir='ltr'><strong>est:</strong></span> <span class='ocrx_word' id='word_1_309' title='bbox 543 2225 592 2263; x_wconf 89' lang='lat' dir='ltr'><strong>sit</strong></span> <span class='ocrx_word' id='word_1_310' title='bbox 609 2230 755 2263; x_wconf 82' lang='lat' dir='ltr'><strong>orator.</strong></span> <span class='ocrx_word' id='word_1_311' title='bbox 787 2222 986 2263; x_wconf 75' lang='lat' dir='ltr'><strong>silentium</strong></span> <span class='ocrx_word' id='word_1_312' title='bbox 1005 2223 1190 2262; x_wconf 88' lang='lat' dir='ltr'><strong>indictum</strong></span> <span class='ocrx_word' id='word_1_313' title='bbox 1213 2228 1293 2261; x_wconf 83' lang='lat' dir='ltr'><strong>est=</strong></span> <span class='ocrx_word' id='word_1_314' title='bbox 1320 2225 1435 2262; x_wconf 84' lang='lat' dir='ltr'><strong>tacita</strong></span> <span class='ocrx_word' id='word_1_315' title='bbox 1454 2224 1577 2262; x_wconf 83' lang='lat' dir='ltr'><strong>advo—</strong></span> <span class='ocrx_word' id='word_1_316' title='bbox 1606 2220 1608 2225; x_wconf 77' lang='grc'>’</span> 
     </span>
     <span class='ocr_line' id='line_1_40' title="bbox 331 2275 1606 2328; baseline 0 -13"><span class='ocrx_word' id='word_1_317' title='bbox 331 2277 483 2316; x_wconf 79' lang='lat' dir='ltr'><strong>catione</strong></span> <span class='ocrx_word' id='word_1_318' title='bbox 511 2277 619 2317; x_wconf 83' lang='lat' dir='ltr'><strong>cives</strong></span> <span class='ocrx_word' id='word_1_319' title='bbox 645 2279 761 2319; x_wconf 87' lang='lat' dir='ltr'><strong>iuvet.</strong></span> <span class='ocrx_word' id='word_1_320' title='bbox 808 2278 1078 2328; x_wconf 78' lang='lat' dir='ltr'><strong>periculosum·</strong></span> <span class='ocrx_word' id='word_1_321' title='bbox 1100 2275 1214 2317; x_wconf 89' lang='lat' dir='ltr'><strong>etiam</strong></span> <span class='ocrx_word' id='word_1_322' title='bbox 1242 2279 1423 2327; x_wconf 81' lang='lat' dir='ltr'><strong>ingressu</strong></span> <span class='ocrx_word' id='word_1_323' title='bbox 1451 2279 1576 2318; x_wconf 81' lang='lat' dir='ltr'><strong>sorum</strong></span> <span class='ocrx_word' id='word_1_324' title='bbox 1605 2319 1606 2324; x_wconf 16' lang='lat'>¹</span> 
     </span>
    </p>
   </div>
  </div>
 </body>
</html>
