1624 2626
388 153 455 192 DE
480 152 768 192 CLEMENTIA
795 153 891 192 LIB.
907 153 935 192 Ι.
957 159 1039 195 6—-
1053 159 1088 194 8.
1290 153 1373 195 283

90 257 250 296 laudem
271 254 590 294 mansuetudinis
622 255 894 304 consequitur.
938 254 1084 294 Humili
1111 256 1203 295 loco
1228 256 1372 305 positis
1389 263 1412 298 4

91 322 281 352 exercere
300 322 478 358 manum,
497 311 670 360 litigare,
694 311 734 350 in
753 310 882 350 rixam
902 322 1142 360 procurrere
1157 323 1205 350 ac
1220 323 1373 351 morem

90 369 173 407 irae
194 378 294 406 suae
312 377 453 416 gerere
473 367 637 406 liberius
657 371 730 406 est.
761 368 873 406 leves
893 367 995 406 inter
1014 367 1126 416 paria
1143 368 1244 407 ictus
1261 372 1372 407 sunt:

88 424 173 473 regi
194 423 425 462 vociferatio
447 434 611 473 quoque
638 423 932 472 verborumque
960 423 1264 472 intemperantia
1291 434 1371 463 non

91 491 142 518 ex
161 480 367 518 maiestate
387 485 460 518 est.

170 535 275 574 Vlll.
287 536 417 574 Grave
427 540 544 583 putas
559 535 659 584 eripi
671 534 862 584 loquendi
873 534 1074 574 arbitrium
1087 535 1250 584 regibus
1262 535 1372 585 quod
1393 544 1410 576 1

89 591 296 631 humillimi
319 591 495 630 habent?
521 591 647 639 ‚‚Ista,
676 590 824 640 inquit,
847 591 1020 630 servitus
1037 596 1118 638 est,
1148 602 1230 630 non
1245 591 1371 640 impe-

87 648 229 686 rium-‘⁴
257 647 377 696 Quid,
397 652 439 686 tu
458 658 538 686 non
556 648 752 696 experiris
773 646 881 686 istud
896 657 990 685 esse
1004 646 1142 695 nobis,
1159 647 1228 686 tibi
1245 648 1372 686 servi-

86 707 238 743 tutem?
255 704 347 743 Alia
361 703 546 743 condicio
559 709 780 749 esteorum,
794 701 862 752 qui
875 702 913 741 in
925 702 1052 750 turba,
1072 714 1192 751 quam
1206 713 1286 742 non
1303 713 1372 742 ex-

90 760 254 806 cedunt,
275 760 408 806 latent,
433 770 602 808 quorum
618 758 832 798 etvirtutes
845 764 886 798 ut
900 759 1121 807 adpareant
1134 758 1205 798 diu
1220 759 1370 798 luctan-

89 820 154 855 tur
180 820 220 854 et
247 815 343 854 vitia
362 815 549 854 tenebras
570 814 738 854 habent:
758 819 895 853 vestra
911 815 1016 853 facta
1032 814 1219 863 dictaque
1235 826 1374 854 rumor

90 871 240 919 excipit
254 876 293 910 et
309 871 400 910 ideo
415 872 535 910 nullis
550 871 678 920 magis
695 871 918 910 curandum
941 875 1023 919 est,
1043 871 1204 919 qualem
1226 872 1372 909 samam

88 927 274 974 habeant,
297 937 416 975 quam
437 928 503 976 qui
521 928 855 977 qualemcumque
869 926 1088 966 meruerint
1103 937 1287 974 magnam
1301 926 1372 965 ha-

89 982 207 1022 bituri
224 987 326 1024 sunt.
353 983 478 1031 Quam
493 984 615 1022 multa
630 983 700 1021 tibi
718 994 798 1022 non
813 983 946 1029 licent,
962 993 1068 1032 quae
1089 982 1206 1021 nobis
1221 982 1372 1021 benefi-
1391 992 1415 1026 2

90 1039 152 1078 cio
168 1043 236 1078 tuo
257 1039 405 1077 licent?
433 1039 603 1078 Possum
621 1039 659 1077 in
677 1038 853 1087 qualibet
869 1044 982 1087 parte
997 1038 1108 1077 urbis
1136 1039 1248 1077 solus
1264 1038 1371 1077 ince-

91 1095 187 1133 dere
207 1094 294 1133 sine
313 1094 476 1143 timore,
502 1094 688 1144 >quamvis
715 1095 847 1133 nullus
871 1099 1065 1143 sequatur
1092 1104 1255 1140 comes,
1286 1094 1373 1132 nul—

88 1152 153 1190 lus
173 1151 224 1189 sit
243 1150 370 1198 domi,
391 1151 523 1190 nullus
545 1151 596 1189 ad
614 1151 717 1188 latus
737 1150 918 1198 gladius:
948 1150 1019 1189 tibi
1039 1149 1078 1188 in
1101 1154 1168 1188 tua
1190 1160 1290 1198 pace
1309 1161 1371 1188 ar—

89 1211 195 1245 mato
215 1206 432 1245 vivendum
453 1210 527 1245 est.
570 1205 771 1244 Aberrare
799 1217 823 1244 a
851 1207 1009 1245 fortuna
1036 1211 1104 1244 tua
1132 1216 1211 1244 non
1243 1210 1372 1254 potes.

89 1261 249 1301 obsidet
266 1266 305 1301 te
325 1266 365 1301 et
383 1272 640 1312 quocumque
665 1261 901 1307 descendis,
924 1267 1069 1311 magno
1092 1261 1289 1310 adparatu
1309 1272 1372 1300 se-

90 1318 234 1366 quitur.
259 1317 331 1357 Est
344 1318 445 1358 haec
461 1328 640 1358 summae
656 1317 940 1366 magnitudinis
957 1318 1131 1357 servitus
1149 1329 1228 1357 non
1247 1327 1372 1367 posse
1392 1325 1414 1359 3

88 1374 176 1412 fieri
194 1374 400 1413 minorem.
431 1375 506 1413 sed
527 1385 618 1413 cum
638 1373 700 1412 dis
728 1373 797 1412 tibi
825 1374 1048 1412 communis
1077 1375 1168 1423 ipsa
1193 1373 1371 1412 necessi-

89 1436 151 1468 tas
183 1434 258 1468 est.
295 1441 387 1469 nam
416 1430 508 1470 illos
544 1439 708 1479 quoque
735 1430 891 1468 coelum
923 1429 1121 1478 adligatos
1155 1434 1264 1468 tenet
1296 1439 1372 1468 nec

90 1484 218 1532 magis
237 1485 315 1524 illis
335 1486 584 1525 descendere
604 1485 741 1524 datum
769 1489 832 1524 est
853 1496 972 1534 quam
994 1485 1062 1523 tibi
1084 1490 1222 1523 tutum.
1263 1485 1371 1524 sasti-

92 1540 156 1588 gio
173 1545 239 1579 tuo
261 1541 420 1580 adfixus
446 1553 503 1581 es.
560 1541 730 1580 Nostros
758 1545 892 1580 motus
919 1540 1038 1589 pauci
1063 1541 1248 1580 sentiunt.
1279 1552 1371 1590 pro·
1391 1549 1414 1582 4

92 1596 178 1634 dire
198 1595 315 1635 nobis
335 1607 382 1636 ac
400 1598 592 1636 recedere
612 1602 650 1636 et
668 1601 822 1636 mutare
841 1596 1018 1635 habitum
1040 1596 1126 1634 sine
1154 1607 1279 1635 sensu
1301 1608 1371 1645 pu-

90 1651 196 1690 blico
223 1652 334 1691 licet:
361 1652 431 1691 tibi
464 1664 545 1692 non
578 1653 705 1701 magis
741 1663 860 1701 quam
896 1653 973 1691 soli
1006 1654 1132 1691 latere
1165 1652 1371 1700 contingit.

94 1709 217 1746 multa
239 1713 378 1747 contra
397 1713 434 1747 te
454 1709 523 1747 lux
544 1713 618 1747 est.
657 1708 833 1747 omnium
859 1707 896 1746 in
918 1708 1036 1747 istam
1056 1709 1244 1747 conversi
1265 1708 1370 1746 oculi

93 1770 197 1802 sunt.
240 1764 402 1812 prodire
429 1769 467 1802 te
494 1768 643 1813 putas?
684 1764 813 1803 oriris.
850 1764 980 1813 Loqui
1012 1775 1094 1803 non
1129 1769 1268 1813 potes,
1295 1763 1372 1802 nisi
1388 1772 1410 1806 5

90 1823 134 1858 ut
152 1829 294 1858 vocem
317 1824 424 1858 tuam
446 1830 550 1868 quae
571 1819 722 1868 ubique
742 1823 834 1858 sunt
853 1825 992 1868 gentes
1009 1820 1221 1867 excipiant.
1252 1818 1374 1858 irasci

92 1886 173 1914 non
189 1880 328 1924 potes,
348 1874 426 1914 nisi
444 1881 488 1915 ut
507 1875 640 1914 omnia
661 1879 839 1915 tremant.
875 1876 933 1914 sic
949 1876 1148 1914 neminem
1165 1875 1373 1924 adfligere,

91 1930 168 1970 nisi
190 1936 233 1970 ut
252 1931 444 1980 quicquid
469 1930 576 1970 circa
602 1931 719 1971 fuerit
744 1931 955 1980 quatiatur.
999 1931 1052 1970 Ut
1082 1931 1247 1970 fulmina
1275 1941 1371 1980 pau-

93 1997 231 2025 corum
259 1987 439 2035 periculo
469 1987 636 2034 cadunt,
668 1987 844 2025 omnium
878 1993 1005 2034 metu,
1034 1986 1094 2025 sic
1122 1986 1372 2025 animadver-

92 2043 228 2081 siones
249 2053 480 2091 magnarum
503 2047 742 2091 potestatum
762 2048 910 2082 terrent
929 2043 1047 2081 latius
1073 2052 1194 2090 quam
1214 2047 1372 2090 nocent,

92 2108 172 2136 non
193 2097 281 2136 sine
305 2109 440 2138 causa.
470 2110 551 2138 non
571 2098 676 2137 enim
696 2103 886 2147 quantum
905 2098 1064 2145 fecerit,
1089 2097 1161 2136 sed
1180 2103 1372 2148 quantum

93 2155 270 2193 facturus
299 2155 350 2194 sit
377 2154 574 2204 cogitatur
605 2153 645 2192 in
674 2164 744 2202 eo,
775 2153 843 2203 qui
871 2153 1006 2192 omnia
1040 2158 1187 2202 potest.
1242 2153 1411 2195 Adice6

93 2219 210 2256 nune,
237 2210 347 2258 quod
367 2211 546 2259 privatos
566 2210 749 2248 homines
769 2210 820 2248 ad
837 2209 1096 2258 accipiendas
1111 2208 1275 2249 iniurias
1298 2220 1371 2259 op—

95 2266 348 2312 portuniores
364 2271 619 2315 acceptarum
638 2266 825 2314 patientia
835 2265 946 2304 facit:
967 2265 1131 2313 regibus
1143 2265 1289 2304 certior
1309 2270 1372 2304 est

95 2330 144 2358 ex
165 2322 470 2361 mansuetudine
491 2322 704 2371 securitas,
736 2321 831 2371 quia
851 2322 1042 2370 frequens
1070 2320 1247 2361 vindicta
1269 2332 1368 2370 pau-
