1624 2626
406 192 472 232 DE
503 191 791 232 CLEMENTIA
822 191 918 232 LIB.
934 193 963 231 Ι.
993 198 1028 234 8.
1047 198 1082 235 9.
1295 192 1377 236 285

99 297 166 335 ubi
190 295 332 334 usitata
355 294 530 333 remedia
562 304 639 332 non
665 293 907 343 procedunt,
940 298 1128 344 temptant
1159 297 1374 334 contraria.

100 353 310 392 Severitate
332 350 431 389 nihil
445 350 576 389 adhuc
586 349 797 398 profecisti
805 363 818 388 .·
842 349 1108 389 Salvidienum
1124 351 1297 400 Lepidus
1313 363 1372 390 se-

99 412 208 447 cutus
221 411 292 455 est,
320 406 510 455 Lepidum
528 406 746 454 Muraena,
773 405 1010 445 Muraenam
1029 406 1188 456 Caepio,
1213 407 1372 456 Caepio-

98 473 185 502 nem
199 463 407 511 Eqnatius,
440 466 483 500 ut
507 464 604 500 alios
625 466 794 509 taceam,
827 472 922 510 quos
940 466 1088 501 tantum
1103 473 1219 502 ausos
1234 464 1373 512 pudet.

98 520 212 558 Nunc
242 522 402 567 tempta,
431 518 618 566 quomodo
650 518 720 557 tibi
746 518 863 557 cedat
890 520 1104 557 clementia.
1143 520 1297 567 iynosce
1328 519 1373 557 L.

100 575 258 614 Cinnae.
288 574 550 623 deprehensus
570 577 638 612 est.
671 575 751 612 iam
765 584 904 613 nocere
925 575 993 613 tibi
1016 585 1094 613 non
1110 579 1251 624 potest,
1267 586 1373 624 pro-

98 631 208 670 desse
232 630 371 678 famae
389 635 478 668 tuae
490 633 626 679 potest.
675 629 847 669 Gavisus
873 629 968 677 sibi,
1002 630 1112 679 quod
1133 630 1373 669 advocatum
1389 637 1410 673 7

97 687 321 734 invenerat,
359 685 477 724 uxori
506 685 671 735 quidem
697 686 844 734 gratias
873 685 970 734 egit,
998 686 1215 726 renuntiari
1243 692 1374 725 autem

99 742 300 791 extemplo
320 740 477 790 amicis,
500 752 605 790 quos
624 741 664 779 in
685 740 894 780 consilium
915 747 1145 791 rogaverat,
1165 742 1376 791 imperavit

99 804 138 837 ct
158 797 321 837 Cinnam
351 808 475 836 unum
501 797 554 836 ad
580 807 627 836 se
653 797 824 836 accersit
850 797 1111 847 dimissisque
1140 798 1325 837 omnibus
1352 809 1376 837 e

100 854 302 902 cubiculo,
333 864 424 892 cum
443 853 606 892 alteram
635 853 784 892 Cinnae
801 853 898 902 poni
918 853 1147 893 cathedram
1174 854 1375 902 iussisset,

98 911 188 958 hoc,
222 909 369 958 inquit,
386 911 561 959 primum
579 921 605 948 a
621 914 657 949 te
667 913 780 959 peto,
800 921 851 948 ne
872 920 932 948 me
949 911 1163 959 loquentem
1184 912 1376 960 interpel-

97 968 170 1014 les,
203 977 252 1005 ne
283 966 408 1005 medio
439 976 614 1005 sermone
645 976 727 1004 meo
751 967 988 1014 proclames.
1033 967 1191 1005 dabitur
1221 967 1290 1005 tibi
1313 969 1378 1006 lo-

98 1023 244 1071 quendi
260 1023 424 1061 liberum
447 1025 607 1071 tempus.
642 1021 728 1070 qu
755 1025 809 1068 te,
841 1022 986 1069 Cinna,
1019 1033 1107 1061 cum
1140 1024 1182 1060 in
1213 1023 1376 1061 hostium
1390 1036 1414 1071 8

96 1080 238 1117 castris
255 1079 500 1125 invenissem,
532 1088 610 1116 non
622 1077 778 1125 factum
798 1081 945 1116 tantum
963 1079 1060 1117 mihi
1071 1079 1287 1125 inimicum,
1308 1080 1379 1118 sed

96 1139 248 1182 natum,
283 1135 456 1180 servavi,
475 1134 756 1182 patrimonium
787 1134 857 1172 tibi
884 1144 996 1172 omne
1027 1136 1208 1173 concessi.
1250 1135 1379 1174 Hodie

97 1195 176 1228 tam
190 1190 296 1238 felix
314 1201 355 1228 es
370 1194 408 1228 et
422 1193 501 1228 tam
518 1189 641 1238 dives,
660 1193 704 1227 ut
719 1190 817 1228 victo
831 1190 993 1228 victores
1007 1191 1217 1229 invideant.
1236 1202 1378 1230 sacer-

97 1247 240 1285 dotium
259 1246 328 1285 tibi
337 1247 487 1295 petenti
499 1246 726 1294 praeteritis
746 1246 1015 1294 conpluribus,
1044 1257 1207 1295 quorum
1215 1258 1378 1296 paren-

98 1307 153 1341 tes
175 1313 323 1341 mecum
353 1303 633 1350 militaverant,
663 1301 778 1340 dedi:
806 1313 894 1341 cum
922 1303 980 1341 sic
1012 1303 1061 1341 de
1095 1306 1131 1341 te
1157 1305 1377 1350 meruerim,

97 1359 273 1398 occidere
290 1369 350 1397 me
366 1359 605 1397 constituisti.
636 1356 732 1396 Cum
752 1357 804 1395 ad
823 1357 927 1396 hanc
948 1368 1090 1396 vocem
1111 1359 1380 1398 exclamasset
1394 1371 1417 1406 9

99 1414 240 1463 procul
265 1413 368 1452 hanc
397 1413 447 1452 ab
469 1424 514 1452 sc
533 1413 682 1452 abesse
709 1413 968 1453 dementiam:
1005 1425 1082 1453 non
1097 1419 1301 1464 praestas,
1321 1415 1378 1453 in—

101 1469 204 1518 quit,
232 1470 371 1518 fidem,
406 1469 544 1508 Cinna.
582 1473 829 1517 convenerat,
860 1481 909 1509 ne
931 1472 1258 1519 interloquereris.
1300 1471 1380 1510 Oc-

99 1526 248 1572 cidere,
268 1527 444 1573 inquam,
473 1536 533 1565 me
548 1536 686 1575 paras.
726 1525 888 1564 Adiecit
907 1525 1058 1573 locum,
1081 1526 1239 1574 socios,
1259 1525 1378 1573 diem,

102 1580 281 1620 ordinem
315 1579 570 1629 insidiarum,
608 1581 672 1620 cui
705 1581 963 1621 commissum
994 1586 1105 1621 esset
1137 1583 1296 1621 ferrum.
1342 1589 1381 1621 et

102 1648 191 1676 cum
212 1636 389 1675 defixum
408 1636 562 1675 videret
588 1647 663 1675 nec
696 1647 750 1675 ex
782 1638 1050 1676 conventione
1079 1638 1178 1686 iam,
1219 1639 1292 1677 sed
1326 1649 1380 1677 ex

104 1691 352 1731 conscientia
369 1696 586 1731 tacentem:
626 1692 726 1741 Quo,
752 1691 897 1741 inquit,
933 1694 1007 1733 hoc
1024 1696 1154 1733 animo
1168 1692 1307 1742 facis?
1340 1699 1436 1735 utlo

99 1751 182 1798 ipse
214 1750 267 1787 sis
291 1746 509 1798 princeps?
546 1750 647 1787 male
671 1749 890 1788 mehercule
919 1761 1007 1789 cum
1029 1753 1176 1799 populo
1203 1750 1381 1790 Romano

100 1806 252 1853 acuar,
290 1806 326 1843 si
356 1805 425 1843 tibi
452 1804 509 1842 ad
535 1805 808 1853 imperandum
837 1805 936 1844 nihil
960 1811 1126 1856 praeter
1156 1817 1217 1845 me
1245 1807 1380 1845 obstat.

100 1862 261 1900 Domum
276 1864 382 1899 tuam
409 1862 512 1899 tueri
525 1871 603 1898 non
617 1864 739 1908 potes.
771 1872 900 1910 nuper
913 1862 1085 1900 libertini
1096 1863 1260 1901 hominis
1273 1874 1381 1911 qra-

101 1918 156 1956 tia
178 1918 219 1955 in
232 1918 386 1966 privato
406 1917 549 1955 iudicio
567 1921 775 1965 superatus
789 1928 849 1955 es:
881 1918 981 1957 adeo
1007 1919 1106 1957 nihil
1114 1918 1281 1966 facilius
1296 1930 1380 1967 pu-

103 1978 161 2012 tas
179 1983 296 2021 quam
319 1976 457 2011 contra
479 1972 686 2010 Caesarem
712 1971 936 2012 advocare?
976 1974 1095 2021 Cedo,
1124 1976 1161 2013 si
1172 1986 1260 2022 spes
1293 1979 1381 2013 tuas

100 2031 204 2067 solus
221 2030 408 2077 impedio,
439 2028 638 2066 Paulusne
659 2032 695 2067 te
715 2032 755 2067 et
764 2029 911 2068 Fabius
924 2029 1128 2069 Maximus
1157 2035 1196 2068 et
1216 2031 1322 2069 Cossi
1345 2038 1381 2070 et

100 2084 257 2123 Servilii
273 2084 408 2132 ferent
431 2088 653 2132 tantumque
673 2094 812 2132 aqmen
839 2086 1021 2124 nobilium
1042 2096 1118 2123 non
1142 2088 1278 2124 inania
1305 2097 1379 2125 no-

100 2141 208 2179 mina
232 2140 564 2189 praeferentium,
596 2141 668 2178 sed
687 2150 840 2188 eorum,
860 2143 929 2189 qui
953 2142 1186 2189 imaqinibus
1206 2144 1286 2181 suis
1304 2144 1377 2181 de-

101 2197 186 2235 cori
210 2194 325 2234 sunt?
360 2196 418 2234 Ne
444 2200 565 2235 totam
589 2196 675 2234 eius
697 2196 918 2235 orationem
946 2197 1166 2245 repetendo
1194 2204 1433 2247 magnamll

103 2255 256 2300 partem
276 2251 487 2290 voluminis
509 2262 768 2300 occupem—
786 2251 933 2291 diutius
954 2252 1057 2290 enim
1079 2263 1199 2301 quam
1218 2254 1376 2293 duabus
1411 2288 1416 2293 .

103 2307 213 2345 horis
238 2308 413 2346 locutum
441 2319 535 2347 esse
562 2312 718 2346 constat
745 2330 801 2337 —-
829 2318 919 2346 cum
942 2307 1047 2348 hanc
1066 2319 1258 2358 poenam,
1297 2321 1378 2358 qua

106 2364 192 2401 sola
213 2369 298 2403 erat
317 2368 528 2405 contentus
558 2364 734 2413 futurus,
766 2364 1019 2405 extenderet:
1051 2366 1167 2405 vitam
1194 2367 1279 2414 tibi,
1310 2366 1376 2404 in-
