1624 2626
346 184 424 225 192
621 185 663 222 L.
683 184 872 222 ANNAEI
892 183 1117 223 SENECAE
1132 185 1262 226 DIAL.
1279 186 1343 224 IX.

346 284 484 323 decem
503 282 655 322 medios
673 293 802 331 usque
820 282 871 321 ad
890 282 1128 331 supplicium
1147 282 1234 322 dies
1255 282 1342 325 sine
1361 283 1440 322 ulla
1457 282 1602 323 sollici-

345 338 478 376 tudine
498 336 712 385 exegisse?
730 337 943 376 verisimile
961 347 1040 375 non
1060 342 1131 386 est,
1154 349 1256 386 quae
1277 338 1337 376 vir
1355 338 1420 377 ille
1441 339 1602 385 dixerit,

309 393 330 427 7
347 402 449 441 quae
477 391 631 439 fecerit,
662 403 778 440 quam
798 392 836 429 in
857 392 1065 440 tranquillo
1087 392 1215 431 suerit.
1257 393 1436 431 Ludebat
1457 393 1603 431 latrun-

346 447 444 486 culis
455 476 464 494 ,
486 457 574 485 cum
590 446 764 485 centurio
781 456 919 494 agmen
937 446 1191 494 periturorum
1208 447 1366 485 trahens
1383 447 1489 485 illum
1505 458 1602 495 quo·

347 512 424 549 que
459 499 621 539 excitari
648 501 812 540 iuberet.
856 505 1020 539 vocatus
1046 501 1264 539 numeravit
1284 502 1460 540 calculos
1480 507 1519 541 et
1537 512 1601 540 so·

346 556 425 593 dali
445 566 538 594 suo:
572 556 684 602 vide,
700 555 843 604 inquit,
873 567 922 593 ne
933 561 1023 604 post
1039 561 1194 594 mortem
1211 566 1333 594 meam
1353 558 1549 595 mentiaris
1568 561 1603 595 te

345 612 490 649 vicisse.
533 615 614 648 tum
634 610 813 648 adnuens
834 609 1072 648 centurioni:
1104 613 1224 657 testis,
1258 611 1403 658 inquit,
1432 613 1510 649 eris
1527 621 1603 649 uno

344 675 405 703 me
421 665 655 703 antecedere.
689 665 853 703 Lusisse
872 669 914 702 tu
933 663 1086 702 Kanum
1105 664 1172 703 illa
1189 663 1322 703 tabula
1340 669 1484 713 putas?
1503 665 1600 703 inlu-

309 717 333 751 8
347 718 410 758 sit.
435 717 586 757 Tristes
606 724 716 757 erant
731 718 844 757 amici
862 719 975 757 talem
992 719 1174 757 amissuri
1190 719 1337 757 virum:
1357 721 1451 767 quid
1462 722 1601 766 moesti,

345 773 492 821 inquit,
511 771 627 811 estis?
659 784 723 811 vos
742 775 924 822 quaeritis
942 784 994 811 an
1012 776 1232 812 inmortales
1250 776 1403 813 animae
1419 777 1514 813 sint:
1533 785 1602 822 eqo

345 829 423 866 iam
441 829 572 867 sciam.
600 837 674 866 nec
694 827 810 866 desiit
831 828 1033 866 veritatem
1054 828 1094 866 in
1111 828 1200 876 ipso
1221 828 1299 866 fine
1315 829 1481 867 scrutari
1497 833 1535 867 et
1550 840 1601 867 ex

309 879 331 914 9
347 887 470 920 morte
492 891 565 920 sua
582 883 855 930 quaestionem
873 881 1033 921 habere.
1061 882 1380 931 Prosequebatur
1397 884 1503 921 illum
1518 883 1602 931 phi-

344 936 657 984 losophus'suus
677 947 750 975 nec
770 938 845 975 iam
867 938 1005 984 procul
1025 942 1108 976 erat
1126 938 1318 985 tumulus,
1347 938 1385 976 in
1407 949 1485 986 quo
1507 938 1601 976 Cae-

345 990 427 1030 sari
446 991 522 1029 deo
542 995 677 1030 nostro
697 991 817 1030 fiebat
837 991 1075 1029 cotidianum
1091 1002 1260 1030 sacrum.
1289 993 1327 1030 Is
1345 994 1448 1041 quid,
1465 992 1600 1040 inquit,

343 1046 478 1091 Kane,
508 1046 612 1083 hunc
638 1043 810 1092 coquas?
837 1050 905 1083 aut
934 1056 1032 1093 quae
1057 1047 1126 1084 tibi
1142 1058 1247 1085 mens
1267 1045 1349 1086 est?
1383 1047 1598 1092 Observare,

345 1099 471 1148 inquit
489 1098 625 1137 Kanus
636 1128 646 1146 ‚
675 1101 862 1148 proposui
877 1101 941 1138 illo
960 1102 1188 1139 velocissimo
1205 1106 1386 1140 momento
1403 1114 1455 1141 an
1473 1112 1597 1140 sensu-

344 1165 414 1192 rus
431 1155 480 1192 sit
495 1155 644 1192 animus
661 1156 771 1192 exire
789 1165 840 1192 se.
871 1154 1147 1202 promisitque,
1168 1155 1202 1192 si
1224 1155 1318 1203 quid
1338 1157 1596 1204 explorasset,

347 1207 636 1246 circumiturum
654 1208 804 1246 amicos
820 1213 859 1246 et
871 1207 1142 1255 indicaturum,
1160 1209 1247 1257 quis
1265 1214 1372 1248 esset
1386 1210 1598 1247 animarum

293 1257 337 1291 1⁰
347 1267 485 1301 status.
521 1262 625 1300 Ecce
643 1263 681 1300 in
700 1262 831 1301 media
849 1267 1083 1311 tempestate
1102 1263 1374 1311 tranquillitas.
1404 1273 1495 1302 ecce
1516 1262 1596 1299 ani-

347 1328 436 1356 mus
466 1316 694 1355 aeternitate
714 1316 875 1364 dignus,
910 1317 978 1365 qui
997 1319 1116 1356 satum
1137 1328 1251 1356 suum
1270 1317 1309 1356 in
1332 1322 1597 1366 argumentum

345 1372 429 1410 veri
448 1376 585 1418 vocat,
606 1371 673 1419 qui
692 1370 731 1408 in
749 1371 883 1410 ultimo
899 1371 964 1410 illo
988 1372 1114 1420 gradu
1129 1372 1281 1420 positus
1297 1376 1500 1410 exeuntem
1515 1370 1595 1408 ani-

346 1436 450 1464 mam
468 1430 744 1474 percunctatur
763 1436 836 1464 nec
858 1437 987 1475 usque
1007 1426 1058 1464 ad
1076 1431 1239 1465 mortem
1257 1432 1414 1471 tantum,
1437 1425 1509 1463 sed
1529 1424 1595 1463 ali—

348 1480 443 1529 quid
476 1479 592 1518 etiam
622 1490 673 1518 ex
705 1480 794 1529 ipsa
813 1485 936 1519 morte
956 1481 1088 1519 discit:
1123 1491 1238 1519 nemo
1258 1481 1400 1519 diutius
1421 1480 1595 1528 philoso-

347 1535 505 1584 phatus.
547 1533 628 1572 Sed
660 1545 738 1573 non
764 1535 904 1583 raptim
930 1536 1174 1584 relinquetur
1192 1545 1355 1583 magnus
1374 1535 1433 1573 vir
1451 1538 1596 1572 etcum

348 1599 443 1628 cura
461 1588 675 1627 dicendus:
704 1589 883 1628 dabimus
906 1595 945 1628 te
964 1591 1003 1628 in
1023 1600 1178 1629 omnem
1197 1589 1440 1637 memoriam,
1461 1588 1594 1627 claris-

348 1644 489 1683 simum
509 1648 645 1692 caput,
667 1644 832 1683 Gaianae
853 1645 976 1682 cladis
994 1655 1137 1693 magna
1156 1644 1301 1693 portio!

313 1700 332 1733 1
429 1699 514 1738 XV.
539 1698 618 1736 Sed
638 1698 733 1736 nihil
754 1699 916 1747 prodest
939 1699 1115 1748 privatae
1133 1698 1307 1737 tristitiae
1327 1707 1469 1736 causas
1489 1697 1593 1735 abie-

349 1754 466 1793 cisse.
497 1757 667 1801 occupat
685 1754 787 1791 enim
806 1764 1101 1802 nonnumquam
1120 1753 1251 1792 odium
1266 1752 1421 1800 generis
1435 1751 1595 1790 humani

348 1814 387 1847 et
413 1808 583 1847 occurrit
600 1812 657 1846 tot
676 1809 870 1846 scelerum
889 1807 1060 1846 felicium
1079 1807 1212 1855 turba,
1241 1816 1328 1844 cum
1347 1806 1594 1854 cogitaveris,

349 1873 465 1911 quarn
485 1862 536 1901 sit
552 1872 642 1900 rara
661 1862 890 1910 simplicitas
907 1867 944 1901 et
960 1873 1076 1911 quam
1090 1863 1223 1910 ignota
1238 1859 1459 1899 innocentia
1474 1865 1513 1899 et
1527 1861 1594 1898 vix

347 1927 552 1966 umquam,
572 1915 649 1955 nisi
670 1927 758 1954 cum
777 1917 956 1966 expedit,
976 1918 1095 1965 fides,
1114 1920 1152 1954 et
1168 1914 1338 1954 libidinis
1358 1916 1467 1953 lucra
1484 1915 1592 1953 dam-

348 1981 479 2020 naque
497 1970 642 2020 pariter
660 1971 789 2010 invisa
808 1977 845 2010 et
863 1971 1020 2010 ambitio
1040 1981 1168 2019 usque
1186 1980 1234 2008 eo
1254 1970 1331 2007 iam
1351 1979 1396 2008 se
1415 1969 1498 2008 suis
1513 1979 1592 2007 non

349 2025 552 2064 continens
571 2026 765 2074 terminis,
786 2031 828 2065 ut
847 2037 916 2075 per
934 2025 1210 2074 turpitudinem
1225 2024 1449 2072 splendeat:
1468 2023 1593 2071 agitur

348 2080 500 2119 animus
533 2080 573 2118 in
598 2086 751 2120 noctem
780 2085 819 2119 et
837 2083 942 2120 velut
968 2076 1118 2119 eiversis
1136 2078 1363 2125 virtutibus,
1397 2088 1497 2127 quas
1517 2087 1592 2115 nec

349 2144 512 2182 sperare
543 2135 634 2173 licet
663 2146 737 2174 nec
763 2135 908 2174 habere
935 2135 1114 2183 prodest,
1145 2133 1330 2171 tenebrae
1350 2132 1590 2171 oboriuntur.

308 2189 330 2222 2
348 2188 399 2225 In
426 2187 519 2227 hoc
539 2189 707 2238 itaque
727 2190 971 2228 flectendi
989 2198 1172 2234 sumu8,
1205 2191 1257 2226 ut
1275 2187 1435 2226 omnia
1452 2185 1591 2234 volgi

348 2242 475 2281 vitia
493 2253 586 2281 non
605 2243 773 2283 invisa
791 2244 956 2291 nobis,
980 2243 1070 2282 sed
1086 2241 1305 2280 ridicula
1323 2241 1591 2280 videantur

349 2301 388 2336 et
413 2297 673 2337 Democritum
706 2298 839 2347 potius
871 2298 1059 2337 imitemur
1092 2307 1209 2346 quam
1239 2296 1486 2335 Heraclitum.
1528 2295 1590 2332 hic
