1592 2580
297 142 480 181 NATUR.
502 141 715 190 QUAEST.
744 142 838 182 LIB.
863 143 892 181 1.
923 147 1096 183 14—16.
1258 139 1338 182 179

54 246 89 284 in
110 243 298 284 auxilium
322 241 519 282 Ostiensis
540 242 722 281 coloniae
742 247 1002 281 cucurrerunt
1022 247 1223 291 tamquam
1243 252 1336 281 con·

53 299 281 349 flagrantis‚
310 308 401 337 cum
428 298 531 336 coeli
560 298 682 337 ardor
709 297 853 337 suisset
881 308 954 347 per
981 308 1165 347 magnam
1185 302 1338 347 partem

53 355 183 395 noctis
202 364 342 404 parum
362 352 520 393 lucidus
541 354 667 393 crassi
683 352 904 402 sumidique
918 353 1036 402 ignis.
1060 354 1119 393 De
1135 353 1198 392 his
1218 364 1335 393 nemo
1355 359 1377 395 6

54 411 223 458 dubitat,
259 409 353 458 quin
381 408 558 448 habeant
583 408 804 458 flammam,
834 420 955 458 quam
975 409 1203 448 ostendunt.
1231 414 1341 448 certa

53 467 130 508 iilis
153 466 377 505 substantia
403 469 484 503 est:
513 464 566 503 de
588 465 788 513 prioribus
809 465 1030 513 quaeritur,
1052 465 1103 503 de
1129 475 1227 504 arcu
1246 465 1338 504 dico

53 527 94 562 et
113 522 294 568 coronis,
322 532 373 559 an
401 520 604 569 decipiant
623 521 748 559 aciem
767 525 807 559 et
823 520 1034 559 mendacio
1054 525 1258 568 constent,
1287 532 1338 559 an

53 580 94 617 in
114 578 189 616 iliis
210 586 375 626 quoque
394 586 532 615 verum
554 577 626 624 sit,
654 575 765 625 quod
792 576 971 625 adparet.
1009 575 1133 615 Nobis
1155 587 1236 615 non
1257 578 1338 625 pia·
1360 582 1381 617 7

55 639 118 677 cet
145 632 184 672 in
213 642 310 671 arcu
338 637 406 671 aut
434 632 595 671 coronis
623 632 794 671 subesse
827 632 977 680 aliquid
1011 631 1193 681 corporis
1223 634 1339 671 certi:

54 689 151 728 nihil
179 688 284 727 enim
317 688 540 726 iudicamus
559 688 597 725 in
620 687 796 736 speculis
817 687 894 726 nisi
915 687 1110 726 fallaciam
1131 698 1224 727 esse
1245 687 1340 726 nihii

55 744 164 784 aliud
192 754 312 793 quam
337 743 508 782 alienum
537 754 687 792 corpus
713 743 1006 782 mentientibus.
1039 754 1119 782 non
1147 744 1252 782 enim
1280 749 1343 783 est

55 802 94 839 in
115 801 294 849 speculo,
318 798 428 848 quod
450 799 685 838 ostenditur.
723 798 899 847 alioquin
920 810 999 838 non
1022 800 1151 838 exiret
1169 809 1244 838 nec
1265 800 1343 837 alia

58 857 239 905 protinus
267 854 439 903 imagine
468 854 756 901 obduceretur,
784 864 860 892 nec
877 854 1186 893 innumerabiles
1219 855 1341 894 modo

56 912 280 959 interirent,
307 911 429 950 modo
451 911 732 959 exciperentur
749 911 914 948 formae.
951 910 1053 958 Quid
1072 915 1198 958 ergo?
1220 911 1341 949 simu·
1360 918 1383 953 8

57 969 166 1007 Iaera
185 967 261 1006 ista
281 971 373 1006 sunt
393 971 433 1005 et
450 965 580 1004 inanis
602 976 784 1004 verorum
802 976 1017 1014 corporum
1036 965 1202 1005 imitatio
1219 970 1342 1014 [sunt—

60 1033 139 1072 que
158 1023 250 1072 ipsa
276 1033 300 1061 a
324 1021 563 1071 quibusdam
592 1020 646 1060 ita
665 1022 895 1070 conposita,
927 1026 971 1060 ut
989 1021 1089 1060 haec
1114 1027 1283 1070 possent
1305 1027 1345 1061 et

59 1080 315 1128 detorquere]
327 1077 347 1101 *
360 1078 379 1101 *
391 1078 430 1116 in
447 1087 629 1126 pravum.
643 1077 755 1123 Nam,
773 1081 815 1115 ut
825 1076 920 1124 dixi,
938 1082 1032 1116 sunt
1047 1078 1226 1126 specula,
1238 1088 1343 1127 quae

58 1135 201 1173 faciem
227 1133 559 1183 prospicientium
586 1131 811 1181 obliquent,
839 1138 932 1171 sunt
961 1143 1064 1180 quae
1089 1133 1130 1171 in
1150 1133 1344 1172 infinitum

59 1195 231 1239 augeant
257 1189 330 1237 ita,
357 1194 400 1228 ut
426 1189 641 1227 humanum
669 1187 846 1227 habitum
873 1188 1117 1237 modumque
1145 1189 1345 1227 excedant

58 1251 285 1285 nostrorum
308 1254 534 1293 corporum.

139 1301 244 1340 XVl.
273 1301 360 1339 Hoc
388 1301 479 1339 loco
507 1301 601 1339 volo
629 1298 700 1338 tibi
719 1309 883 1338 narrare
905 1299 1110 1348 fabellam,
1130 1305 1173 1339 ut
1191 1301 1341 1340 intelle·
1368 1316 1386 1348 1

60 1367 152 1406 gas,
182 1367 301 1406 quam
325 1356 475 1395 nulium
497 1356 801 1395 instrumentum
822 1355 1044 1394 inritandae
1065 1357 1279 1404 voluptatis
1299 1356 1342 1394 ii-

59 1413 154 1452 bido
185 1416 412 1451 contemnat
438 1416 478 1450 et
503 1411 715 1460 ingeniosa
745 1411 796 1450 sit
822 1411 874 1449 ad
901 1410 1145 1450 incitandum
1169 1412 1346 1450 furorem

62 1479 191 1507 suum.
230 1468 396 1506 Hostius
417 1467 488 1506 suit
507 1467 686 1514 Quadra,
716 1466 1003 1505 obscoenitatis
1023 1467 1062 1505 in
1088 1477 1252 1506 scenam
1279 1478 1344 1505 us-

64 1534 141 1572 que
163 1523 397 1572 productae.
426 1522 531 1561 hunc
547 1522 708 1561 divitem
728 1532 904 1569 avarum,
925 1523 1097 1561 sestertii
1117 1523 1244 1562 milies
1261 1533 1346 1561 ser-

63 1590 176 1626 vum,
200 1578 317 1617 divus
335 1580 545 1626 Augustus
565 1578 768 1626 indignum
782 1578 958 1616 vindicta
976 1578 1186 1625 iudicavit,
1214 1589 1304 1617 cum
1323 1589 1348 1616 a

64 1634 193 1673 servis
214 1633 373 1673 occisus
392 1638 512 1680 esset,
532 1639 572 1673 et
588 1638 737 1673 tantum
762 1643 841 1671 non
863 1633 1134 1682 pronuntiavit
1152 1635 1238 1672 iure
1258 1644 1346 1672 cae-

65 1701 154 1730 sum
181 1690 319 1728 videri.
356 1689 443 1728 Non
463 1694 548 1728 erat
566 1690 631 1728 iiie
650 1689 700 1727 ab
720 1699 800 1727 uno
819 1689 1092 1729 tantummodo
1112 1700 1213 1728 sexu
1233 1690 1347 1738 inpu-
1366 1703 1387 1737 2

63 1757 145 1793 ruS,
167 1746 239 1784 sed
259 1749 338 1783 tam
357 1745 532 1784 virorum
552 1755 671 1794 quam
691 1745 924 1783 feminarum
941 1745 1084 1784 avidus
1104 1746 1217 1793 [fuit]‚
1238 1745 1347 1784 fecit-

67 1812 145 1850 que
161 1801 328 1850 specula
342 1800 429 1840 eius
450 1806 580 1847 notae,
601 1801 715 1838 cuius
730 1800 850 1839 modo
866 1801 993 1846 retuli,
1014 1801 1206 1850 imagines
1224 1803 1346 1840 maio-

65 1868 132 1896 res
164 1855 392 1904 reddentia,
427 1857 467 1894 in
500 1855 649 1904 quibus
680 1856 828 1904 digitus
861 1855 1013 1894 brachii
1046 1866 1276 1896 mensuram
1310 1862 1349 1895 et

67 1911 371 1952 crassitudinem
399 1912 624 1950 excederet.
661 1911 762 1949 haec
789 1916 921 1950 autem
942 1912 995 1950 ita
1015 1911 1277 1960 disponebat,
1306 1918 1349 1951 ut

68 1979 156 2008 cum
181 1968 310 2007 virum
330 1967 420 2015 ipse
439 1972 661 2016 pateretur,
688 1977 858 2006 aversus
878 1977 1019 2006 omnes
1039 1968 1264 2006 admissarii
1285 1969 1348 2007 sui

68 2029 198 2064 motus
218 2024 256 2062 in
273 2025 438 2072 speculo
457 2023 546 2071 ipse
564 2022 720 2061 videret
734 2032 782 2060 ac
800 2022 946 2060 deinde
961 2023 1063 2062 salsa
1077 2023 1348 2072 magnitudine

70 2079 199 2128 ipsius
217 2079 382 2118 membri
402 2084 602 2127 tamquam
620 2088 718 2116 vera
734 2078 944 2126 gaudebat.
987 2079 1031 2117 In
1058 2080 1241 2118 omnibus
1261 2080 1347 2129 qui·
1366 2089 1389 2124 3

73 2135 163 2174 dem
180 2135 334 2174 balneis
356 2135 500 2183 agebat
518 2134 583 2172 ille
601 2133 796 2171 delectum
818 2138 858 2172 et
875 2139 1016 2182 aperta
1033 2145 1222 2174 mensura
1240 2136 1346 2184 lege-

71 2190 140 2229 bat
159 2191 289 2238 viros,
320 2191 394 2229 sed
413 2189 667 2229 nihilominus
694 2188 914 2228 mendaciis
943 2200 1106 2239 quoque
1125 2190 1347 2230 insatiabile

73 2246 217 2286 malum
246 2246 489 2286 oblectabat:
525 2246 537 2284 i
566 2254 672 2284 nunc
700 2249 739 2283 et
757 2244 822 2283 dic
841 2246 1048 2293 speculum
1067 2246 1346 2286 munditiarum

77 2311 199 2341 causa
216 2307 430 2352 repertum.
465 2301 601 2341 Foeda
621 2301 727 2340 dictu
748 2304 859 2348 sunt,
883 2311 995 2349 quaev
1007 2306 1230 2350 portentum
1249 2303 1345 2341 iliud

1062 2357 1134 2397 12*
