1624 2626
174 187 248 227 AD
267 182 562 225 GALLIONEM
580 183 648 223 DE
666 182 791 222 VITA
808 182 991 222 BEATA.
1018 187 1175 223 26—28.
1235 180 1316 222 163

40 300 139 330 suos
164 285 324 327 effudit:
361 286 570 325 inlustrata
596 289 659 324 est
684 284 811 324 virtus
830 295 919 324 mea
938 295 1011 334 per
1039 296 1088 324 ea
1106 284 1213 335 ipsa,
1243 297 1318 335 per

0 370 1 378 κ
41 354 144 396 quae
160 343 380 393 petebatur.
412 341 583 390 produci
600 341 706 380 enim
725 341 780 380 illi
794 345 834 380 et
845 341 1029 391 temptari
1048 342 1222 391 expedit,
1242 352 1318 380 nec

0 405 1 408 ’
38 401 106 441 ulli
121 398 249 447 magis
268 397 512 447 intellegunt,
541 402 690 446 quanta
709 398 771 445 sit,
796 407 914 447 quam
935 397 1003 447 qui
1022 397 1130 436 vires
1154 398 1240 436 eius
1261 399 1317 436 la-

39 454 238 496 cessendo
260 457 485 493 senserunt.
525 452 670 492 duritia
691 451 815 491 silicis
835 452 952 492 nullis
973 452 1100 501 magis
1122 464 1242 502 quam
1262 454 1317 492 fe-

35 511 228 551 rientibus
257 514 351 548 nota
377 514 451 548 est.
504 508 682 548 Praebeo
710 519 774 547 me
801 519 882 547 non
908 508 1021 548 aliter
1048 519 1168 558 quam
1193 519 1318 558 rupes
1336 513 1360 550 3

36 567 171 616 aliqua
191 566 229 604 in
247 565 405 604 vadoso
426 565 524 604 mari
552 564 750 612 destituta,
779 575 898 613 quam
925 564 1072 604 fluctus
1099 575 1181 603 non
1211 564 1316 604 desi-

35 627 144 672 nunt,
164 622 445 670 undecumque
465 620 560 659 moti
580 625 684 668 sunt,
704 619 917 659 verberare
931 631 1006 659 nec
1026 620 1118 659 ideo
1140 625 1208 660 aut
1225 621 1316 660 loco

35 689 124 718 eam
142 682 305 718 movent
324 681 391 715 aut
409 687 483 725 per
507 681 566 715 tot
585 681 735 715 aetates
757 676 897 722 crebro
927 675 1092 715 incursu
1119 688 1193 716 suo
1222 687 1317 716 eon-

36 738 207 773 sumunt.
244 731 412 780 adsilite,
434 731 551 771 facite
570 732 760 781 inpetum.
798 731 963 771 ferendo
983 743 1058 770 vos
1078 733 1246 771 vincam.
1276 732 1316 771 in

35 800 95 837 ea,
125 799 229 839 quae
249 788 364 826 firma
382 793 421 827 et
438 786 781 836 inexsuperabilia
799 792 903 835 sunt,
929 787 1120 837 quicquid
1140 787 1316 836 incurrit,

34 845 139 883 malo
161 855 236 883 suo
262 844 343 882 vim
371 854 486 882 suam
514 848 688 882 exercet.
731 842 907 882 Proinde
935 843 1115 892 quaerite
1142 843 1319 892 aliquam

35 901 194 939 mollem
216 899 506 948 cedentemque
532 899 750 947 materiam,
778 899 818 937 in
838 909 919 948 qua
937 899 1018 938 tela
1034 903 1172 938 vestra
1190 899 1318 948 figan-

32 960 108 995 tur.
143 955 272 995 Vobis
294 959 426 993 autem
443 959 560 994 vacat
578 954 708 993 aliena
726 955 894 993 scrutari
921 955 1026 993 mala
1044 959 1082 994 et
1100 955 1316 995 sententias
1337 955 1361 990 4

33 1012 139 1050 ferre
158 1011 209 1050 de
241 1014 476 1060 quoquam?
512 1020 639 1059 quare
660 1009 725 1048 hic
752 1009 1020 1058 philosophus
1048 1010 1179 1049 laxius
1205 1010 1317 1049 habi·

32 1072 100 1115 tat,
122 1077 246 1116 quare
265 1066 328 1104 hic
348 1066 493 1105 lautius
514 1070 685 1104 coenat?
712 1067 884 1114 papulas
905 1065 1131 1105 observatis
1150 1067 1315 1114 alienas,

33 1123 153 1162 obsiti
174 1121 352 1171 plurimis
376 1120 607 1161 ulceribus?
642 1121 731 1160 Hoc
752 1121 829 1160 tale
845 1125 908 1160 est
928 1122 1046 1170 quale
1065 1121 1099 1160 si
1116 1122 1207 1170 quis
1227 1123 1315 1171 pul-

32 1178 318 1218 cherrimorum
355 1188 570 1226 corporum
602 1187 756 1216 naevos
793 1181 860 1215 aut
892 1187 1085 1216 verrucas
1122 1177 1314 1226 derideat,

33 1244 154 1284 quem
173 1234 258 1272 fera
284 1232 443 1272 scabies
464 1232 708 1282 depascitur.
749 1231 900 1271 Obicite
916 1232 1080 1278 Platoni,
1108 1234 1217 1281 quod
1247 1243 1313 1282 pe·
1330 1240 1353 1275 5

31 1290 136 1329 tierit
160 1289 391 1339 pecuniam,
425 1288 651 1337 Aristoteli,
689 1288 800 1337 quod
826 1289 1038 1338 acceperit,
1073 1289 1314 1337 Democrito,

35 1346 144 1395 quod
162 1343 394 1394 neglexerit,
413 1343 604 1393 Epicuro,
638 1344 747 1393 quod
777 1345 1085 1393 consumpserit.
1114 1344 1209 1383 mihi
1235 1346 1315 1394 ipsi

33 1400 281 1440 Alcibiadem
310 1404 349 1439 et
365 1400 589 1439 Phaedrum
612 1399 822 1439 obiectate.
863 1399 893 1439 Ο
914 1410 989 1439 vos
1014 1404 1122 1448 [usu]
1143 1401 1316 1440 maxime

34 1456 186 1505 felices,
215 1467 304 1495 cum
324 1457 494 1505 primum
512 1456 630 1495 vobis
650 1456 791 1496 imitari
814 1456 910 1494 vitia
929 1461 1066 1496 nostra
1086 1456 1315 1506 contigerit!

35 1511 136 1560 Quin
158 1512 290 1561 potius
307 1512 412 1550 mala
428 1516 564 1551 vestra
585 1512 901 1561 circumspicitis,
924 1523 1028 1561 quae
1044 1523 1118 1551 vos
1139 1513 1190 1551 ab
1210 1512 1316 1552 omni
1331 1522 1353 1558 6

36 1571 150 1618 parte
178 1567 424 1615 confodiunt,
453 1568 532 1606 alia
549 1567 775 1616 grassantia
800 1568 1062 1617 extrinsecus,
1093 1567 1172 1607 alia
1196 1567 1237 1607 in
1255 1568 1313 1607 vi-

36 1622 220 1662 sceribus
240 1622 341 1671 ipsis
361 1623 571 1661 ardentia?
606 1623 693 1662 Non
713 1634 763 1663 eo
783 1625 873 1663 loeo
900 1635 966 1663 res
986 1624 1184 1663 humanae
1210 1629 1314 1671 sunt,

36 1679 190 1718 etiamsi
210 1683 356 1718 statum
371 1683 549 1717 vestrum
565 1689 704 1727 parum
723 1680 863 1728 nostis,
881 1685 924 1719 ut
937 1680 1053 1719 vobis
1076 1685 1224 1719 tantum
1247 1679 1315 1719 otii

36 1735 222 1784 supersit,
242 1739 286 1773 ut
300 1735 338 1773 in
360 1734 507 1782 probra
525 1734 731 1773 meliorum
750 1735 899 1784 agitare
918 1736 1090 1784 linguam
1110 1739 1254 1775 vacet?

117 1790 292 1829 XXVIII.
322 1790 410 1829 Hoc
430 1800 505 1828 vos
534 1800 614 1828 non
633 1789 858 1839 intellegitis
878 1796 918 1830 et
941 1792 1112 1831 alienum
1131 1792 1314 1830 fortunae

35 1851 196 1885 vestrae
213 1847 362 1885 voltum
382 1844 530 1894 geritis,
559 1845 663 1884 sicut
679 1845 848 1895 plurimi,
877 1847 1022 1896 quibus
1049 1846 1088 1885 in
1117 1847 1225 1886 clrco
1246 1851 1314 1886 aut

36 1902 189 1942 theatro
209 1901 486 1940 desidentibus
512 1900 591 1939 iam
606 1901 764 1941 funesta
791 1902 935 1942 domus
963 1908 1026 1942 est
1051 1913 1127 1941 nec
1159 1903 1313 1941 adnun—

36 1958 173 1997 tiatum
189 1959 345 1996 malum.
385 1959 439 1996 At
466 1967 541 2006 ego
569 1967 620 1995 ex
648 1957 727 1996 alto
753 1957 1006 2007 prospiciens
1035 1958 1177 2006 video,
1209 1968 1314 2007 quae

38 2018 296 2062 tempestates
320 2017 389 2052 aut
415 2013 630 2051 inmineant
653 2014 769 2053 vobis
793 2015 914 2063 paulo
943 2014 1095 2052 tardius
1122 2018 1312 2062 rupturae

38 2068 214 2108 nimbum
245 2079 381 2118 suum,
408 2074 475 2109 ant
502 2069 579 2107 iam
604 2067 761 2108 vicinae
791 2080 866 2108 vos
893 2079 940 2107 ae
966 2074 1101 2108 vestra
1124 2074 1311 2118 rapturae

39 2125 206 2174 propius
216 2124 472 2164 accesserint.
499 2124 601 2172 Quid
610 2129 760 2173 porro?
777 2135 856 2164 non
866 2135 971 2163 nunc
986 2135 1159 2174 quoque,
1176 2125 1308 2164 etiam-

40 2179 233 2229 siparum
259 2180 424 2228 sentitis,
451 2181 565 2220 turbo
595 2180 755 2229 quidam
782 2181 934 2219 animos
960 2185 1118 2220 vestros
1141 2185 1245 2220 rotat
1271 2185 1312 2219 et

40 2234 215 2283 involvit,
240 2236 435 2285 fugientes
457 2241 718 2285 petentesque
738 2236 877 2274 eadem
897 2240 939 2274 et
954 2247 1059 2276 nunc
1075 2235 1115 2277 in
1142 2236 1309 2276 sublime

44 2290 250 2332 adlevatos
270 2302 376 2332 nunc
394 2292 434 2332 in
454 2292 589 2332 infima
608 2292 786 2331 adlisos?
805 2289 981 2319 ******

1019 2399 1090 2441 u*
