1624 2626
331 172 384 216 72
703 176 745 214 L.
774 175 961 215 ANNAEI
991 175 1214 214 SENECAE

331 274 569 322 doloresque
591 275 809 312 incurrunt:
831 273 965 320 utique
987 271 1118 321 aliqua
1138 272 1363 320 fugiendum
1383 280 1442 314 est
1462 275 1584 315 domi-

329 328 458 366 cilium
486 332 600 376 putre
625 327 784 367 sortitis.
814 328 971 365 Dicetur
994 327 1135 375 aliquis
1159 328 1259 365 male
1282 328 1332 365 de
1356 333 1391 366 te
1412 330 1583 369 locutus:
1622 328 1624 330 ’

329 382 458 430 cogita
478 393 528 420 an
551 383 661 431 prior
684 382 844 428 seceris,
874 381 1003 428 cogita
1027 381 1077 419 de
1106 392 1224 428 quam
1247 382 1376 420 mullis
1397 384 1583 432 loquaris.

291 437 311 469 5
329 436 570 484 Cogitemus,
596 437 775 485 inquam,
804 436 902 473 alios
932 446 1012 474 non
1041 436 1171 473 facere
1199 436 1395 483 iniuriam,
1424 439 1495 476 sed
1523 449 1583 476 re-

325 501 488 539 ponere.
517 492 617 529 alios
634 502 705 539 pro
721 490 835 529 nobis
854 491 995 535 facere,
1020 490 1119 528 alios
1140 496 1300 544 coactos
1320 492 1461 539 faeere,
1484 493 1582 531 alios

325 545 564 593 ignorantis,
591 546 707 584 etiam
736 555 807 583 eos
840 544 906 592 qui
938 545 1116 582 volentes
1147 546 1398 593 scientesque
1425 547 1581 593 saclunt,

326 610 378 637 ex
392 600 532 638 iniuria
548 604 684 638 nostra
698 611 776 638 non
798 599 923 647 ipsam
941 598 1117 636 iniuriam
1128 603 1281 646 petere:
1302 601 1583 639 autduleedine

324 654 555 693 urbanitatis
582 656 795 702 prolapsus
825 658 885 691 est
909 658 975 691 aut
994 652 1087 691 fecit
1107 654 1274 702 aliquid,
1302 665 1380 692 non
1406 660 1449 693 ut
1469 656 1584 694 nobis

326 709 504 756 obesset,
525 709 598 746 sed
618 709 710 756 quia
729 707 921 756 consequi
940 708 1028 756 ipse
1047 718 1126 746 non
1147 713 1310 756 poterat,
1331 709 1406 748 nisi
1427 720 1500 748 nos
1522 721 1582 749 re-

289 767 311 800 6
325 764 504 811 pulisset.
542 773 662 810 saepe
681 763 872 810 adulatio,
899 763 992 801 dum
1011 761 1224 809 blanditur,
1252 763 1427 802 offendit.
1470 764 1581 812 Quis-

325 818 412 865 quis
431 818 482 854 ad
504 827 548 855 se
569 818 760 864 retulerit,
788 818 968 865 quotiens
987 817 1075 865 ipse
1096 816 1133 854 in
1157 817 1423 865 suspicionem
1443 819 1582 857 salsam

322 871 518 917 inciderit,
550 882 667 919 quam
688 871 818 910 multis
841 870 983 910 officiis
1010 872 1092 909 suis
1116 872 1272 910 fortuna
1290 873 1462 920 speeiem
1482 873 1580 912 iniu-

321 926 404 963 riae
429 925 616 973 induerit,
645 937 762 974 quam
787 928 930 965 multos
958 931 1049 974 post
1077 926 1210 964 odium
1236 937 1366 965 amare
1395 929 1580 975 coeperit,

324 980 467 1027 poterit
486 991 564 1018 non
588 981 715 1018 statim
731 980 869 1028 irasci,
896 980 1032 1028 utique
1052 981 1084 1018 si
1109 981 1182 1019 sibi
1199 981 1339 1020 tacitus
1360 983 1410 1021 ad
1429 983 1582 1030 singula

287 1044 308 1079 7
324 1034 466 1082 quibus
489 1034 699 1072 offenditur
717 1035 875 1073 dixerit=
897 1035 996 1073 haec
1015 1039 1053 1072 et
1072 1034 1160 1082 ipse
1183 1036 1372 1075 commisi.
1413 1036 1494 1075 Sed
1513 1037 1580 1075 uhi

321 1093 399 1126 tam
417 1099 586 1135 aequum
603 1088 772 1126 iudicem
790 1090 995 1127 invenies?
1020 1089 1058 1127 Is
1082 1090 1147 1137 qui
1163 1090 1305 1129 nullius
1324 1101 1400 1129 non
1418 1102 1580 1130 uxorem

321 1142 567 1190 concupiscit
602 1148 640 1181 et
674 1143 769 1182 satis
803 1143 928 1182 iustas
958 1154 1100 1182 causas
1129 1149 1238 1192 putat
1264 1145 1438 1193 amandi,
1472 1147 1580 1194 quod

319 1197 446 1236 aliena
467 1202 546 1245 est,
572 1198 677 1236 idem
703 1208 866 1236 uxorem
894 1209 1005 1236 suam
1027 1199 1179 1246 adspici
1197 1209 1275 1237 non
1295 1201 1389 1238 vult.
1432 1205 1468 1239 et
1485 1201 1579 1238 fidei

319 1252 532 1290 acerrimus
553 1257 714 1291 exactor
734 1257 795 1291 est
812 1253 1003 1300 perfidus.
1046 1258 1085 1291 et
1103 1253 1308 1291 mendacia
1329 1255 1580 1303 persequitur

318 1306 406 1353 ipse
423 1306 617 1354 periurus.
653 1312 691 1346 et
715 1307 820 1345 litem
839 1306 914 1345 sibi
934 1307 1067 1345 inferri
1090 1308 1304 1356 aegerrime
1326 1309 1580 1348 calumniator

319 1360 474 1408 patitur.
502 1360 730 1409 pudicitiam
746 1362 992 1400 servulorum
1009 1373 1171 1400 suorum
1190 1363 1380 1401 adtentari
1401 1374 1479 1401 non
1497 1365 1580 1402 vult

281 1418 304 1451 8
320 1415 386 1462 qui
407 1425 484 1453 non
506 1417 684 1464 pepercit
702 1426 810 1454 suae.
847 1417 987 1454 Aliena
1005 1417 1097 1455 vitia
1116 1417 1155 1454 in
1177 1416 1302 1455 oculis
1318 1417 1526 1464 habemus,
1556 1429 1580 1455 a

316 1475 427 1516 tergo
455 1475 591 1508 nostra
617 1475 726 1509 sunt:
758 1471 850 1509 inde
875 1475 952 1517 est,
982 1471 1091 1520 quod
1110 1471 1343 1519 tempestiva
1359 1472 1427 1509 filii
1446 1472 1578 1510 convi-

315 1523 381 1561 via
406 1530 518 1571 pater
545 1526 714 1563 deterior
742 1525 822 1564 filio
854 1526 1017 1574 castigat
1045 1530 1083 1564 et
1109 1525 1203 1563 nihil
1229 1526 1380 1564 alienae
1401 1526 1578 1564 luxuriae

315 1579 486 1625 ignoscit
512 1580 579 1627 qui
606 1580 700 1617 nihil
728 1590 824 1618 suae
850 1580 1019 1628 negavit.
1069 1585 1107 1618 et
1131 1580 1351 1618 homIcidae
1386 1585 1576 1629 tyrannus

315 1633 497 1671 irascitur
516 1639 554 1672 et
579 1635 689 1682 punit
708 1635 810 1672 furta
828 1635 1057 1682 sacrilegus.
1099 1635 1242 1682 Magna
1262 1645 1356 1682 pars
1378 1635 1578 1673 hominum

316 1691 378 1725 est
399 1699 500 1735 quae
519 1699 597 1726 non
622 1690 795 1736 peccatis
814 1689 1013 1736 irascitur,
1043 1690 1116 1728 sed
1142 1689 1410 1737 peccantibus.
1444 1689 1578 1728 Faciet

315 1751 391 1780 nos
410 1743 694 1782 moderatiores
713 1749 920 1791 respectus
941 1745 1077 1791 nostri,
1101 1744 1134 1782 si
1155 1744 1465 1782 consuluerimus
1482 1755 1577 1782 nos=

315 1796 504 1844 numquid
531 1802 569 1835 et
598 1798 689 1847 ipsi,
704 1799 852 1846 aliquid
878 1800 954 1836 tale
981 1799 1275 1837 commisimus?
1300 1798 1491 1846 numquid
1518 1798 1577 1837 sic

313 1851 558 1890 erravimus?
583 1853 795 1900 expeditne
815 1853 930 1891 nobis
953 1853 1027 1891 ista
1048 1854 1260 1891 damnare?

392 1905 526 1943 XXIX.
553 1906 766 1946 Maximum
784 1908 998 1945 remedium
1017 1908 1098 1945 irae
1117 1917 1225 1946 mora
1244 1911 1315 1945 est.
1341 1907 1428 1945 Hoc
1445 1907 1493 1944 ab
1511 1908 1578 1946 illa

312 1963 404 2006 pete
430 1960 560 2008 initio,
587 1972 665 2000 non
692 1967 736 2000 ut
760 1962 958 2010 ignoscat,
987 1963 1060 2000 sed
1085 1966 1127 2000 ut
1151 1961 1312 1999 iudicet:
1339 1962 1511 2010 desinet,
1541 1963 1576 2000 si

313 2019 529 2060 exspectat.
566 2026 639 2054 nec
664 2017 890 2055 universam
904 2017 1014 2055 ⁴illam
1031 2016 1283 2064 temptaveris
1302 2016 1450 2054 tollere.
1488 2026 1575 2063 gra-

314 2077 384 2104 ves
414 2067 531 2106 habet
555 2069 713 2118 inpetus
739 2071 910 2119 primos:
946 2076 1029 2110 tota
1052 2071 1248 2116 vincetur,
1278 2071 1371 2108 dum
1399 2070 1574 2118 partibus

276 2120 497 2169 2carpitur.
539 2123 601 2161 Ex
630 2124 692 2164 his
721 2135 824 2174 quae
849 2136 924 2164 nos
953 2125 1175 2170 offendunt,
1203 2125 1280 2162 alia
1306 2125 1574 2163 renuntiantur

313 2175 439 2222 nobis,
458 2176 536 2214 alia
555 2178 631 2225 ipsi
651 2180 831 2218 audimus
853 2185 919 2218 aut
937 2180 1139 2218 videmus:
1155 2179 1213 2216 De
1231 2179 1279 2216 iis
1301 2189 1402 2226 quae
1420 2183 1575 2216 narrata

314 2234 421 2277 sunt,
450 2241 530 2270 non
550 2232 738 2272 debemus
759 2235 834 2273 cito
856 2234 1037 2273 credere:
1066 2234 1174 2271 multi
1192 2234 1427 2271 mentiuntur
1445 2237 1488 2271 ut
1506 2233 1572 2271 do-

311 2283 476 2333 cipiant,
504 2286 629 2334 multi,
660 2288 752 2335 quia
770 2289 926 2338 decepti
944 2291 1047 2327 sunt.
1084 2288 1183 2326 alius
1203 2287 1467 2327 criminatione
1486 2298 1572 2335 gra-
