1624 2626
192 159 448 202 ACCIDANT
471 160 579 201 CUM
599 159 943 202 PROVIDENTIA
970 161 1059 202 SIT.
1088 163 1140 202 V.
1160 163 1229 202 VI.
1307 162 1360 205 15

63 266 151 307 silia
176 269 217 305 et
243 264 446 304 libidinem
468 275 630 304 caecam
651 270 690 304 et
710 263 840 305 aheno
860 264 1119 304 inminentem
1139 263 1358 305 avaritiam.

0 323 1 334 ¹
59 323 175 372 ipsos
193 326 326 361 tuetur
345 331 394 360 ac
416 321 611 360 vindicat:
637 320 834 370 numquid
861 320 940 361 hoc
971 332 1137 371 quoque
1165 322 1311 371 aliquis
1334 333 1360 361 a

60 378 137 418 deo
162 378 308 429 exigit,
335 382 378 416 ut
399 377 599 417 bonorum
629 377 807 416 virorum
835 377 954 416 etiam
985 378 1168 417 sarcinas
1196 382 1360 417 servet?

0 481 3 484 Α
58 434 261 473 remittunt
281 433 360 482 ipsi
380 432 484 472 hanc
505 433 582 472 deo
604 443 754 471 curam.
786 438 953 472 externa
971 438 1243 474 contemnunt.
1278 435 1355 473 De·
1372 439 1395 474 2

57 490 249 530 mocritus
270 487 430 528 divitias
457 488 626 538 proiecit
652 488 758 529 onus
779 489 868 528 illas
891 489 1026 528 bonae
1053 490 1198 529 mentis
1220 490 1357 529 existi-

58 557 193 585 mans:
217 545 312 595 quid
332 548 459 594 ergo?
486 544 661 593 miraris,
697 545 731 583 si
751 545 791 584 id
813 545 915 584 deus
937 545 1044 585 bono
1066 546 1151 585 viro
1172 546 1359 585 accidere

60 602 226 650 patitur,
259 601 370 650 quod
399 601 462 639 vir
494 600 628 640 bonus
662 601 880 650 aliquando
909 602 994 641 vult
1030 601 1107 641 sibi
1143 601 1359 641 accidere?

58 658 164 697 filios
185 657 367 697 amittunt
387 656 464 696 viri
490 657 608 697 boni:
638 656 798 706 quidni,
830 667 921 697 cum
943 658 1162 708 aliquando
1189 662 1229 698 et
1249 657 1357 698 occi-

57 714 179 753 dant?
206 714 247 752 in
276 713 439 752 exilium
457 713 685 753 mittuntur:
717 712 875 762 quidni,
908 724 999 753 cum
1027 714 1247 763 aliquando
1275 712 1358 763 ipsi

59 769 226 818 patriam
261 780 342 810 non
377 769 585 818 repetituri
610 770 871 818 relinquant?
907 769 1164 809 occiduntur:
1202 769 1356 820 quidni,

58 836 148 864 cum
176 825 392 875 aliquando
421 825 501 874 ipsi
524 824 602 864 sibi
628 836 771 865 manus
796 825 1006 865 adferant?
1038 826 1205 874 „Quare
1234 834 1395 876 quae-3

58 881 151 919 dam
172 882 277 920 dura
297 881 563 931 patiunturw
587 885 630 920 ut
649 880 752 921 alios
774 881 857 930 pati
879 882 1063 921 doceant.
1101 882 1182 921 nati
1204 887 1298 921 sunt
1316 882 1356 921 in

6 952 7 960 ¹
57 938 276 986 exemplar.
314 941 412 986 puta
439 936 576 986 itaque
604 937 725 975 deum
753 937 908 976 dicere:
940 937 1036 986 quid
1065 937 1221 977 habetis
1244 938 1357 987 quod

57 993 108 1031 de
136 1003 199 1031 me
225 993 338 1042 queri
364 991 534 1042 possitis
560 1003 638 1031 vos
667 992 814 1042 quibus
842 996 953 1032 recta
977 994 1241 1042 placuerunt?
1266 994 1355 1034 aliis

55 1048 163 1088 bona
182 1049 285 1088 falsa
304 1047 551 1087 circumdedi
571 1053 611 1087 et
631 1049 787 1088 animos
807 1047 949 1088 inanes
971 1049 1079 1089 velut
1100 1050 1222 1098 longo
1243 1050 1355 1089 falla-

57 1105 176 1153 cique
205 1103 363 1144 somnio
385 1104 484 1143 lusi=
517 1114 616 1144 auro
635 1104 727 1143 illos
757 1108 797 1144 et
824 1109 989 1153 argento
1020 1110 1059 1144 et
1087 1106 1212 1145 ebore
1236 1107 1355 1145 ador-

57 1160 170 1209 navi,
199 1160 305 1201 intus
327 1160 426 1201 boni
451 1159 550 1199 nihil
570 1165 645 1200 est.
683 1160 754 1199 Isti
776 1172 881 1209 quos
903 1171 977 1210 pro
1007 1161 1192 1201 felicibus
1218 1161 1394 1211 adspi-4

58 1215 135 1263 cis,
166 1216 202 1255 si
221 1227 303 1257 non
327 1227 408 1267 qua
429 1221 663 1264 occurrunt,
686 1217 761 1255 sed
781 1227 862 1265 qua
880 1217 1007 1256 latent
1026 1218 1199 1267 videris,
1219 1217 1357 1257 miseri

59 1276 170 1320 sunt,
193 1271 370 1321 sordidi,
389 1277 550 1322 turpes,
571 1272 623 1311 ad
643 1272 941 1312 similitudinem
968 1274 1167 1322 parietum
1189 1285 1355 1314 suorum

61 1328 312 1368 extrinsecus
332 1329 439 1368 culti.
477 1339 558 1367 non
587 1332 651 1367 est
674 1328 752 1367 ista
772 1327 904 1369 solida
923 1333 963 1368 et
982 1329 1141 1368 sincera
1164 1330 1354 1370 felicitas:

62 1388 196 1423 crusta
223 1389 287 1424 est
313 1387 352 1423 et
380 1384 543 1434 quidem
563 1384 709 1423 tenuis.
747 1384 884 1434 itaque
911 1384 1008 1424 dum
1036 1385 1113 1426 illis
1135 1387 1228 1425 licet
1247 1391 1356 1425 stare

62 1444 100 1478 et
121 1439 173 1478 ad
201 1441 404 1480 arbitrium
434 1451 551 1479 suum
582 1440 764 1490 ostendi,
793 1441 920 1480 nitent
947 1446 986 1480 et
1015 1441 1224 1490 inponunt.
1264 1452 1356 1481 cum

62 1494 215 1543 aliquid
239 1494 377 1535 incidit
404 1496 514 1546 quod
544 1496 742 1535 disturbet
770 1507 818 1535 ae
849 1497 1027 1546 detegat,
1056 1502 1151 1536 tunc
1186 1498 1356 1547 adparet

62 1554 251 1598 quantum
267 1551 370 1589 altae
384 1562 432 1590 ac
443 1562 564 1591 verae
580 1553 783 1592 foeditatis
800 1552 956 1593 alienus
972 1554 1166 1602 splendor
1182 1554 1352 1593 abscon-

61 1606 173 1644 derit.
203 1605 332 1645 Vobis
349 1605 441 1645 dedi
459 1607 566 1647 bona
581 1613 702 1656 certa,
722 1619 930 1657 mansura,
952 1614 1102 1658 quanto
1122 1610 1250 1658 magis
1265 1621 1353 1649 ver·
1370 1616 1393 1650 5

61 1661 209 1701 saverit
243 1660 390 1710 aliquis
425 1666 464 1701 et
489 1663 668 1713 undique
703 1664 947 1714 inspexerit,
983 1666 1150 1706 meliora
1183 1666 1354 1706 maiora-

62 1728 152 1766 que.
196 1717 361 1766 permisi
394 1717 512 1757 vobis
554 1720 767 1759 metuenda
799 1726 1077 1770 contemnere,
1112 1721 1355 1771 cupiditates

60 1773 251 1812 fastidire.
291 1783 373 1812 non
397 1773 556 1822 fulgetis
577 1776 848 1825 extrinsecus,
868 1777 977 1816 bona
999 1782 1134 1817 vestra
1155 1779 1354 1818 introrsus

60 1829 234 1868 obversa
249 1833 354 1868 sunt.
383 1829 442 1868 sic
459 1830 630 1870 mundus
647 1832 848 1872 exteriora
865 1835 1106 1883 contempsit
1121 1834 1354 1883 spectaculo

61 1885 122 1923 sni
141 1884 282 1924 laetus.
313 1885 420 1925 intus
446 1896 563 1925 omne
580 1888 890 1935 posuitbonum.
920 1900 1001 1928 non
1027 1901 1146 1938 egere
1166 1888 1355 1930 felicitate

60 1939 228 1979 felicitas
249 1945 386 1980 vestra
406 1946 479 1980 est.
518 1943 605 1990 „At
623 1943 746 1982 multa
765 1944 944 1984 incidunt
963 1945 1110 1994 tristia,
1139 1945 1352 1995 horrenda,
1368 1953 1396 1990 6

61 1996 162 2035 dura
189 1998 399 2037 toleratu.“
438 1997 537 2046 Quia
564 2009 643 2037 non
675 2004 855 2048 poteram
882 2012 958 2040 vos
988 2002 1075 2039 istis
1107 2002 1350 2049 subducere,

62 2051 215 2091 animos
233 2058 390 2092 vestros
405 2054 602 2093 adversus
621 2056 754 2094 omnia
771 2058 935 2096 armavi.
964 2057 1063 2095 ferte
1084 2057 1247 2097 fortiter.
1273 2057 1354 2098 hoc

61 2112 124 2147 est
144 2119 224 2157 quo
246 2108 365 2147 deum
387 2110 653 2149 antecedatis:
682 2111 748 2150 ille
776 2117 890 2151 extra
908 2112 1138 2161 patientiam
1155 2114 1353 2153 malorum

62 2167 141 2211 est,
171 2174 245 2203 vos
266 2174 391 2214 supra
410 2166 652 2214 patientiam.
692 2166 938 2206 Contemnite
960 2173 1254 2222 paupertatem:
1282 2180 1352 2208 ne-

60 2223 220 2258 motam
237 2230 392 2269 pauper
409 2221 506 2260 vivit
526 2233 643 2271 quam
660 2227 776 2261 natus
793 2228 865 2262 est.
897 2223 1135 2264 contemnite
1151 2226 1352 2265 dolorem:

60 2279 130 2313 aut
149 2276 326 2315 solvetur
343 2281 410 2315 aut
425 2279 566 2317 solvet.
596 2277 836 2318 contemnite
856 2285 1042 2319 mortemz
1065 2292 1169 2331 quae
1187 2293 1264 2322 vos
1283 2286 1357 2322 aut

61 2329 147 2371 finit
164 2335 235 2374 aut
251 2332 449 2374 transfert.
487 2335 728 2375 contemnite
748 2335 965 2376 fortunam:
986 2337 1137 2378 nullum
1158 2338 1212 2378 illi
1230 2338 1355 2379 telum
