1624 2626
841 10 858 37 5

49 119 53 122 ’
99 150 1250 193 LANN.SENECAEUDUSDEMORTRCLAUDIL1—4.
1275 149 1364 191 265

75 254 215 294 tertius
241 254 334 293 idus
355 253 553 293 Octobris.
589 253 731 292 horam
749 263 831 292 non
850 263 1020 302 possum
1041 258 1191 292 certam
1208 252 1280 292 tibi
1299 252 1355 292 di·
1376 263 1399 298 3

76 321 188 350 cere:
219 309 375 349 facilius
392 309 495 348 inter
508 308 777 359 philosophos
789 319 909 358 quam
923 309 1027 348 inter
1041 308 1253 358 horologia
1263 319 1356 349 con—

76 365 225 405 veniet:
253 371 386 404 tamen
404 365 506 404 inter
524 370 680 405 sextam
702 369 743 404 et
761 364 973 414 septimam
992 370 1090 404 erat.

154 422 305 471 „Nimis
326 421 478 461 rustice
500 421 743 470 adquiescis.
775 431 880 462 nunc
899 421 1028 469 [adeo]
1050 430 1191 460 omnes
1213 425 1358 469 poetae
1377 431 1400 465 4

74 488 155 517 non
184 477 358 517 contenti
385 482 498 516 ortus
527 482 567 516 et
594 488 768 517 occasus
795 476 1046 525 describere,
1075 480 1120 516 ut
1139 476 1256 516 etiam
1276 487 1356 515 me-

74 534 183 574 dium
199 533 304 573 diem
319 533 558 582 inquietent:
587 538 630 573 tu
645 533 706 572 sic
714 533 905 573 transibis
914 532 1054 573 horam
1066 537 1146 571 tam
1157 532 1356 572 bonam?“

208 590 298 630 Iam
315 590 485 628 medium
503 601 627 629 curru
642 590 819 629 Phoebus
837 590 1024 629 diviserat
1038 590 1169 628 orbem

209 646 263 684 Et
272 647 440 695 propior
457 647 562 684 nocti
576 645 709 693 sessus
726 646 922 694 quatiebat
937 646 1112 684 habenas

213 701 370 750 obliquo
386 703 535 749 flexam
554 702 751 741 deducens
769 703 922 742 tramite
939 703 1064 741 lucem
1074 715 1087 740 :

75 756 265 797 Claudius
281 757 451 795 animam
468 767 590 806 agere
603 757 738 806 coepit
751 767 827 797 nec
840 757 1022 796 invenire
1031 757 1180 796 exitum
1190 762 1360 806 poterat.

155 813 221 851 111.
248 813 347 851 Tum
367 812 610 860 Mercurius,
637 813 705 862 qui
726 823 888 863 semper
903 813 1066 862 ingenio
1083 813 1171 852 eius
1187 812 1359 851 delecta-
1379 820 1396 852 1

74 874 140 908 tus
169 873 298 916 esset,
328 879 450 907 unam
478 879 502 908 e
527 869 656 908 tribus
685 868 823 908 Parcis
851 869 1010 909 seducit
1035 873 1076 908 et
1103 869 1176 908 ait:
1217 867 1360 916 ,‚Quid,

75 925 224 964 semina
238 923 536 972 crudelissima,
561 925 763 964 hominem
779 925 970 964 miserum
987 923 1169 974 torqueri
1187 924 1363 974 pateris?

76 990 152 1021 nee
166 990 358 1029 umquam
371 985 450 1019 tam
467 979 534 1018 diu
551 981 752 1020 cruciatus
762 983 899 1020 exiet?
922 982 1067 1020 Annus
1079 980 1362 1029 sexagesimus

77 1042 117 1076 et
137 1042 302 1085 quartus
324 1040 406 1084 est,
433 1046 486 1074 ex
505 1047 586 1085 quo
606 1047 698 1075 cum
721 1037 854 1076 anima
871 1037 1056 1076 luctatur.
1099 1036 1198 1086 quid
1215 1035 1307 1075 huic
1324 1041 1363 1074 et

4 1130 5 1138 ,
74 1091 321 1141 reipublicae
342 1090 528 1130 invides?
573 1091 712 1131 Patere
731 1092 1035 1132 mathematicos
1055 1092 1274 1142 aliquando
1293 1101 1360 1130 ve—
1382 1094 1405 1128 2

74 1158 163 1187 rum
183 1147 337 1196 dicere,
368 1147 437 1196 qui
458 1147 568 1186 illum
588 1158 640 1187 ex
661 1158 742 1197 quo
762 1148 956 1198 princeps
975 1149 1106 1188 faetus
1126 1153 1210 1196 est,
1235 1147 1363 1187 omni-

75 1203 150 1242 bus
169 1203 307 1251 annis,
334 1203 520 1243 omnibus
539 1203 747 1243 mensibus
767 1204 951 1244 efferunt.
981 1209 1022 1243 et
1041 1209 1175 1243 tamen
1194 1214 1276 1243 non
1301 1208 1364 1242 est

0 1267 3 1309 ξ
74 1259 215 1298 mirum
231 1289 240 1307 ‚
273 1259 308 1298 si
335 1263 469 1298 errant
496 1263 537 1298 et
561 1259 701 1299 horam
722 1260 811 1299 eius
830 1271 948 1299 nemo
969 1261 1093 1299 novit.
1122 1259 1362 1299 nemoenim

0 1315 2 1333 ³
74 1326 262 1365 umquam
292 1315 401 1354 illum
426 1319 563 1354 natum
585 1314 750 1364 putavit.
796 1315 878 1355 Fac
898 1316 1011 1366 quod
1030 1317 1259 1355 faciendum
1279 1320 1361 1355 est:

214 1371 313 1410 dede
330 1372 430 1410 neci.
464 1368 602 1411 mlier
619 1383 748 1411 vacua
765 1374 849 1411 sine
866 1377 1006 1421 reynet
1021 1374 1062 1412 in
1081 1375 1216 1412 aula.“

77 1426 160 1465 Sed
177 1426 337 1466 Clotho:
367 1426 479 1475 „Ego
499 1426 772 1476 mehercules,
792 1427 944 1476 inquit,
963 1428 1152 1478 pusillum
1167 1426 1363 1476 temporis
1383 1431 1406 1466 3

79 1482 240 1521 adicere
265 1481 322 1520 illi
339 1483 545 1530 volebam,
577 1483 672 1522 dum
690 1483 768 1522 hos
791 1485 1009 1531 pauculos,
1040 1484 1110 1532 qui
1129 1488 1362 1532 supersunt,

78 1537 238 1576 civitate
252 1537 433 1577 donaret.
462 1537 723 1578 constituerat
732 1539 838 1579 enim
847 1549 989 1578 omnes
1002 1540 1193 1588 Graecos,
1212 1539 1362 1583 Gallos,

76 1592 302 1642 Hispanos,
326 1593 561 1643 Britannos,
592 1595 853 1644 [Sam-omma,
877 1603 916 1633 et
934 1599 966 1633 si
985 1599 1046 1644 qui
1063 1599 1160 1633 ultra
1181 1597 1364 1643 glacialem

76 1652 219 1686 boream
233 1651 586 1696 incoluntffiarbarifl
607 1655 768 1699 togatos
782 1651 934 1690 videre.
971 1650 1052 1690 Sed
1071 1652 1263 1700 quoniam
1279 1651 1363 1699 pla-

78 1710 140 1744 cet
169 1705 328 1753 aliquos
358 1705 593 1753 peregrinos
621 1706 660 1744 in
688 1716 827 1745 semen
855 1707 1028 1756 relinqui
1052 1713 1092 1747 et
1112 1712 1156 1747 tu
1173 1707 1228 1746 ita
1246 1706 1363 1745 iubes

76 1760 184 1807 fieri,
215 1759 325 1798 fiat.“
369 1760 512 1809 Aperit
540 1765 620 1799 tum
648 1762 857 1809 capsulam
885 1767 923 1802 et
949 1762 1021 1802 tris
1049 1763 1166 1802 susos
1190 1763 1362 1812 profert:
1382 1764 1406 1796 4

76 1827 182 1855 unus
209 1820 295 1854 erat
313 1816 527 1864 Augurini,
554 1817 655 1855 alter
673 1817 832 1866 Babae,
858 1818 999 1857 tertius
1021 1819 1188 1858 Claudii.
1237 1818 1363 1865 ‚,Hos‚

77 1872 221 1921 inquit,
245 1870 314 1910 tris
333 1882 414 1911 uno
430 1882 536 1911 anno
554 1872 711 1920 exiguis
728 1873 946 1912 intervallis
962 1878 1188 1923 temporum
1205 1873 1363 1913 divisos

77 1928 176 1966 mori
196 1926 343 1966 iubebo
364 1937 439 1966 nec
459 1926 570 1966 illum
589 1927 861 1968 incomitatum
883 1929 1087 1969 dimittam.
1130 1930 1220 1969 Non
1242 1939 1362 1978 opor-

76 1987 132 2022 tet
153 1983 256 2022 enim
277 1993 390 2032 eum,
420 1983 488 2032 qui
508 1983 631 2023 modo
652 1994 698 2022 se
718 1988 778 2023 tot
798 1985 906 2023 milia
924 1985 1129 2024 hominum
1150 1986 1363 2035 sequentia

75 2039 258 2086 videbat,
286 2043 347 2078 tot
371 2039 676 2088 praecedentia,
706 2043 762 2079 tot
782 2041 1043 2088 circumfusa,
1073 2041 1206 2080 subito
1231 2041 1362 2081 solum

76 2094 252 2134 destitui.
281 2099 494 2134 contentus
518 2095 592 2134 erit
610 2094 674 2133 his
693 2095 847 2134 interim
870 2096 1211 2139 convictoribus.“

76 2149 144 2188 IV.
187 2150 300 2190 Haeo
316 2152 374 2189 ait
388 2155 427 2190 et
443 2152 552 2200 turpi
571 2153 797 2191 convolvens
813 2154 983 2190 stamina
997 2152 1095 2199 suso
1383 2161 1403 2194 1

186 2207 355 2255 Abrupit
371 2207 535 2246 stolidae
554 2209 709 2255 reqalia
727 2212 902 2256 tempora
923 2210 1034 2247 vitae.

187 2262 241 2301 At
255 2262 440 2302 Lachesis
459 2264 643 2302 redimita
663 2273 813 2310 comas,
835 2268 978 2302 ornata
997 2266 1178 2313 capillos,

187 2317 319 2358 Pieria
335 2320 482 2358 crinem
501 2321 616 2359 lauro
631 2319 880 2368 frontemque
897 2330 1092 2360 coronans
