1624 2626
339 186 390 226 52
711 184 754 225 L.
780 183 968 222 ANNAEI
999 182 1223 222 SENECAE

339 286 543 326 Iracundia
585 284 677 323 nihil
719 284 889 332 amplum
932 283 1200 330 decorumque
1240 283 1408 320 molitur.
1467 287 1604 320 contra

338 342 430 380 mihi
463 341 618 378 videtur
654 338 853 377 veternosi
882 342 920 375 et
954 337 1120 375 infelicis
1151 336 1289 383 animi,
1325 336 1602 375 imbecillitatis

339 396 413 434 sibi
442 394 620 441 conscia,
651 403 772 441 saepe
801 393 1068 438 indolescere,
1099 396 1139 428 ut
1166 392 1392 428 exulcerata
1419 395 1458 428 et
1484 401 1605 438 aegra

339 459 526 497 corpora,
572 458 674 496 quae
710 448 760 485 ad
794 451 920 485 tactus
963 445 1188 483 levissimos
1222 449 1393 492 gemunt.
1453 445 1511 483 Ita
1548 446 1607 482 ira

338 504 524 541 muliebre
550 503 718 540 maxime
742 512 788 539 ac
815 500 965 549 puerile
991 500 1125 537 vitium
1153 504 1224 537 est.
1278 504 1316 537 at
1341 498 1474 536 incidit
1501 503 1540 537 et
1566 500 1605 536 in

339 558 460 596 viros.
493 567 581 594 nam
602 556 696 594 viris
725 565 884 604 quoque
914 554 1078 602 puerilia
1097 563 1144 591 ac
1164 553 1367 591 muliebria
1387 558 1478 591 sunt
1497 553 1604 600 inge-

303 620 325 654 4
342 612 418 650 nia.
458 611 554 659 Quid
586 615 707 658 ergo?
734 621 812 648 non
840 609 996 657 aliquae
1022 618 1144 646 voces
1173 607 1222 645 ab
1251 608 1358 645 iratis
1383 607 1606 646 emittuntur

342 676 443 716 quae
463 675 605 712 magno
627 665 796 702 emissae
814 664 1020 701 videantur
1039 662 1168 700 animo
1185 673 1318 699 veram
1334 662 1605 723 ignorantibus

340 720 673 768 magnitudinem?
696 719 822 766 qualis
843 718 909 755 illa
924 718 1010 755 dira
1024 721 1062 755 et
1077 717 1357 755 abominanda·
1380 716 1408 754 Ο
1418 711 1444 754 ¹d
1457 727 1559 754 erin
1572 722 1604 763 t

342 776 448 813 dum
477 777 708 812 metuant.
750 772 910 810 Sullano
938 772 1044 810 scias
1064 773 1198 809 seculo
1219 771 1418 818 scriptam.
1461 771 1604 809 Nescio

341 834 470 867 utrum
503 828 577 866 sibi
612 827 725 874 peius
752 825 963 874 optaverit,
996 830 1039 864 ut
1064 825 1156 864 odio
1183 830 1291 863 esset
1317 836 1366 862 an
1394 830 1436 863 ut
1465 825 1605 863 timori.

344 882 564 921 Oderint.
605 880 780 919 Occurrit
799 881 852 918 illi
871 881 1060 927 futurum,
1080 884 1122 918 ut
1141 885 1392 926 execrentur,
1421 879 1604 917 insidien-

343 944 422 983 tur,
452 937 687 984 opprimant.
729 935 828 982 Quid
855 934 1023 972 adiecit?
1050 935 1097 973 Di
1122 935 1172 971 illi
1194 933 1477 980 malefaciant,
1505 934 1605 972 adeo

343 992 489 1039 reperit
516 991 675 1038 dignum
710 990 802 1027 odio
829 989 1055 1026 remedium.
1103 988 1327 1026 Oderint:
1365 988 1486 1036 quid?
1514 988 1606 1026 dum

346 1049 534 1094 pareant?
561 1055 653 1083 non.
691 1044 783 1082 dum
810 1043 1004 1090 probent?
1023 1053 1113 1081 non.
1154 1042 1248 1090 quid
1268 1047 1387 1089 ergo?
1414 1043 1519 1080 dum
1545 1043 1606 1079 ti-

307 1111 328 1143 5
344 1111 381 1138 m
394 1105 523 1138 eant:
544 1100 602 1137 sic
621 1109 693 1136 nec
714 1098 835 1135 amari
851 1097 1010 1145 quidem
1025 1098 1176 1134 vellem.
1204 1096 1347 1144 Magno
1368 1096 1443 1134 hoc
1462 1097 1606 1134 dictum

346 1155 483 1202 spiritu
503 1158 648 1202 putas?
675 1152 833 1190 falleris.
871 1161 944 1188 nec
965 1151 1067 1189 enim
1087 1151 1310 1198 magnitudo
1330 1151 1405 1189 ista
1425 1156 1504 1198 est,
1534 1152 1606 1188 sed

344 1209 563 1247 inmanitas.
592 1208 678 1246 Non
699 1211 760 1245 est
779 1206 887 1254 quod
907 1205 1046 1243 credas
1067 1204 1316 1243 irascentium
1335 1205 1486 1252 verbis,
1509 1216 1604 1253 quo-

344 1274 430 1302 rum
458 1263 643 1310 strepitus
671 1261 819 1309 magni,
846 1260 1020 1297 minaces
1041 1264 1149 1304 sunt,
1178 1259 1277 1296 intra
1301 1270 1412 1298 mens
1432 1259 1606 1307 pavidis-

309 1327 330 1361 6
347 1318 455 1356 sima.
484 1317 563 1354 Nec
584 1321 644 1354 est
663 1316 771 1364 quod
790 1315 990 1353 existimes
1011 1323 1146 1351 verum
1168 1323 1269 1358 esse,
1294 1314 1400 1361 quod
1422 1315 1528 1361 apud
1549 1315 1606 1352 di-

346 1372 605 1410 sertissimum
623 1371 748 1408 virum
768 1368 920 1406 Livium
940 1368 1080 1406 dicitur
1097 1369 1157 1405 vir
1175 1369 1318 1414 inqeniz·
1337 1370 1468 1416 maqm‘
1486 1371 1609 1415 maqis

345 1437 459 1475 quam
474 1428 571 1465 boni.
589 1426 672 1463 Non
690 1428 820 1472 potest
834 1423 927 1460 illud
943 1421 1138 1470 separari=
1158 1427 1224 1460 aut
1240 1427 1278 1459 et
1291 1422 1435 1460 bonum
1453 1423 1523 1460 erit
1541 1427 1609 1460 aut

346 1491 420 1519 nec
448 1491 647 1528 magnum,
677 1475 768 1527 quia
794 1476 1098 1524 magnitudinem
1120 1476 1236 1514 animi
1256 1476 1530 1515 inconcussam
1549 1476 1606 1514 in-

346 1536 488 1583 tellego
516 1539 554 1572 et
574 1535 767 1572 introrsus
795 1531 961 1570 solidam
982 1536 1020 1569 et
1045 1530 1094 1568 ab
1113 1530 1191 1568 imo
1213 1540 1346 1578 parem
1366 1530 1606 1579 firmamque,

312 1601 332 1636 7
350 1590 475 1637 qualis
502 1589 636 1627 inesse
662 1586 774 1625 malis
802 1586 969 1634 ingeniis
997 1595 1076 1623 non
1105 1590 1247 1632 potest.
1287 1585 1486 1623 Terribilia
1505 1586 1607 1623 enim

349 1654 440 1682 esse
457 1648 495 1682 et
509 1644 746 1681 tumultuosa
764 1645 802 1679 et
817 1640 983 1678 exitiosa
1000 1644 1186 1688 possunt:
1207 1639 1507 1687 magnitudinem
1525 1640 1607 1688 qui-

350 1698 460 1744 dem,
487 1697 599 1735 cuius
626 1697 911 1735 firmamentum
937 1695 1138 1742 roburque
1157 1694 1313 1732 bonitas
1334 1698 1412 1740 est,
1441 1703 1519 1732 non
1538 1694 1606 1732 ha-

348 1752 508 1790 bebunt.
546 1756 717 1790 ceterum
746 1759 947 1797 sermone,
976 1754 1119 1787 conatu
1147 1753 1185 1786 et
1212 1748 1316 1786 omni
1343 1753 1453 1786 extra
1472 1753 1608 1796 paratu

315 1805 494 1854 gfacient
511 1804 789 1854 magnitudinis
808 1804 939 1843 fidem.
981 1805 1213 1851 eloquentur
1232 1803 1398 1850 aliquid,
1431 1804 1537 1850 quod
1566 1807 1607 1841 tu

351 1860 484 1908 magni
504 1865 639 1908 putes,
660 1859 761 1898 sicut
782 1859 820 1897 C.
843 1859 1005 1906 Caesar,
1034 1857 1107 1906 qui·
1120 1858 1240 1896 iratus
1261 1858 1392 1903 coelo,
1415 1857 1520 1905 quod
1540 1858 1608 1895 ob—

352 1920 590 1963 streperetur
608 1913 876 1962 pantomimis,
899 1923 999 1961 quos
1020 1912 1238 1950 imitabatur
1257 1911 1471 1949 studiosius
1493 1922 1608 1959 quam

352 1970 573 2016 spectabat,
603 1968 788 2017 quodque
809 1966 1044 2006 comessatio
1064 1977 1137 2005 sua
1157 1965 1381 2003 fulminibus
1402 1970 1610 2003 terreretur

354 2034 516 2071 prorsus
539 2034 674 2072 parum
695 2023 830 2067 certis,
859 2022 908 2059 ad
938 2032 1106 2069 pugnam
1133 2020 1291 2058 vocavit
1313 2019 1446 2057 Iovem
1470 2024 1507 2057 et
1526 2021 1609 2068 qui—

354 2078 443 2116 dem
464 2076 549 2116 sine
568 2077 775 2123 missione,
794 2076 1042 2115 Homericum
1068 2075 1171 2113 illum
1194 2075 1418 2112 exclamans
1440 2084 1608 2120 versum,

733 2127 790 2168 ”H
802 2125 837 2180 μ’
858 2124 998 2181 ἀνάειρ’
1017 2125 1044 2180 ἢ
1062 2123 1134 2179 ἐγὼ
1154 2126 1206 2166 σέ.

319 2190 341 2225 9
357 2185 507 2233 Quanta
531 2185 725 2224 dementia
742 2186 831 2223 fuit!
856 2185 1092 2232 putavitvaut
1117 2183 1191 2220 sibi
1218 2183 1352 2221 noceri
1378 2193 1428 2221 ne
1447 2182 1496 2220 ab
1516 2183 1609 2220 Iove

357 2240 655 2288 quidem-posse
674 2244 742 2278 aut
760 2250 804 2278 se
823 2249 967 2278 nocere
986 2238 1100 2276 etiam
1120 2237 1204 2275 Iovi
1231 2247 1366 2284 posse.
1407 2247 1486 2275 non
1516 2241 1608 2284 puto

355 2304 493 2343 parum
519 2295 701 2333 momenti
726 2294 828 2333 hanc
855 2294 939 2333 eius
964 2301 1101 2331 vocem
1121 2291 1171 2330 ad
1193 2291 1410 2330 incitandas
1430 2292 1607 2330 coniura-
