1624 2626
156 181 226 220 AD
256 177 496 219 MARCIAM
525 177 591 216 DE
622 174 1018 216 CONSOLATIONE.
1048 180 1182 216 16.17.
1235 172 1315 215 127

31 288 151 331 teque
171 279 429 328 inquietares,
460 274 626 317 mortem
655 282 694 316 et
711 277 871 316 timeres
900 281 941 315 et
961 275 1127 325 optares
1147 280 1185 315 et
1205 276 1317 325 quod

33 343 95 377 est
121 335 362 385 pessimum,
390 344 605 383 numquam
627 334 773 381 scires,
803 332 920 371 ouius
942 336 1063 371 'esses
1091 337 1235 371 status.
1276 331 1318 371 Si
1336 336 1358 370 2

34 393 123 442 quis
135 391 363 443 Syracusas
377 388 525 439 petenti
536 390 706 428 diceret:
724 388 883 437 „omnia
894 388 1161 437 incommoda,
1176 398 1317 427 omnes

31 449 257 497 voluptates
293 447 450 486 futurae
479 442 816 495 peregrinationis.
846 449 939 483 tuae
978 448 1071 482 ante
1096 446 1317 493 cognosce,

31 503 178 543 deinde
196 504 250 542 ita
269 502 427 550 naviga.
456 501 558 540 haec
578 505 682 548 sunt,
706 510 809 550 quae
824 500 957 539 mirari
978 500 1139 549 possis:
1157 499 1318 538 videbis

31 559 201 609 primum
217 559 347 607 ipsam
363 558 534 596 insulam
554 557 732 596 abitalia
751 561 924 605 angusto
942 556 1215 595 interscissam
1242 556 1319 593 fre·

30 622 86 662 to,
101 626 220 663 quam
240 614 458 654 continenti
476 613 680 663 quondam
697 611 932 652 cohaesisse
943 616 1113 652 constat.
1143 611 1317 651 subitum

31 672 98 710 illo
118 680 228 710 mare
246 670 395 719 inrupit
415 674 454 710 et

185 731 192 738 ⁸
322 726 554 777 Hesperium
573 724 704 764 Siculo
723 725 825 763 latus
839 723 1014 763 abscidit.

33 781 179 821 deinde
198 781 369 830 videbis,
388 781 524 820 licebit
546 781 651 820 enim
671 779 742 819 tibi
760 779 1038 819 avidissimum
1057 777 1181 818 maris
1200 778 1319 817 verti-

34 848 120 876 cem
153 837 416 886 restringere,
464 842 626 876 stratam
646 836 768 874 rittam
805 836 1030 877 fabulosam
1064 833 1320 884 Charybdiin‚

35 893 226 942 quamdiu
241 893 292 931 ab
308 899 446 932 austro
458 898 587 939 vacat,
607 896 647 930 at
667 891 700 930 si
718 891 814 940 quid
834 891 928 930 inde
942 890 1217 930 vehementius
1239 889 1320 938 spi-

33 949 145 995 ravit,
167 959 312 997 magno
332 948 442 988 hiatu
461 947 747 998 profundoque
766 947 926 995 navigia
946 947 1187 986 sorbentem.
1211 946 1319 984 vide·
1342 949 1364 984 3

34 1005 94 1044 bis
122 1004 480 1044 celebratissimum
507 1003 748 1043 carminibus
775 1003 923 1041 fontem
943 1001 1206 1049 Arethusam,
1236 1001 1321 1040 niti-

34 1060 188 1099 dissimi
208 1070 255 1098 ac
283 1060 479 1109 perlucidi
499 1059 549 1098 ad
570 1060 691 1098 imum
720 1058 864 1107 stagni,
893 1057 1163 1107 gelidissimas
1193 1067 1322 1106 aquas

36 1116 355 1165 profundentem,
378 1116 464 1155 sive
483 1115 572 1154 illas
592 1114 646 1153 ibi
668 1114 838 1163 primum
858 1113 1063 1152 nascentis
1083 1113 1246 1160 invenit,
1270 1112 1323 1151 si·

32 1183 86 1211 ve
114 1172 246 1220 ipsum
266 1174 307 1211 in
324 1171 441 1210 terris
462 1170 613 1210 fiumen
643 1169 840 1219 integrum
862 1170 1000 1209 subter
1018 1174 1076 1208 tot
1095 1169 1222 1208 maria
1241 1174 1281 1208 et
1299 1180 1323 1207 a

35 1227 274 1267 confusione
294 1227 444 1276 peioris
460 1227 595 1266 undae
614 1231 817 1266 servatum
831 1226 1020 1264 reddidit.
1052 1225 1207 1264 videbis
1230 1236 1322 1274 por·
1341 1227 1365 1262 4

33 1289 116 1322 tum
137 1282 428 1332 quietissimum
445 1282 631 1330 omnium,
662 1293 766 1331 quos
787 1288 855 1321 aut
874 1286 1018 1320 natura
1039 1282 1176 1331 posuit
1203 1281 1242 1319 in
1262 1285 1322 1320 tu-

33 1340 152 1379 telam
172 1339 363 1378 classium
382 1343 449 1378 aut
468 1339 621 1378 adiuvit
638 1349 793 1386 manus,
815 1337 874 1377 sic
896 1342 1036 1386 tutum,
1064 1342 1107 1376 ut
1125 1347 1176 1375 ne
1196 1337 1322 1375 niaxi-

34 1406 186 1435 marum
206 1395 367 1445 quidem
385 1399 667 1444 tempestatum
694 1395 809 1433 locus
831 1394 955 1433 furori
976 1393 1037 1432 sit.
1074 1393 1231 1432 videbis
1254 1392 1323 1431 ubi

36 1450 280 1491 Athenarum
303 1452 480 1500 potentia
508 1452 646 1498 fracta,
672 1451 742 1490 ubi
766 1455 825 1490 tot
846 1449 954 1488 milia
981 1449 1230 1499 captivorum
1257 1448 1324 1487 ille

37 1507 185 1546 excisis
210 1507 249 1546 in
268 1506 459 1547 infinitam
490 1507 739 1546 altitudinem
765 1506 876 1545 saxis
903 1506 1063 1544 nativus
1094 1515 1233 1544 carcer
1262 1503 1322 1542 in-

38 1563 222 1609 cluserat,
251 1562 381 1611 ipsam
407 1563 605 1612 ingentem
634 1562 834 1601 civitatem
860 1567 898 1600 et
924 1562 1057 1601 laxius
1083 1560 1324 1600 territorium

39 1630 159 1667 quam
177 1619 387 1657 multarum
406 1619 562 1658 urbium
581 1619 685 1658 fines
705 1623 808 1667 sunt,
827 1617 1078 1666 lepidissima
1096 1617 1265 1655 hiberna
1285 1621 1324 1655 et

38 1674 190 1713 nullum
215 1673 320 1712 diem
347 1673 434 1712 sine
461 1674 684 1713 interventu
710 1675 823 1713 solis.
863 1673 945 1712 Sed
972 1684 1063 1712 cum
1090 1673 1222 1711 omnia
1247 1671 1325 1710 ista
1345 1676 1366 1708 ὃ

38 1730 291 1779 cognoveris,
314 1729 448 1778 gravis
476 1735 514 1769 et
532 1729 748 1769 insalubris
776 1733 908 1769 aestas
938 1729 1094 1768 hiberni
1123 1729 1225 1768 coeli
1252 1727 1322 1766 be-

39 1786 184 1825 neficia
209 1785 437 1834 corrumpit.
469 1785 541 1824 erit
566 1785 786 1837 Dionysius
814 1784 894 1824 illic
917 1790 1135 1836 tyrannus,
1164 1785 1324 1823 liberta·

38 1842 102 1889 tis,
131 1841 317 1890 iustitiae,
343 1842 477 1890 legum
498 1841 679 1890 exitium,
704 1840 984 1880 dominationis
1006 1842 1178 1890 cupidus
1206 1839 1325 1878 etiam

39 1902 134 1947 post
167 1898 392 1945 Platonem,
431 1898 535 1937 vitae
573 1897 690 1936 etiam
730 1902 824 1946 post
857 1897 1039 1936 exilium:
1085 1897 1185 1935 alios
1223 1900 1329 1942 uret,-

40 1954 142 1993 alios
160 1952 398 2001 verberabit,
428 1953 527 1992 alios
558 1953 609 1992 ob
629 1954 756 1992 levem
785 1953 981 1993 offensam
1010 1951 1239 1992 detruncari
1265 1949 1324 1990 iu-

38 2009 166 2057 bebit,
196 2014 377 2049 accerset
404 2010 455 2048 ad
481 2008 684 2048 libidinem
719 2019 850 2048 mares
878 2009 1129 2057 feminasque
1158 2011 1198 2046 et
1222 2007 1328 2046 iuter

41 2066 185 2105 foedos
219 2065 356 2115 regiae
384 2065 713 2115 intemperantiae
740 2075 884 2114 greges
923 2075 1066 2113 parum
1106 2062 1181 2102 erit
1207 2062 1324 2104 simul

41 2121 144 2160 binis
166 2122 285 2161 coire.
323 2120 485 2161 Audisti
513 2121 610 2170 quid
630 2125 668 2159 te
688 2120 855 2159 invitare
875 2120 1016 2169 possit,
1047 2118 1142 2168 quid
1169 2118 1322 2157 abster-

41 2186 149 2216 rere:
178 2176 348 2226 proinde
367 2182 437 2217 aut
454 2177 602 2226 naviga
621 2182 688 2215 aut
707 2175 892 2215 resiste.“
927 2175 1024 2214 Post
1040 2174 1144 2214 hanc
1171 2175 1322 2214 denun-
1342 2181 1365 2215 6

43 2231 243 2272 tiationem
263 2234 297 2272 si
317 2234 407 2283 quis
433 2232 603 2272 dixisset
620 2232 767 2271 intrare
799 2242 845 2270 se
866 2232 1091 2281 Syracusas
1114 2230 1228 2278 vel-le,
1257 2240 1321 2268 sa-

44 2286 146 2327 tisne
164 2289 308 2328 iustam
329 2290 532 2339 querelam
561 2289 611 2327 de
638 2290 719 2328 ullo
749 2287 826 2326 nisi
853 2288 904 2325 de
932 2298 976 2326 se
1002 2287 1150 2325 habere
1178 2284 1321 2335 possit,

48 2342 112 2391 qui
129 2355 206 2384 non
222 2345 432 2385 incidisset
444 2345 483 2385 in
499 2344 576 2394 illa,
604 2345 675 2384 sed
695 2344 871 2393 prudens
890 2344 1102 2392 sciensque
1117 2341 1323 2381 venisset?
