1592 2580
263 180 449 219 NATUR.
471 179 686 228 QUAEST.
717 180 813 219 LIB.
833 181 898 219 ΙΙΙ.
930 185 973 221 18
986 204 1032 208 -
1045 187 1103 221 20.
1248 180 1330 222 225

44 282 225 322 seium:
263 280 298 319 si
326 280 488 329 quando
517 279 667 330 erupit,
698 281 827 319 adfert
846 291 985 320 seeum
1004 281 1227 320 inmensam
1246 283 1329 320 ani-

43 339 205 376 malium
224 336 401 384 turbam,
431 336 634 376 horridam
655 336 841 386 [adspici]
863 342 903 376 et
920 342 1079 386 turpem
1098 347 1146 376 ac
1166 338 1328 377 noxiam

43 399 175 441 gustu.
230 392 346 431 Certe
374 402 466 431 cum
493 392 533 430 in
565 392 680 431 Caria
705 393 813 431 circa
838 392 1056 444 Hydissum
1080 393 1221 432 urbem
1243 395 1333 432 talis
1348 399 1370 432 2

43 448 274 489 exsiluisset
295 448 425 497 unda,
455 447 680 497 perierunt,
710 448 954 498 quicumque
973 449 1065 488 illos
1085 449 1252 488 ederant
1272 452 1330 498 pi·

0 535 1 540 ,
43 515 156 551 sees,
195 514 301 554 quos
334 504 472 552 ignoto
507 508 600 543 ante
634 515 722 543 eam
756 504 862 543 diem
895 505 1010 544 coelo
1041 514 1172 544 novus
1201 505 1330 544 amnis

0 586 1 600 2
43 560 230 599 ostendit.
267 569 344 598 nec
363 559 406 598 id
422 560 577 599 mirum.
612 564 724 599 erant
743 560 848 599 enim
870 559 1034 609 pinguia
1055 565 1095 599 et
1113 560 1271 600 differta
1290 566 1332 600 ut

0 627 1 652 i
42 625 93 654 ex
110 616 232 664 longo
254 615 334 655 otio
355 625 548 665 corpora,
579 621 752 655 ceterum
774 615 1034 655 inexercitata
1048 616 1140 655 etin
1154 616 1331 656 tenebris

0 687 1 714 ι
42 670 225 720 saginata
243 676 284 711 et
302 671 404 710 lucis
426 670 628 720 expertia,
655 682 707 710 ex
723 682 802 720 qua
818 671 1031 711 salubritas
1047 671 1216 711 ducitur.
1255 673 1331 711 Na—
1347 673 1370 707 3

0 731 1 767 ὲ
43 727 102 765 sci
127 731 260 766 autem
291 737 416 776 posse
446 727 582 776 pisces
612 726 652 766 in
677 728 743 765 illo
764 732 957 766 terrarum
979 727 1184 776 profundo
1204 729 1256 767 sit
1273 728 1331 767 in—

0 791 1 807 *
42 782 209 830 dicium,
239 783 350 832 quod
370 783 569 831 anguillae
588 783 800 822 latebrosis
820 783 921 822 locis
941 784 1222 832 innascuntur,
1242 795 1331 833 gra—

0 842 1 845 ’
43 837 105 876 vis
134 843 173 877 et
199 839 315 887 ipsae
344 839 460 878 cibus
487 839 538 878 ob
566 839 789 888 ignaviam,
817 839 959 888 utique
983 838 1019 878 si
1048 839 1136 878 illas
1164 839 1332 879 altitudo

44 894 114 933 luti
142 893 301 943 penitus
336 894 561 933 abscondit.
612 894 741 933 Habet
774 905 871 944 ergo
903 905 986 934 non
1018 899 1168 934 tantum
1205 896 1369 935 venas4

42 960 236 998 aquarum
263 955 390 997 terra,
429 960 481 989 ex
510 950 656 999 quibus
686 950 904 990 conrivatis
924 950 1214 990 fluminaeffici
1237 962 1330 1000 pos-

42 1010 147 1053 sunt,
165 1005 238 1044 sed
255 1016 393 1044 amnes
410 1006 691 1054 magnitudinis
708 1011 865 1045 vastae:
889 1018 1060 1055 quorum
1072 1006 1159 1045 aliis
1171 1017 1332 1057 semper

43 1061 83 1099 in
103 1061 260 1100 occulto
281 1072 426 1100 cursus
448 1066 531 1110 est,
561 1061 691 1100 donec
713 1062 847 1112 aliquo
871 1063 960 1101 sinu
982 1067 1113 1102 terrae
1133 1063 1331 1102 devoren-

40 1121 116 1164 tur,
138 1116 204 1155 alii
224 1117 300 1155 sub
321 1116 457 1166 aliquo
477 1117 569 1156 lacu
584 1123 806 1166 emergunt.
854 1117 936 1156 Iam
958 1118 1050 1167 quis
1065 1117 1222 1166 ignorat
1238 1129 1333 1158 esse

43 1172 243 1221 quaedam
259 1177 401 1221 stagna
417 1174 504 1211 sine
519 1173 676 1211 fundo?
703 1183 879 1222 quorsus
895 1173 973 1212 hoc
990 1173 1190 1222 pertinet?
1205 1179 1250 1213 ut
1261 1174 1331 1212 ad-

41 1232 180 1276 pareat
198 1228 301 1266 hanc
321 1239 467 1276 aquam
489 1228 644 1277 magnis
665 1228 849 1268 amnibus
870 1234 1074 1268 aeternam
1093 1239 1188 1268 esse
1207 1234 1330 1269 mate·

38 1281 140 1322 riam
151 1314 160 1330 ,
189 1283 303 1322 cuius
323 1295 402 1323 non
426 1289 639 1332 tanguntur
653 1289 831 1323 extrema
847 1285 952 1324 sicut
965 1284 1170 1324 fluminum
1185 1286 1331 1324 fontes.

121 1338 205 1378 XX.
253 1340 350 1387 „At
384 1350 543 1388 quare
580 1340 728 1388 aquis
767 1351 925 1390 sapor
955 1341 1130 1379 varius
1147 1344 1200 1379 ‘3⁴‘
1234 1346 1366 1391 qua-1

40 1399 132 1434 tuor
158 1405 210 1434 ex
233 1395 387 1435 causis:
425 1406 477 1434 ex
496 1396 585 1435 solo
608 1395 736 1444 prima
756 1400 839 1445 est,
865 1407 939 1446 per
960 1395 1071 1444 quod
1091 1397 1228 1435 fertur.
1266 1407 1327 1435 se-

42 1450 175 1489 eunda
202 1460 255 1489 ex
282 1451 445 1498 eodem,
479 1451 514 1489 si
543 1451 760 1490 mutatione
788 1451 876 1490 eius
903 1451 1096 1490 nascitur.
1137 1452 1254 1491 tertia
1279 1463 1331 1491 ex

43 1504 204 1554 spiritu,
235 1507 303 1554 qui
321 1506 358 1544 in
380 1517 530 1555 aquarn
547 1506 855 1555 transfiguratus
875 1512 950 1546 est.
987 1511 1129 1556 quarta
1148 1517 1200 1546 ex
1219 1508 1328 1554 vitio,

43 1561 155 1610 quod
172 1570 298 1610 saepe
319 1561 551 1610 concipiunt
567 1567 780 1611 corruptae
800 1573 875 1612 per
893 1563 1090 1601 iniuriam.
1132 1562 1219 1602 Hae
1235 1574 1328 1603 cau-
1343 1567 1365 1600 2

43 1627 114 1655 sae
141 1619 333 1665 saporem
360 1617 458 1655 dant
483 1618 600 1666 aquis
626 1619 802 1666 varium,
828 1618 905 1656 hae
929 1619 1167 1657 medicatam
1187 1625 1328 1668 poten-

41 1673 156 1719 tiam,
193 1672 270 1710 hae
295 1682 461 1721 gravem
486 1673 668 1722 spiritum
698 1674 946 1723 odoremque
970 1674 1235 1723 pestiferunt,-
1252 1674 1330 1714 hae

41 1728 242 1766 levitatem
267 1729 606 1777 gravitatemque,
642 1730 747 1777 [hae]
776 1734 844 1768 aut
871 1730 1044 1768 calorem
1073 1735 1141 1769 aut
1166 1730 1330 1769 nimium

41 1782 230 1831 rigorem.
276 1783 464 1831 Interest,
488 1788 617 1822 utrum
638 1784 729 1823 loca
748 1785 941 1833 sulphure
961 1795 1012 1823 an
1031 1785 1134 1824 nitro
1155 1797 1206 1824 an
1227 1786 1327 1825 bitu-

42 1839 148 1877 mine
176 1839 296 1888 plena
322 1839 562 1878 transierint.
599 1839 676 1878 hac
699 1840 856 1880 ratione
881 1844 1094 1890 corruptae
1114 1851 1205 1881 cum
1222 1842 1329 1881 vitae

0 1890 22 1915 ’-
41 1895 222 1944 periculo
242 1894 442 1933 bibuntur.
488 1895 590 1934 Hinc
613 1894 800 1935 Ovidiusz
1344 1902 1367 1937 3

122 1951 288 1989 Flumen
307 1951 449 1989 habent
467 1950 643 1998 Cicones,
672 1952 778 2000 quod
785 1957 922 2001 potum
940 1963 1067 1992 saxea
1085 1952 1220 1992 reddit

124 2008 296 2054 viscera,
319 2007 424 2055 quod
441 2008 552 2046 tactis
570 2007 721 2046 inducit
736 2018 937 2047 marmora
955 2009 1082 2048 rebzm.

42 2060 281 2101 Medieatum
302 2066 365 2100 est
384 2067 424 2101 et
439 2062 526 2100 eius
542 2067 707 2101 naturae
722 2062 844 2103 habet
858 2063 1011 2111 limum,
1030 2068 1074 2104 ut
1087 2064 1326 2114 corporibus

45 2126 92 2155 se
112 2117 330 2166 adglutinet
349 2122 388 2156 et
403 2117 584 2157 obduret.
624 2117 965 2165 Quemadmodum
980 2118 1226 2159 Puteolanus
1240 2122 1327 2170 pul-

43 2172 127 2220 vis,
156 2172 192 2211 si
218 2183 366 2222 aquam
393 2173 553 2222 adtigit,
582 2183 726 2212 saxum
753 2178 834 2222 est,
863 2173 922 2214 sic
948 2185 971 2214 e
999 2175 1198 2214 contrario
1224 2176 1326 2217 haec

45 2237 172 2276 aqua,
204 2227 241 2267 si
267 2229 440 2268 solidum
470 2229 613 2277 tetigit,
644 2228 783 2268 haeret
810 2234 850 2268 et
876 2230 1076 2279 adfigitur.
1129 2231 1228 2270 Inde
1253 2237 1363 2282 est,4

47 2283 157 2331 quod
174 2293 240 2322 res
262 2284 442 2324 abiectae
461 2284 500 2322 in
521 2284 705 2323 eumdem
725 2286 853 2323 lacum
869 2286 1052 2335 lapideae
1067 2286 1241 2327 subinde
1253 2297 1321 2327 ex-

45 2338 271 2386 trahuntur,
304 2340 414 2388 quod
434 2340 471 2379 in
494 2340 602 2380 Italia
624 2340 866 2389 quibusdam
884 2341 923 2380 in
944 2342 1044 2381 locis
1065 2341 1208 2383 evenit.
1234 2343 1322 2383 sive

101 2407 233 2432 saraca
252 2407 342 2433 rim..
363 2398 404 2434 Il.
1062 2404 1105 2438 15
