1624 2626
293 213 374 253 246
520 212 563 258 L.
592 210 780 249 ANNAEI
805 209 1028 248 SENECAE
1057 209 1188 248 DIAL.
1215 209 1297 247 XII.

295 310 517 360 splendent.
553 314 592 347 et
622 308 699 347 hoc
735 307 983 356 cogitandum
1010 312 1091 355 est,
1117 307 1193 346 ista
1211 308 1318 346 veris
1336 307 1452 346 bonis
1473 319 1543 357 per

294 368 394 405 falsa
421 370 459 403 et
487 373 610 412 prave
637 363 785 402 credita
813 363 983 400 obstare.
1029 362 1112 410 Quo
1139 363 1340 410 longiores
1368 363 1544 412 porticus

293 419 550 469 expedierint,
571 429 650 467 quo
670 419 785 456 altius
805 421 932 455 turres
952 418 1189 465 sustulerint,
1207 429 1286 465 quo
1302 418 1415 456 latius
1431 418 1544 456 vicos

295 475 546 521 correxerint,
568 483 647 522 quo
669 472 900 521 depressius
920 472 1093 510 aestivos
1107 481 1253 520 specus
1269 472 1448 520 foderint,
1466 483 1544 519 quo

294 530 431 568 maiori
458 529 560 567 mole
588 527 744 575 fastigia
762 526 1331 574 coenationumsubduxerint,
1359 527 1435 565 hoc
1455 528 1545 574 plus

256 586 382 632 3erit,
417 583 525 632 quod
550 582 626 620 illis
653 583 807 620 coelum
833 581 1063 629 abscondat.
1103 581 1146 619 In
1174 591 1259 620 eam
1288 587 1325 620 te
1345 581 1546 629 regionem

295 650 414 678 casus
442 637 572 684 eiecit,
599 637 638 674 in
666 647 745 684 qua
766 636 1023 674 lautissimum
1042 636 1332 685 receptaculum
1353 645 1447 674 casa
1465 641 1546 674 est:

293 704 369 732 nae
387 698 428 731 tu
446 692 576 741 pusilli
594 690 712 729 animi
730 701 774 729 es
793 696 831 729 et
848 690 1010 729 sordide
1026 701 1070 730 se
1089 689 1343 738 consolantis,
1355 691 1389 729 si
1405 689 1496 729 ideo
1507 690 1549 728 id

294 748 444 787 sortiter
463 746 620 795 pateris,
637 744 898 794 quiavRomuli
912 755 1046 784 casam
1061 745 1177 784 nosti.
1207 745 1270 783 dic
1285 745 1380 783 illud
1394 745 1546 792 potius:

293 802 398 842 istud
423 800 570 840 humile
595 801 791 848 tugurium
812 809 954 849 nempe
971 800 1132 838 virtutes
1152 799 1310 847 recipit:
1331 800 1407 837 iam
1427 800 1548 838 omni-

293 858 369 896 bus
403 855 560 904 templis
594 856 807 894 formosius
836 855 927 902 erit,
953 865 1041 893 cum
1066 854 1144 893 illic
1170 854 1316 893 iustitia
1336 858 1550 903 conspecta

295 911 428 957 fuerit,
456 921 544 949 cum
565 910 822 957 continentia,
851 920 937 948 cum
960 909 1184 958 prudentia,
1212 909 1358 957 pietas,
1379 909 1550 948 omnium

296 965 515 1004 officiorum
541 970 649 1003 recte
678 965 1038 1013 dispensandorum
1063 964 1183 1011 ratio,
1215 964 1471 1003 humanorum
1493 963 1549 1001 di—

295 1021 555 1067 vinorumque
574 1018 749 1058 scientia.
777 1020 913 1057 Nullus
931 1023 1123 1068 angustus
1145 1023 1206 1057 est
1223 1019 1347 1065 locus,
1370 1018 1436 1067 qui
1449 1019 1551 1056 hanc

295 1080 373 1113 tam
383 1085 609 1122 magnarum
617 1073 801 1111 virtutum
810 1074 964 1111 turbam
975 1074 1090 1123 capit.
1107 1075 1255 1112 nullum
1265 1073 1421 1111 exilium
1432 1082 1552 1122 grave

258 1127 280 1162 4
297 1134 375 1175 est,
409 1129 448 1166 in
481 1128 590 1176 quod
621 1128 712 1166 licet
738 1138 827 1166 cum
855 1128 932 1166 hoc
958 1129 1015 1166 ire
1042 1128 1237 1167 comitatu.
1279 1128 1424 1166 Brutus
1445 1129 1483 1165 in
1503 1137 1550 1165 eo

295 1183 415 1230 libro,
438 1193 554 1230 quem
572 1183 630 1220 de
648 1182 838 1220 virtute
857 1182 1085 1230 conposuit,
1114 1182 1167 1221 ait
1186 1193 1231 1220 se
1247 1182 1476 1228 Marcellum
1494 1181 1551 1220 vi-

296 1237 406 1276 disse
425 1236 624 1287 Mytilenis
652 1238 874 1274 exulantem
902 1241 941 1275 et
967 1241 1155 1285 quantum
1181 1238 1300 1275 modo
1325 1242 1464 1275 natura
1482 1236 1552 1274 ho-

296 1292 411 1330 minis
432 1296 647 1340 pateretur,
667 1290 895 1329 beatissime
915 1291 1111 1329 viventem
1128 1301 1259 1339 neque
1277 1302 1463 1340 umquam
1486 1302 1552 1329 cu-

298 1346 489 1395 pidiorem
511 1345 700 1384 bonarum
720 1346 859 1384 artium
880 1356 995 1394 quam
1016 1346 1082 1384 illo
1102 1351 1288 1394 tempore.
1318 1346 1451 1394 itaque
1470 1345 1552 1383 adi-

298 1401 367 1439 cit:
395 1403 514 1440 visum
531 1402 604 1439 sibi
621 1412 662 1439 se
679 1402 800 1448 maqis
818 1402 858 1438 in
876 1402 1033 1439 cecilium
1052 1402 1127 1447 ire,
1148 1402 1310 1449 quisine
1326 1403 1391 1439 illo
1409 1401 1552 1439 reditu-

261 1457 281 1489 5
296 1467 364 1494 rus
393 1459 504 1502 esset,
534 1466 648 1503 quam
675 1457 839 1494 illumin
855 1457 970 1494 exilio
988 1456 1165 1502 relinqui.
1210 1455 1240 1494 Ο
1259 1455 1553 1493 fortunatiorem

296 1511 524 1548 Marcellum
553 1520 601 1548 eo
626 1514 821 1557 tempore,
856 1520 934 1556 quo
956 1509 1114 1548 exilium
1137 1520 1251 1548 suum
1269 1510 1389 1548 Bruto
1409 1509 1554 1558 adpro-

296 1565 419 1612 bavit,
454 1575 572 1613 quam
607 1574 685 1612 quo
717 1563 959 1611 reipublicae
993 1565 1260 1603 consulatum!
1291 1568 1460 1612 quantus
1494 1563 1556 1612 vir

298 1619 363 1657 ille
383 1620 470 1666 fuit,
501 1619 567 1667 qui
588 1618 736 1665 effecit,
764 1623 807 1656 ut
825 1619 968 1666 aliquis
989 1619 1079 1656 exul
1100 1618 1175 1657 sibi
1193 1619 1410 1666 videretur,
1446 1618 1555 1667 quod

299 1674 348 1712 ab
376 1675 494 1712 exule
519 1674 751 1711 recederet?
792 1678 960 1720 quantus
981 1672 1040 1710 vir
1061 1673 1149 1719 fuit,
1183 1673 1251 1722 qui
1270 1673 1309 1711 in
1332 1672 1553 1711 admiratio-

298 1739 388 1766 nem
421 1728 483 1766 sui
517 1727 681 1766 adduxit
706 1727 902 1766 hominem
923 1726 1040 1766 etiam
1061 1728 1196 1766 Catoni
1216 1738 1289 1766 suo
1310 1727 1556 1765 mirandum?

263 1784 283 1818 6
299 1783 408 1821 Idem
440 1783 584 1821 Brutus
617 1782 688 1820 ait:
728 1782 766 1820 0.
788 1783 990 1820 Caesarem
1010 1783 1216 1831 Mytilenas
1231 1786 1554 1831 praetervectum,

299 1840 390 1885 quia
409 1848 484 1876 non
499 1838 701 1876 sustineret
718 1838 848 1875 videre
866 1837 1121 1885 deformatum
1140 1839 1274 1875 virum.
1316 1837 1373 1874 Illi
1395 1836 1555 1885 quidem

298 1891 468 1930 reditum
495 1892 705 1939 inpetravit
732 1896 895 1929 senatus
923 1891 1090 1939 publicis
1112 1891 1294 1940 precibus
1312 1895 1390 1929 tam
1410 1890 1555 1930 sollici-

299 1951 363 1984 tus
392 1957 438 1985 ac
464 1951 660 1992 moestus,
688 1950 732 1984 ut
759 1957 896 1984 omnes
924 1947 989 1983 illo
1010 1946 1073 1984 die
1090 1945 1198 1984 Bruti
1214 1945 1364 1984 ‘habere
1385 1946 1556 1984 animum

299 2001 528 2039 viderentur
561 2005 600 2038 et
627 2011 706 2038 non
735 2011 808 2049 pro
827 2001 1036 2048 Marcello,
1070 2001 1143 2039 sed
1169 2010 1242 2048 pro
1264 2010 1308 2037 se
1328 1999 1554 2048 deprecari,

301 2065 352 2092 ne
384 2057 522 2094 exules
558 2059 710 2102 essent,
746 2056 780 2093 si
813 2055 899 2094 sine
926 2055 992 2094 illo
1020 2055 1205 2105 fuissent:
1233 2055 1305 2092 sed
1323 2055 1418 2103 plus
1433 2055 1554 2092 multo

302 2115 543 2148 consecutus
571 2115 651 2157 est,
687 2121 766 2158 quo
788 2110 852 2148 die
870 2111 977 2148 illum
998 2111 1152 2148 exulem
1168 2108 1312 2148 Brutus
1332 2109 1556 2157 relinquere

301 2173 382 2202 non
402 2164 546 2212 potuit,
569 2165 715 2203 Caesar
735 2165 881 2203 videre.
911 2165 1071 2212 contigit
1092 2162 1194 2202 enim
1219 2164 1269 2201 illi
1290 2163 1556 2203 testimonium

301 2217 529 2265 utriusque=
547 2220 692 2258 Brutus
713 2220 798 2259 sine
813 2220 1000 2258 Marcello
1019 2218 1162 2256 reverti
1185 2228 1228 2256 se
1249 2218 1389 2266 doluit,
1410 2217 1557 2256 Caesar

269 2275 290 2311 7
307 2272 470 2311 erubuit.
510 2274 608 2311 Num
635 2275 811 2323 dubitas,
847 2274 941 2323 quin
969 2283 1014 2312 se
1033 2273 1096 2311 ille
1114 2272 1325 2312 Marcellus
1346 2277 1476 2312 tantus
1494 2272 1557 2309 vir

306 2327 365 2366 sic
387 2326 438 2365 ad
456 2327 702 2368 tolerandum
722 2339 851 2378 aequo
870 2329 998 2367 animo
1016 2327 1173 2366 exilium
1188 2337 1310 2377 saepe
1325 2327 1555 2367 adhortatus
