<?xml version="1.0" encoding="UTF-8"?>
<!DOCTYPE html PUBLIC "-//W3C//DTD XHTML 1.0 Transitional//EN"
    "http://www.w3.org/TR/xhtml1/DTD/xhtml1-transitional.dtd">
<html xmlns="http://www.w3.org/1999/xhtml" xml:lang="en" lang="en">
 <head>
  <title>
</title>
<meta http-equiv="Content-Type" content="text/html;charset=utf-8" />
  <meta name='ocr-system' content='tesseract 3.04.00' />
  <meta name='ocr-capabilities' content='ocr_page ocr_carea ocr_par ocr_line ocrx_word'/>
</head>
<body>
  <div class='ocr_page' id='page_1' title='image "./operaquaesupersu01seneuoft/operaquaesupersu01seneuoft_0079.png"; bbox 0 0 1624 2626; ppageno 0'>
   <div class='ocr_carea' id='block_1_1' title="bbox 251 170 1322 225">
    <p class='ocr_par' dir='ltr' id='par_1_1' title="bbox 251 170 1322 225">
     <span class='ocr_line' id='line_1_1' title="bbox 251 170 1322 225; baseline -0.002 0"><span class='ocrx_word' id='word_1_1' title='bbox 251 170 385 225; x_wconf 73' lang='lat' dir='ltr'>Dm.</span> <span class='ocrx_word' id='word_1_2' title='bbox 412 185 480 224; x_wconf 80' lang='grc' dir='ltr'>Ν.</span> <span class='ocrx_word' id='word_1_3' title='bbox 519 185 587 225; x_wconf 84' lang='lat' dir='ltr'>DE</span> <span class='ocrx_word' id='word_1_4' title='bbox 614 185 706 225; x_wconf 68' lang='lat' dir='ltr'>uzA</span> <span class='ocrx_word' id='word_1_5' title='bbox 733 185 829 224; x_wconf 76' lang='lat' dir='ltr'>Lm.</span> <span class='ocrx_word' id='word_1_6' title='bbox 856 184 904 223; x_wconf 92' lang='lat'>11.</span> <span class='ocrx_word' id='word_1_7' title='bbox 934 189 1106 225; x_wconf 79' lang='lat'>15—19.</span> <span class='ocrx_word' id='word_1_8' title='bbox 1267 181 1322 224; x_wconf 81' lang='lat'>65</span> 
     </span>
    </p>
   </div>
   <div class='ocr_carea' id='block_1_2' title="bbox 0 286 1366 2447">
    <p class='ocr_par' dir='ltr' id='par_1_2' title="bbox 0 286 1360 1064">
     <span class='ocr_line' id='line_1_2' title="bbox 40 286 1347 337; baseline -0.003 -7"><span class='ocrx_word' id='word_1_9' title='bbox 40 291 194 330; x_wconf 87' lang='lat' dir='ltr'>animus</span> <span class='ocrx_word' id='word_1_10' title='bbox 214 294 286 336; x_wconf 90' lang='lat' dir='ltr'>est,</span> <span class='ocrx_word' id='word_1_11' title='bbox 310 288 378 337; x_wconf 90' lang='lat' dir='ltr'>qui</span> <span class='ocrx_word' id='word_1_12' title='bbox 397 288 457 326; x_wconf 89' lang='lat' dir='ltr'>ira</span> <span class='ocrx_word' id='word_1_13' title='bbox 476 290 625 327; x_wconf 87' lang='lat' dir='ltr'>caret.“</span> <span class='ocrx_word' id='word_1_14' title='bbox 670 288 821 327; x_wconf 86' lang='lat' dir='ltr'>Verum</span> <span class='ocrx_word' id='word_1_15' title='bbox 841 292 919 334; x_wconf 87' lang='lat' dir='ltr'>est,</span> <span class='ocrx_word' id='word_1_16' title='bbox 949 288 984 326; x_wconf 90' lang='lat' dir='ltr'>si</span> <span class='ocrx_word' id='word_1_17' title='bbox 1010 287 1108 332; x_wconf 59' lang='lat' dir='ltr'>nihil</span> <span class='ocrx_word' id='word_1_18' title='bbox 1126 286 1246 327; x_wconf 86' lang='lat' dir='ltr'>habet</span> <span class='ocrx_word' id='word_1_19' title='bbox 1263 287 1324 327; x_wconf 86' lang='lat' dir='ltr'>ira</span> <span class='ocrx_word' id='word_1_20' title='bbox 1345 331 1347 334; x_wconf 22' lang='lat'><strong><em>¹</em></strong></span> 
     </span>
     <span class='ocr_line' id='line_1_3' title="bbox 37 343 1324 393; baseline -0.003 -7"><span class='ocrx_word' id='word_1_21' title='bbox 37 346 246 386; x_wconf 88' lang='lat' dir='ltr'>valentius.</span> <span class='ocrx_word' id='word_1_22' title='bbox 285 345 368 383; x_wconf 90' lang='lat' dir='ltr'>Nec</span> <span class='ocrx_word' id='word_1_23' title='bbox 387 345 581 383; x_wconf 87' lang='lat' dir='ltr'>latronem</span> <span class='ocrx_word' id='word_1_24' title='bbox 601 349 760 393; x_wconf 76' lang='lat' dir='ltr'>oportet</span> <span class='ocrx_word' id='word_1_25' title='bbox 778 353 872 382; x_wconf 90' lang='lat' dir='ltr'>esse</span> <span class='ocrx_word' id='word_1_26' title='bbox 902 353 976 382; x_wconf 89' lang='lat' dir='ltr'>nec</span> <span class='ocrx_word' id='word_1_27' title='bbox 1005 343 1218 392; x_wconf 81' lang='lat' dir='ltr'><strong>praedam,</strong></span> <span class='ocrx_word' id='word_1_28' title='bbox 1247 353 1324 382; x_wconf 87' lang='lat' dir='ltr'>nec</span> 
     </span>
     <span class='ocr_line' id='line_1_4' title="bbox 0 400 1323 522; baseline -0.002 -26"><span class='ocrx_word' id='word_1_29' title='bbox 0 428 1 522; x_wconf 49' lang='lat' dir='ltr'>l</span> <span class='ocrx_word' id='word_1_30' title='bbox 35 400 833 504; x_wconf 47' lang='lat' dir='ltr'>ffssssgfflffiimdatzampetita</span> <span class='ocrx_word' id='word_1_31' title='bbox 850 400 1323 503; x_wconf 56' lang='lat' dir='ltr'>¹¹s¹1ff¹¹3ass¹331¹1¹ss⁸252¹0¹1¹¹2¹e³3</span> 
     </span>
     <span class='ocr_line' id='line_1_5' title="bbox 0 510 1033 594; baseline -0.005 -41"><span class='ocrx_word' id='word_1_32' title='bbox 0 523 1 594; x_wconf 35' lang='grc'>1</span> <span class='ocrx_word' id='word_1_33' title='bbox 38 514 180 553; x_wconf 84' lang='lat' dir='ltr'>fortius</span> <span class='ocrx_word' id='word_1_34' title='bbox 200 512 379 561; x_wconf 81' lang='lat' dir='ltr'>agendas</span> <span class='ocrx_word' id='word_1_35' title='bbox 399 522 480 551; x_wconf 90' lang='lat' dir='ltr'>non</span> <span class='ocrx_word' id='word_1_36' title='bbox 501 511 620 559; x_wconf 85' lang='lat' dir='ltr'>iram,</span> <span class='ocrx_word' id='word_1_37' title='bbox 643 512 716 550; x_wconf 91' lang='lat' dir='ltr'>sed</span> <span class='ocrx_word' id='word_1_38' title='bbox 735 511 814 549; x_wconf 91' lang='lat' dir='ltr'>vim</span> <span class='ocrx_word' id='word_1_39' title='bbox 833 510 1033 549; x_wconf 86' lang='lat' dir='ltr'>adhibeat.</span> 
     </span>
     <span class='ocr_line' id='line_1_6' title="bbox 0 566 1360 617; baseline -0.001 -10"><span class='ocrx_word' id='word_1_40' title='bbox 0 600 1 617; x_wconf 43' lang='lat'>2</span> <span class='ocrx_word' id='word_1_41' title='bbox 119 568 261 608; x_wconf 87' lang='lat' dir='ltr'><strong>XVIII.</strong></span> <span class='ocrx_word' id='word_1_42' title='bbox 305 567 548 616; x_wconf 78' lang='lat' dir='ltr'>Quoniam</span> <span class='ocrx_word' id='word_1_43' title='bbox 570 577 696 616; x_wconf 91' lang='lat' dir='ltr'>quae</span> <span class='ocrx_word' id='word_1_44' title='bbox 716 566 872 606; x_wconf 89' lang='lat' dir='ltr'>deira</span> <span class='ocrx_word' id='word_1_45' title='bbox 892 570 1360 616; x_wconf 80' lang='lat' dir='ltr'>quaerunturtra-1</span> 
     </span>
     <span class='ocr_line' id='line_1_7' title="bbox 0 621 1323 672; baseline -0.002 -8"><span class='ocrx_word' id='word_1_46' title='bbox 0 646 1 650; x_wconf 66' lang='lat'><em>=</em></span> <span class='ocrx_word' id='word_1_47' title='bbox 37 625 307 672; x_wconf 86' lang='lat' dir='ltr'>ctavimus‚</span> <span class='ocrx_word' id='word_1_48' title='bbox 347 624 658 662; x_wconf 84' lang='lat' dir='ltr'><strong>accedamus</strong></span> <span class='ocrx_word' id='word_1_49' title='bbox 695 623 755 661; x_wconf 89' lang='lat' dir='ltr'>ad</span> <span class='ocrx_word' id='word_1_50' title='bbox 790 622 1017 661; x_wconf 76' lang='lat' dir='ltr'>remedIa</span> <span class='ocrx_word' id='word_1_51' title='bbox 1049 621 1173 660; x_wconf 89' lang='lat' dir='ltr'>eius.</span> <span class='ocrx_word' id='word_1_52' title='bbox 1218 622 1323 661; x_wconf 89' lang='lat' dir='ltr'>Duo</span> 
     </span>
     <span class='ocr_line' id='line_1_8' title="bbox 37 678 1324 728; baseline -0.004 -8"><span class='ocrx_word' id='word_1_53' title='bbox 37 685 290 728; x_wconf 89' lang='lat' dir='ltr'>autem,ut</span> <span class='ocrx_word' id='word_1_54' title='bbox 312 679 526 727; x_wconf 87' lang='lat' dir='ltr'>opinor,</span> <span class='ocrx_word' id='word_1_55' title='bbox 559 683 694 718; x_wconf 89' lang='lat' dir='ltr'>sunt:</span> <span class='ocrx_word' id='word_1_56' title='bbox 722 689 780 718; x_wconf 90' lang='lat' dir='ltr'>ne</span> <span class='ocrx_word' id='word_1_57' title='bbox 807 678 1094 717; x_wconf 84' lang='lat' dir='ltr'>incidamus</span> <span class='ocrx_word' id='word_1_58' title='bbox 1120 679 1167 717; x_wconf 91' lang='lat' dir='ltr'>in</span> <span class='ocrx_word' id='word_1_59' title='bbox 1200 678 1324 715; x_wconf 89' lang='lat' dir='ltr'>iram</span> 
     </span>
     <span class='ocr_line' id='line_1_9' title="bbox 37 733 1325 784; baseline -0.004 -8"><span class='ocrx_word' id='word_1_60' title='bbox 37 741 84 776; x_wconf 89' lang='lat' dir='ltr'>et</span> <span class='ocrx_word' id='word_1_61' title='bbox 108 747 167 775; x_wconf 90' lang='lat' dir='ltr'>ne</span> <span class='ocrx_word' id='word_1_62' title='bbox 192 737 239 774; x_wconf 93' lang='lat' dir='ltr'>in</span> <span class='ocrx_word' id='word_1_63' title='bbox 266 736 341 773; x_wconf 87' lang='lat' dir='ltr'>ira</span> <span class='ocrx_word' id='word_1_64' title='bbox 363 745 645 784; x_wconf 82' lang='lat' dir='ltr'><strong>peccemus.</strong></span> <span class='ocrx_word' id='word_1_65' title='bbox 687 735 739 773; x_wconf 88' lang='lat' dir='ltr'>Ut</span> <span class='ocrx_word' id='word_1_66' title='bbox 757 735 797 772; x_wconf 91' lang='lat' dir='ltr'>in</span> <span class='ocrx_word' id='word_1_67' title='bbox 821 744 1037 783; x_wconf 87' lang='lat' dir='ltr'>corporum</span> <span class='ocrx_word' id='word_1_68' title='bbox 1059 744 1155 772; x_wconf 87' lang='lat' dir='ltr'>cura</span> <span class='ocrx_word' id='word_1_69' title='bbox 1174 734 1252 772; x_wconf 90' lang='lat' dir='ltr'>alia</span> <span class='ocrx_word' id='word_1_70' title='bbox 1273 733 1325 771; x_wconf 93' lang='lat' dir='ltr'>de</span> 
     </span>
     <span class='ocr_line' id='line_1_10' title="bbox 36 789 1325 839; baseline -0.003 -8"><span class='ocrx_word' id='word_1_71' title='bbox 36 793 186 832; x_wconf 88' lang='lat' dir='ltr'>tuenda</span> <span class='ocrx_word' id='word_1_72' title='bbox 205 791 441 838; x_wconf 88' lang='lat' dir='ltr'>valitudine,</span> <span class='ocrx_word' id='word_1_73' title='bbox 466 791 543 830; x_wconf 87' lang='lat' dir='ltr'>alia</span> <span class='ocrx_word' id='word_1_74' title='bbox 563 791 614 829; x_wconf 90' lang='lat' dir='ltr'>de</span> <span class='ocrx_word' id='word_1_75' title='bbox 633 790 882 830; x_wconf 87' lang='lat' dir='ltr'>restituenda</span> <span class='ocrx_word' id='word_1_76' title='bbox 902 795 1117 839; x_wconf 87' lang='lat' dir='ltr'>praecepta</span> <span class='ocrx_word' id='word_1_77' title='bbox 1136 793 1249 837; x_wconf 86' lang='lat' dir='ltr'>sunt,</span> <span class='ocrx_word' id='word_1_78' title='bbox 1270 789 1325 828; x_wconf 87' lang='lat' dir='ltr'>ita</span> 
     </span>
     <span class='ocr_line' id='line_1_11' title="bbox 38 846 1324 896; baseline -0.002 -10"><span class='ocrx_word' id='word_1_79' title='bbox 38 849 151 887; x_wconf 89' lang='lat' dir='ltr'>aliter</span> <span class='ocrx_word' id='word_1_80' title='bbox 169 848 268 886; x_wconf 87' lang='lat' dir='ltr'>iram</span> <span class='ocrx_word' id='word_1_81' title='bbox 288 847 482 885; x_wconf 85' lang='lat' dir='ltr'><strong>debemus</strong></span> <span class='ocrx_word' id='word_1_82' title='bbox 501 847 720 896; x_wconf 86' lang='lat' dir='ltr'>repellere,</span> <span class='ocrx_word' id='word_1_83' title='bbox 749 846 862 886; x_wconf 86' lang='lat' dir='ltr'>aliter</span> <span class='ocrx_word' id='word_1_84' title='bbox 891 855 1152 895; x_wconf 85' lang='lat' dir='ltr'>conpescere.</span> <span class='ocrx_word' id='word_1_85' title='bbox 1182 849 1239 893; x_wconf 89' lang='lat' dir='ltr'>[ut</span> <span class='ocrx_word' id='word_1_86' title='bbox 1265 846 1324 883; x_wconf 65' lang='grc' dir='ltr'>η’-</span> 
     </span>
     <span class='ocr_line' id='line_1_12' title="bbox 38 902 1324 951; baseline -0.002 -9"><span class='ocrx_word' id='word_1_87' title='bbox 38 907 195 951; x_wconf 90' lang='lat' dir='ltr'>temus.]</span> <span class='ocrx_word' id='word_1_88' title='bbox 226 903 475 951; x_wconf 81' lang='lat' dir='ltr'>Quaedam</span> <span class='ocrx_word' id='word_1_89' title='bbox 497 903 556 941; x_wconf 91' lang='lat' dir='ltr'>ad</span> <span class='ocrx_word' id='word_1_90' title='bbox 574 902 869 941; x_wconf 89' lang='lat' dir='ltr'>universam</span> <span class='ocrx_word' id='word_1_91' title='bbox 888 902 1040 940; x_wconf 87' lang='lat' dir='ltr'>vitam</span> <span class='ocrx_word' id='word_1_92' title='bbox 1063 902 1324 950; x_wconf 89' lang='lat' dir='ltr'>pertinen-</span> 
     </span>
     <span class='ocr_line' id='line_1_13' title="bbox 37 957 1324 1008; baseline -0.002 -10"><span class='ocrx_word' id='word_1_93' title='bbox 37 960 110 998; x_wconf 85' lang='lat' dir='ltr'>tia</span> <span class='ocrx_word' id='word_1_94' title='bbox 129 958 531 1008; x_wconf 76' lang='lat' dir='ltr'>praecipientur.</span> <span class='ocrx_word' id='word_1_95' title='bbox 587 959 708 996; x_wconf 91' lang='lat' dir='ltr'>eain</span> <span class='ocrx_word' id='word_1_96' title='bbox 726 957 1087 997; x_wconf 85' lang='lat' dir='ltr'>educationem</span> <span class='ocrx_word' id='word_1_97' title='bbox 1108 958 1224 996; x_wconf 90' lang='lat' dir='ltr'>etin</span> <span class='ocrx_word' id='word_1_98' title='bbox 1244 967 1324 995; x_wconf 90' lang='lat' dir='ltr'>se-</span> 
     </span>
     <span class='ocr_line' id='line_1_14' title="bbox 42 1014 834 1064; baseline -0.003 -10"><span class='ocrx_word' id='word_1_99' title='bbox 42 1015 249 1064; x_wconf 89' lang='lat' dir='ltr'>quentia</span> <span class='ocrx_word' id='word_1_100' title='bbox 274 1019 502 1063; x_wconf 89' lang='lat' dir='ltr'>tempora</span> <span class='ocrx_word' id='word_1_101' title='bbox 522 1014 834 1052; x_wconf 83' lang='lat' dir='ltr'>dividentur.</span> 
     </span>
    </p>

    <p class='ocr_par' dir='ltr' id='par_1_3' title="bbox 39 1069 1363 1278">
     <span class='ocr_line' id='line_1_15' title="bbox 121 1069 1363 1118; baseline 0 -9"><span class='ocrx_word' id='word_1_102' title='bbox 121 1070 314 1109; x_wconf 84' lang='lat' dir='ltr'>Educatio</span> <span class='ocrx_word' id='word_1_103' title='bbox 335 1070 547 1108; x_wconf 85' lang='lat' dir='ltr'>maximam</span> <span class='ocrx_word' id='word_1_104' title='bbox 566 1069 810 1118; x_wconf 83' lang='lat' dir='ltr'>diligentiam</span> <span class='ocrx_word' id='word_1_105' title='bbox 829 1070 1126 1118; x_wconf 87' lang='lat' dir='ltr'>plurimumque</span> <span class='ocrx_word' id='word_1_106' title='bbox 1145 1069 1325 1118; x_wconf 82' lang='lat' dir='ltr'>profutu-</span> <span class='ocrx_word' id='word_1_107' title='bbox 1341 1076 1363 1109; x_wconf 83' lang='lat'><strong>2</strong></span> 
     </span>
     <span class='ocr_line' id='line_1_16' title="bbox 39 1124 1326 1166; baseline -0.003 0"><span class='ocrx_word' id='word_1_108' title='bbox 39 1138 126 1166; x_wconf 86' lang='lat' dir='ltr'>ram</span> <span class='ocrx_word' id='word_1_109' title='bbox 158 1125 369 1165; x_wconf 81' lang='lat' dir='ltr'>desiderat.</span> <span class='ocrx_word' id='word_1_110' title='bbox 427 1126 544 1164; x_wconf 82' lang='lat' dir='ltr'>facile</span> <span class='ocrx_word' id='word_1_111' title='bbox 575 1130 638 1164; x_wconf 85' lang='lat' dir='ltr'>est</span> <span class='ocrx_word' id='word_1_112' title='bbox 666 1126 772 1163; x_wconf 90' lang='lat' dir='ltr'>enim</span> <span class='ocrx_word' id='word_1_113' title='bbox 802 1130 964 1165; x_wconf 88' lang='lat' dir='ltr'>teneros</span> <span class='ocrx_word' id='word_1_114' title='bbox 997 1125 1130 1163; x_wconf 89' lang='lat' dir='ltr'>adhuc</span> <span class='ocrx_word' id='word_1_115' title='bbox 1171 1124 1326 1164; x_wconf 91' lang='lat' dir='ltr'>animos</span> 
     </span>
     <span class='ocr_line' id='line_1_17' title="bbox 40 1180 1327 1232; baseline -0.003 -10"><span class='ocrx_word' id='word_1_116' title='bbox 40 1191 290 1232; x_wconf 88' lang='lat' dir='ltr'>conponere,</span> <span class='ocrx_word' id='word_1_117' title='bbox 329 1181 542 1220; x_wconf 84' lang='lat' dir='ltr'>difficulter</span> <span class='ocrx_word' id='word_1_118' title='bbox 568 1181 801 1221; x_wconf 85' lang='lat' dir='ltr'>reciduntur</span> <span class='ocrx_word' id='word_1_119' title='bbox 827 1181 940 1230; x_wconf 89' lang='lat' dir='ltr'>vitia,</span> <span class='ocrx_word' id='word_1_120' title='bbox 977 1191 1081 1230; x_wconf 90' lang='lat' dir='ltr'>quae</span> <span class='ocrx_word' id='word_1_121' title='bbox 1115 1180 1327 1220; x_wconf 89' lang='lat' dir='ltr'>nobiscum</span> 
     </span>
     <span class='ocr_line' id='line_1_18' title="bbox 40 1242 262 1278; baseline -0.009 0"><span class='ocrx_word' id='word_1_122' title='bbox 40 1242 262 1278; x_wconf 85' lang='lat' dir='ltr'>creverunt.</span> 
     </span>
    </p>

    <p class='ocr_par' dir='ltr' id='par_1_4' title="bbox 40 1291 1366 2066">
     <span class='ocr_line' id='line_1_19' title="bbox 120 1291 1363 1342; baseline 0 -10"><span class='ocrx_word' id='word_1_123' title='bbox 120 1294 222 1332; x_wconf 88' lang='lat' dir='ltr'><strong>XIX.</strong></span> <span class='ocrx_word' id='word_1_124' title='bbox 250 1293 600 1342; x_wconf 82' lang='lat' dir='ltr'>Opportunissima</span> <span class='ocrx_word' id='word_1_125' title='bbox 619 1294 671 1332; x_wconf 85' lang='lat' dir='ltr'>ad</span> <span class='ocrx_word' id='word_1_126' title='bbox 691 1294 939 1333; x_wconf 87' lang='lat' dir='ltr'>iracundiam</span> <span class='ocrx_word' id='word_1_127' title='bbox 958 1293 1100 1331; x_wconf 85' lang='lat' dir='ltr'>fervidi</span> <span class='ocrx_word' id='word_1_128' title='bbox 1123 1291 1242 1331; x_wconf 90' lang='lat' dir='ltr'>animi</span> <span class='ocrx_word' id='word_1_129' title='bbox 1257 1303 1326 1330; x_wconf 86' lang='lat' dir='ltr'>na·</span> <span class='ocrx_word' id='word_1_130' title='bbox 1345 1300 1363 1332; x_wconf 90' lang='lat'>1</span> 
     </span>
     <span class='ocr_line' id='line_1_20' title="bbox 40 1348 1326 1400; baseline -0.002 -11"><span class='ocrx_word' id='word_1_131' title='bbox 40 1356 127 1389; x_wconf 88' lang='lat' dir='ltr'>tura</span> <span class='ocrx_word' id='word_1_132' title='bbox 147 1354 220 1389; x_wconf 89' lang='lat' dir='ltr'>est.</span> <span class='ocrx_word' id='word_1_133' title='bbox 259 1359 350 1388; x_wconf 87' lang='lat' dir='ltr'>nam</span> <span class='ocrx_word' id='word_1_134' title='bbox 371 1359 460 1387; x_wconf 90' lang='lat' dir='ltr'>cum</span> <span class='ocrx_word' id='word_1_135' title='bbox 480 1351 676 1388; x_wconf 88' lang='lat' dir='ltr'>elementa</span> <span class='ocrx_word' id='word_1_136' title='bbox 704 1351 783 1388; x_wconf 89' lang='lat' dir='ltr'>sint</span> <span class='ocrx_word' id='word_1_137' title='bbox 812 1355 1001 1400; x_wconf 87' lang='lat' dir='ltr'>quatuor,</span> <span class='ocrx_word' id='word_1_138' title='bbox 1031 1348 1154 1397; x_wconf 84' lang='lat' dir='ltr'>ignis,</span> <span class='ocrx_word' id='word_1_139' title='bbox 1182 1358 1326 1397; x_wconf 88' lang='lat' dir='ltr'>aquae,</span> 
     </span>
     <span class='ocr_line' id='line_1_21' title="bbox 41 1403 1327 1455; baseline -0.002 -11"><span class='ocrx_word' id='word_1_140' title='bbox 41 1406 166 1454; x_wconf 75' lang='lat' dir='ltr'>aeris,</span> <span class='ocrx_word' id='word_1_141' title='bbox 195 1411 344 1453; x_wconf 88' lang='lat' dir='ltr'>terrae,</span> <span class='ocrx_word' id='word_1_142' title='bbox 374 1410 594 1454; x_wconf 84' lang='lat' dir='ltr'>potestates</span> <span class='ocrx_word' id='word_1_143' title='bbox 615 1416 734 1455; x_wconf 89' lang='lat' dir='ltr'>pares</span> <span class='ocrx_word' id='word_1_144' title='bbox 753 1406 817 1445; x_wconf 88' lang='lat' dir='ltr'>his</span> <span class='ocrx_word' id='word_1_145' title='bbox 838 1411 949 1453; x_wconf 86' lang='lat' dir='ltr'>sunt,</span> <span class='ocrx_word' id='word_1_146' title='bbox 978 1404 1150 1452; x_wconf 83' lang='lat' dir='ltr'>fervida,</span> <span class='ocrx_word' id='word_1_147' title='bbox 1171 1403 1327 1452; x_wconf 82' lang='lat' dir='ltr'>frigida,</span> 
     </span>
     <span class='ocr_line' id='line_1_22' title="bbox 42 1460 1329 1510; baseline -0.002 -11"><span class='ocrx_word' id='word_1_148' title='bbox 42 1461 154 1500; x_wconf 85' lang='lat' dir='ltr'>arida</span> <span class='ocrx_word' id='word_1_149' title='bbox 180 1466 301 1510; x_wconf 87' lang='lat' dir='ltr'>atque</span> <span class='ocrx_word' id='word_1_150' title='bbox 320 1460 495 1499; x_wconf 89' lang='lat' dir='ltr'>humida.</span> <span class='ocrx_word' id='word_1_151' title='bbox 540 1466 579 1500; x_wconf 89' lang='lat' dir='ltr'>et</span> <span class='ocrx_word' id='word_1_152' title='bbox 604 1462 783 1501; x_wconf 87' lang='lat' dir='ltr'>locorum</span> <span class='ocrx_word' id='word_1_153' title='bbox 811 1463 944 1510; x_wconf 88' lang='lat' dir='ltr'>itaque</span> <span class='ocrx_word' id='word_1_154' title='bbox 972 1465 1011 1498; x_wconf 92' lang='lat' dir='ltr'>et</span> <span class='ocrx_word' id='word_1_155' title='bbox 1035 1460 1262 1498; x_wconf 88' lang='lat' dir='ltr'>animalium</span> <span class='ocrx_word' id='word_1_156' title='bbox 1291 1464 1329 1497; x_wconf 86' lang='lat' dir='ltr'>et</span> 
     </span>
     <span class='ocr_line' id='line_1_23' title="bbox 44 1515 1329 1565; baseline -0.001 -11"><span class='ocrx_word' id='word_1_157' title='bbox 44 1526 257 1565; x_wconf 87' lang='lat' dir='ltr'>corporum</span> <span class='ocrx_word' id='word_1_158' title='bbox 276 1521 316 1555; x_wconf 91' lang='lat' dir='ltr'>et</span> <span class='ocrx_word' id='word_1_159' title='bbox 332 1527 486 1556; x_wconf 91' lang='lat' dir='ltr'>morum</span> <span class='ocrx_word' id='word_1_160' title='bbox 504 1518 717 1556; x_wconf 84' lang='lat' dir='ltr'>varietates</span> <span class='ocrx_word' id='word_1_161' title='bbox 739 1518 908 1556; x_wconf 84' lang='lat' dir='ltr'>mixtura</span> <span class='ocrx_word' id='word_1_162' title='bbox 925 1518 1210 1554; x_wconf 87' lang='lat' dir='ltr'>elementorum</span> <span class='ocrx_word' id='word_1_163' title='bbox 1235 1515 1329 1553; x_wconf 80' lang='lat' dir='ltr'>facit</span> 
     </span>
     <span class='ocr_line' id='line_1_24' title="bbox 44 1570 1327 1622; baseline -0.002 -12"><span class='ocrx_word' id='word_1_164' title='bbox 44 1577 84 1610; x_wconf 91' lang='lat' dir='ltr'>et</span> <span class='ocrx_word' id='word_1_165' title='bbox 104 1572 270 1620; x_wconf 85' lang='lat' dir='ltr'>proinde</span> <span class='ocrx_word' id='word_1_166' title='bbox 287 1572 327 1610; x_wconf 91' lang='lat' dir='ltr'>in</span> <span class='ocrx_word' id='word_1_167' title='bbox 347 1572 504 1621; x_wconf 87' lang='lat' dir='ltr'>aliquos</span> <span class='ocrx_word' id='word_1_168' title='bbox 524 1573 651 1622; x_wconf 86' lang='lat' dir='ltr'>magis</span> <span class='ocrx_word' id='word_1_169' title='bbox 673 1574 906 1612; x_wconf 87' lang='lat' dir='ltr'>incumbunt</span> <span class='ocrx_word' id='word_1_170' title='bbox 926 1571 1096 1619; x_wconf 83' lang='lat' dir='ltr'>ingenia,</span> <span class='ocrx_word' id='word_1_171' title='bbox 1117 1575 1238 1620; x_wconf 90' lang='lat' dir='ltr'>prout</span> <span class='ocrx_word' id='word_1_172' title='bbox 1258 1570 1327 1609; x_wconf 91' lang='lat' dir='ltr'>ali-</span> 
     </span>
     <span class='ocr_line' id='line_1_25' title="bbox 44 1626 1326 1676; baseline -0.001 -10"><span class='ocrx_word' id='word_1_173' title='bbox 44 1628 159 1666; x_wconf 89' lang='lat' dir='ltr'>cuius</span> <span class='ocrx_word' id='word_1_174' title='bbox 179 1627 362 1666; x_wconf 89' lang='lat' dir='ltr'>elementi</span> <span class='ocrx_word' id='word_1_175' title='bbox 381 1629 506 1667; x_wconf 88' lang='lat' dir='ltr'>maior</span> <span class='ocrx_word' id='word_1_176' title='bbox 523 1628 585 1667; x_wconf 91' lang='lat' dir='ltr'>vis</span> <span class='ocrx_word' id='word_1_177' title='bbox 605 1629 832 1668; x_wconf 86' lang='lat' dir='ltr'>abundavit.</span> <span class='ocrx_word' id='word_1_178' title='bbox 874 1627 967 1666; x_wconf 91' lang='lat' dir='ltr'>inde</span> <span class='ocrx_word' id='word_1_179' title='bbox 983 1627 1179 1676; x_wconf 85' lang='lat' dir='ltr'>quasdam</span> <span class='ocrx_word' id='word_1_180' title='bbox 1199 1626 1326 1665; x_wconf 89' lang='lat' dir='ltr'>humi-</span> 
     </span>
     <span class='ocr_line' id='line_1_26' title="bbox 44 1682 1326 1733; baseline -0.002 -11"><span class='ocrx_word' id='word_1_181' title='bbox 44 1685 119 1722; x_wconf 86' lang='lat' dir='ltr'>das</span> <span class='ocrx_word' id='word_1_182' title='bbox 139 1693 332 1722; x_wconf 85' lang='lat' dir='ltr'>vocamus</span> <span class='ocrx_word' id='word_1_183' title='bbox 360 1683 575 1732; x_wconf 88' lang='lat' dir='ltr'>aridasque</span> <span class='ocrx_word' id='word_1_184' title='bbox 600 1686 788 1733; x_wconf 85' lang='lat' dir='ltr'>regiones</span> <span class='ocrx_word' id='word_1_185' title='bbox 817 1688 856 1722; x_wconf 91' lang='lat' dir='ltr'>et</span> <span class='ocrx_word' id='word_1_186' title='bbox 889 1683 1040 1721; x_wconf 86' lang='lat' dir='ltr'>calidas</span> <span class='ocrx_word' id='word_1_187' title='bbox 1076 1687 1115 1721; x_wconf 91' lang='lat' dir='ltr'>et</span> <span class='ocrx_word' id='word_1_188' title='bbox 1148 1682 1326 1731; x_wconf 80' lang='lat' dir='ltr'>frigidas.</span> 
     </span>
     <span class='ocr_line' id='line_1_27' title="bbox 43 1738 1365 1788; baseline -0.001 -10"><span class='ocrx_word' id='word_1_189' title='bbox 43 1739 194 1778; x_wconf 86' lang='lat' dir='ltr'>Eadem</span> <span class='ocrx_word' id='word_1_190' title='bbox 227 1738 452 1777; x_wconf 87' lang='lat' dir='ltr'>animalium</span> <span class='ocrx_word' id='word_1_191' title='bbox 487 1739 769 1788; x_wconf 88' lang='lat' dir='ltr'>hominumque</span> <span class='ocrx_word' id='word_1_192' title='bbox 801 1738 1031 1781; x_wconf 87' lang='lat' dir='ltr'>discrimina</span> <span class='ocrx_word' id='word_1_193' title='bbox 1059 1743 1171 1777; x_wconf 84' lang='lat' dir='ltr'>sunt:</span> <span class='ocrx_word' id='word_1_194' title='bbox 1208 1739 1365 1780; x_wconf 82' lang='lat' dir='ltr'>refert2</span> 
     </span>
     <span class='ocr_line' id='line_1_28' title="bbox 46 1794 1327 1845; baseline -0.001 -11"><span class='ocrx_word' id='word_1_195' title='bbox 46 1799 235 1845; x_wconf 88' lang='lat' dir='ltr'>quantum</span> <span class='ocrx_word' id='word_1_196' title='bbox 256 1794 429 1842; x_wconf 87' lang='lat' dir='ltr'>quisque</span> <span class='ocrx_word' id='word_1_197' title='bbox 448 1794 598 1833; x_wconf 87' lang='lat' dir='ltr'>humidi</span> <span class='ocrx_word' id='word_1_198' title='bbox 617 1795 655 1833; x_wconf 93' lang='lat' dir='ltr'>in</span> <span class='ocrx_word' id='word_1_199' title='bbox 675 1805 720 1833; x_wconf 92' lang='lat' dir='ltr'>se</span> <span class='ocrx_word' id='word_1_200' title='bbox 739 1794 938 1844; x_wconf 89' lang='lat' dir='ltr'>calidique</span> <span class='ocrx_word' id='word_1_201' title='bbox 958 1795 1169 1833; x_wconf 85' lang='lat' dir='ltr'>contineat.</span> <span class='ocrx_word' id='word_1_202' title='bbox 1212 1795 1327 1833; x_wconf 87' lang='lat' dir='ltr'>cuius</span> 
     </span>
     <span class='ocr_line' id='line_1_29' title="bbox 44 1849 1334 1901; baseline -0.002 -12"><span class='ocrx_word' id='word_1_203' title='bbox 44 1852 84 1890; x_wconf 89' lang='lat' dir='ltr'>in</span> <span class='ocrx_word' id='word_1_204' title='bbox 104 1852 170 1890; x_wconf 89' lang='lat' dir='ltr'>illo</span> <span class='ocrx_word' id='word_1_205' title='bbox 192 1849 374 1889; x_wconf 90' lang='lat' dir='ltr'>elementi</span> <span class='ocrx_word' id='word_1_206' title='bbox 395 1851 523 1898; x_wconf 89' lang='lat' dir='ltr'>portio</span> <span class='ocrx_word' id='word_1_207' title='bbox 544 1850 798 1898; x_wconf 87' lang='lat' dir='ltr'>praevalebit,</span> <span class='ocrx_word' id='word_1_208' title='bbox 818 1851 911 1889; x_wconf 91' lang='lat' dir='ltr'>inde</span> <span class='ocrx_word' id='word_1_209' title='bbox 930 1861 1063 1889; x_wconf 88' lang='lat' dir='ltr'>mores</span> <span class='ocrx_word' id='word_1_210' title='bbox 1085 1854 1212 1888; x_wconf 88' lang='lat' dir='ltr'>erunt.</span> <span class='ocrx_word' id='word_1_211' title='bbox 1251 1850 1334 1901; x_wconf 32' lang='lat' dir='ltr'>ira—-</span> 
     </span>
     <span class='ocr_line' id='line_1_30' title="bbox 47 1906 1330 1946; baseline -0.002 0"><span class='ocrx_word' id='word_1_212' title='bbox 47 1907 203 1946; x_wconf 90' lang='lat' dir='ltr'>cundos</span> <span class='ocrx_word' id='word_1_213' title='bbox 223 1906 379 1944; x_wconf 83' lang='lat' dir='ltr'>fervida</span> <span class='ocrx_word' id='word_1_214' title='bbox 399 1906 519 1944; x_wconf 86' lang='lat' dir='ltr'>animi</span> <span class='ocrx_word' id='word_1_215' title='bbox 539 1910 678 1944; x_wconf 86' lang='lat' dir='ltr'>natura</span> <span class='ocrx_word' id='word_1_216' title='bbox 698 1907 834 1945; x_wconf 78' lang='lat' dir='ltr'>faciet=</span> <span class='ocrx_word' id='word_1_217' title='bbox 863 1911 926 1945; x_wconf 89' lang='lat' dir='ltr'>est</span> <span class='ocrx_word' id='word_1_218' title='bbox 951 1906 1055 1944; x_wconf 91' lang='lat' dir='ltr'>enim</span> <span class='ocrx_word' id='word_1_219' title='bbox 1078 1910 1270 1944; x_wconf 90' lang='lat' dir='ltr'>actuosus</span> <span class='ocrx_word' id='word_1_220' title='bbox 1290 1910 1330 1944; x_wconf 89' lang='lat' dir='ltr'>et</span> 
     </span>
     <span class='ocr_line' id='line_1_31' title="bbox 46 1960 1329 2011; baseline -0.001 -10"><span class='ocrx_word' id='word_1_221' title='bbox 46 1963 227 2011; x_wconf 87' lang='lat' dir='ltr'>pertinax</span> <span class='ocrx_word' id='word_1_222' title='bbox 245 1961 361 2010; x_wconf 84' lang='lat' dir='ltr'>ignis.</span> <span class='ocrx_word' id='word_1_223' title='bbox 405 1961 536 2009; x_wconf 83' lang='lat' dir='ltr'>frigidi</span> <span class='ocrx_word' id='word_1_224' title='bbox 563 1960 732 2000; x_wconf 88' lang='lat' dir='ltr'>mixtura</span> <span class='ocrx_word' id='word_1_225' title='bbox 758 1961 919 2001; x_wconf 89' lang='lat' dir='ltr'>timidos</span> <span class='ocrx_word' id='word_1_226' title='bbox 947 1961 1059 2000; x_wconf 83' lang='lat' dir='ltr'>facit:</span> <span class='ocrx_word' id='word_1_227' title='bbox 1089 1960 1248 2009; x_wconf 85' lang='lat' dir='ltr'>pigrum</span> <span class='ocrx_word' id='word_1_228' title='bbox 1267 1966 1329 2000; x_wconf 87' lang='lat' dir='ltr'>est</span> 
     </span>
     <span class='ocr_line' id='line_1_32' title="bbox 46 2016 1366 2066; baseline -0.001 -9"><span class='ocrx_word' id='word_1_229' title='bbox 46 2018 152 2057; x_wconf 85' lang='lat' dir='ltr'>enim</span> <span class='ocrx_word' id='word_1_230' title='bbox 172 2022 496 2066; x_wconf 86' lang='lat' dir='ltr'>contractumque</span> <span class='ocrx_word' id='word_1_231' title='bbox 515 2017 654 2065; x_wconf 82' lang='lat' dir='ltr'>frigus.</span> <span class='ocrx_word' id='word_1_232' title='bbox 681 2017 831 2056; x_wconf 90' lang='lat' dir='ltr'>Volunt</span> <span class='ocrx_word' id='word_1_233' title='bbox 849 2017 985 2066; x_wconf 88' lang='lat' dir='ltr'>itaque</span> <span class='ocrx_word' id='word_1_234' title='bbox 1005 2016 1166 2065; x_wconf 89' lang='lat' dir='ltr'>quidam</span> <span class='ocrx_word' id='word_1_235' title='bbox 1186 2027 1238 2056; x_wconf 89' lang='lat' dir='ltr'>ex</span> <span class='ocrx_word' id='word_1_236' title='bbox 1256 2026 1326 2056; x_wconf 87' lang='lat' dir='ltr'>no·</span> <span class='ocrx_word' id='word_1_237' title='bbox 1343 2021 1366 2055; x_wconf 85' lang='lat'><strong>3</strong></span> 
     </span>
    </p>

    <p class='ocr_par' dir='ltr' id='par_1_5' title="bbox 7 2072 1365 2289">
     <span class='ocr_line' id='line_1_33' title="bbox 7 2072 1326 2122; baseline -0.002 -9"><span class='ocrx_word' id='word_1_238' title='bbox 7 2084 13 2105; x_wconf 79' lang='lat'>.-</span> <span class='ocrx_word' id='word_1_239' title='bbox 47 2074 138 2114; x_wconf 82' lang='lat' dir='ltr'>stris</span> <span class='ocrx_word' id='word_1_240' title='bbox 158 2073 254 2112; x_wconf 88' lang='lat' dir='ltr'>iram</span> <span class='ocrx_word' id='word_1_241' title='bbox 275 2073 314 2112; x_wconf 92' lang='lat' dir='ltr'>in</span> <span class='ocrx_word' id='word_1_242' title='bbox 336 2077 497 2122; x_wconf 89' lang='lat' dir='ltr'>pectore</span> <span class='ocrx_word' id='word_1_243' title='bbox 515 2073 667 2111; x_wconf 91' lang='lat' dir='ltr'>moveri</span> <span class='ocrx_word' id='word_1_244' title='bbox 687 2072 976 2112; x_wconf 81' lang='lat' dir='ltr'>effervescente</span> <span class='ocrx_word' id='word_1_245' title='bbox 1003 2073 1111 2110; x_wconf 87' lang='lat' dir='ltr'>circa</span> <span class='ocrx_word' id='word_1_246' title='bbox 1137 2082 1209 2111; x_wconf 88' lang='lat' dir='ltr'>cor</span> <span class='ocrx_word' id='word_1_247' title='bbox 1236 2083 1326 2111; x_wconf 88' lang='lat' dir='ltr'>san-</span> 
     </span>
     <span class='ocr_line' id='line_1_34' title="bbox 46 2127 1327 2178; baseline -0.001 -10"><span class='ocrx_word' id='word_1_248' title='bbox 46 2129 178 2178; x_wconf 82' lang='lat' dir='ltr'>guine.</span> <span class='ocrx_word' id='word_1_249' title='bbox 220 2138 344 2168; x_wconf 90' lang='lat' dir='ltr'>causa</span> <span class='ocrx_word' id='word_1_250' title='bbox 371 2138 442 2167; x_wconf 86' lang='lat' dir='ltr'>cur</span> <span class='ocrx_word' id='word_1_251' title='bbox 466 2128 531 2166; x_wconf 88' lang='lat' dir='ltr'>hic</span> <span class='ocrx_word' id='word_1_252' title='bbox 560 2127 811 2178; x_wconf 89' lang='lat' dir='ltr'>potissimum</span> <span class='ocrx_word' id='word_1_253' title='bbox 838 2129 1072 2177; x_wconf 85' lang='lat' dir='ltr'>adsignetur</span> <span class='ocrx_word' id='word_1_254' title='bbox 1090 2127 1174 2166; x_wconf 88' lang='lat' dir='ltr'>irae</span> <span class='ocrx_word' id='word_1_255' title='bbox 1198 2128 1327 2176; x_wconf 92' lang='lat' dir='ltr'>locus,</span> 
     </span>
     <span class='ocr_line' id='line_1_35' title="bbox 27 2182 1327 2239; baseline -0.001 -16"><span class='ocrx_word' id='word_1_256' title='bbox 27 2197 126 2239; x_wconf 32' lang='lat' dir='ltr'>&#39;non</span> <span class='ocrx_word' id='word_1_257' title='bbox 147 2186 224 2224; x_wconf 89' lang='lat' dir='ltr'>alia</span> <span class='ocrx_word' id='word_1_258' title='bbox 243 2190 315 2231; x_wconf 85' lang='lat' dir='ltr'>est,</span> <span class='ocrx_word' id='word_1_259' title='bbox 337 2195 456 2232; x_wconf 88' lang='lat' dir='ltr'>quam</span> <span class='ocrx_word' id='word_1_260' title='bbox 477 2185 586 2233; x_wconf 93' lang='lat' dir='ltr'>quod</span> <span class='ocrx_word' id='word_1_261' title='bbox 601 2185 639 2222; x_wconf 94' lang='lat' dir='ltr'>in</span> <span class='ocrx_word' id='word_1_262' title='bbox 661 2188 744 2223; x_wconf 89' lang='lat' dir='ltr'>toto</span> <span class='ocrx_word' id='word_1_263' title='bbox 765 2194 938 2232; x_wconf 89' lang='lat' dir='ltr'>corpore</span> <span class='ocrx_word' id='word_1_264' title='bbox 954 2182 1237 2223; x_wconf 87' lang='lat' dir='ltr'>calidissimum</span> <span class='ocrx_word' id='word_1_265' title='bbox 1256 2195 1327 2234; x_wconf 92' lang='lat' dir='ltr'>pe-</span> 
     </span>
     <span class='ocr_line' id='line_1_36' title="bbox 48 2240 1365 2289; baseline -0.002 -9"><span class='ocrx_word' id='word_1_266' title='bbox 48 2246 134 2280; x_wconf 86' lang='lat' dir='ltr'>ctus</span> <span class='ocrx_word' id='word_1_267' title='bbox 154 2246 229 2280; x_wconf 90' lang='lat' dir='ltr'>est.</span> <span class='ocrx_word' id='word_1_268' title='bbox 274 2241 422 2289; x_wconf 82' lang='lat' dir='ltr'>Quibus</span> <span class='ocrx_word' id='word_1_269' title='bbox 443 2240 594 2279; x_wconf 86' lang='lat' dir='ltr'>humidi</span> <span class='ocrx_word' id='word_1_270' title='bbox 614 2240 705 2289; x_wconf 87' lang='lat' dir='ltr'>plus</span> <span class='ocrx_word' id='word_1_271' title='bbox 725 2240 848 2287; x_wconf 89' lang='lat' dir='ltr'>inest,</span> <span class='ocrx_word' id='word_1_272' title='bbox 877 2249 1015 2278; x_wconf 91' lang='lat' dir='ltr'>eorum</span> <span class='ocrx_word' id='word_1_273' title='bbox 1034 2240 1222 2288; x_wconf 89' lang='lat' dir='ltr'>paulatim</span> <span class='ocrx_word' id='word_1_274' title='bbox 1241 2247 1324 2278; x_wconf 87' lang='lat' dir='ltr'>cre-</span> <span class='ocrx_word' id='word_1_275' title='bbox 1342 2244 1365 2278; x_wconf 82' lang='lat'>4</span> 
     </span>
    </p>

    <p class='ocr_par' dir='ltr' id='par_1_6' title="bbox 2 2291 1326 2356">
     <span class='ocr_line' id='line_1_37' title="bbox 2 2291 1326 2356; baseline 0.001 -23"><span class='ocrx_word' id='word_1_276' title='bbox 2 2291 28 2356; x_wconf 47' lang='grc' dir='ltr'>ἓἃ</span> <span class='ocrx_word' id='word_1_277' title='bbox 49 2298 124 2335; x_wconf 87' lang='lat' dir='ltr'>scit</span> <span class='ocrx_word' id='word_1_278' title='bbox 142 2297 212 2343; x_wconf 87' lang='lat' dir='ltr'>ira,</span> <span class='ocrx_word' id='word_1_279' title='bbox 233 2297 326 2346; x_wconf 88' lang='lat' dir='ltr'>quia</span> <span class='ocrx_word' id='word_1_280' title='bbox 345 2307 425 2336; x_wconf 92' lang='lat' dir='ltr'>non</span> <span class='ocrx_word' id='word_1_281' title='bbox 445 2302 507 2335; x_wconf 92' lang='lat' dir='ltr'>est</span> <span class='ocrx_word' id='word_1_282' title='bbox 526 2301 690 2345; x_wconf 88' lang='lat' dir='ltr'>paratus</span> <span class='ocrx_word' id='word_1_283' title='bbox 711 2296 788 2334; x_wconf 87' lang='lat' dir='ltr'>illis</span> <span class='ocrx_word' id='word_1_284' title='bbox 809 2295 930 2342; x_wconf 87' lang='lat' dir='ltr'>calor,</span> <span class='ocrx_word' id='word_1_285' title='bbox 959 2295 1030 2333; x_wconf 92' lang='lat' dir='ltr'>sed</span> <span class='ocrx_word' id='word_1_286' title='bbox 1050 2299 1160 2334; x_wconf 86' lang='lat' dir='ltr'>motu</span> <span class='ocrx_word' id='word_1_287' title='bbox 1185 2294 1326 2345; x_wconf 89' lang='lat' dir='ltr'>adqui-</span> 
     </span>
    </p>

    <p class='ocr_par' dir='ltr' id='par_1_7' title="bbox 7 2351 1328 2445">
     <span class='ocr_line' id='line_1_38' title="bbox 7 2351 1328 2445; baseline -0.003 -52"><span class='ocrx_word' id='word_1_288' title='bbox 7 2378 22 2406; x_wconf 49' lang='lat'><em>3</em></span> <span class='ocrx_word' id='word_1_289' title='bbox 47 2353 157 2392; x_wconf 85' lang='lat' dir='ltr'>ritur.</span> <span class='ocrx_word' id='word_1_290' title='bbox 205 2351 339 2400; x_wconf 85' lang='lat' dir='ltr'>itaque</span> <span class='ocrx_word' id='word_1_291' title='bbox 366 2362 579 2401; x_wconf 87' lang='lat' dir='ltr'>puerorum</span> <span class='ocrx_word' id='word_1_292' title='bbox 609 2352 926 2400; x_wconf 85' lang='lat' dir='ltr'>feminarumque</span> <span class='ocrx_word' id='word_1_293' title='bbox 951 2351 1175 2445; x_wconf 69' lang='lat' dir='ltr'>irae5acres</span> <span class='ocrx_word' id='word_1_294' title='bbox 1201 2352 1328 2400; x_wconf 81' lang='lat' dir='ltr'>magis</span> 
     </span>
    </p>

    <p class='ocr_par' dir='ltr' id='par_1_8' title="bbox 10 2411 391 2447">
     <span class='ocr_line' id='line_1_39' title="bbox 10 2411 391 2447; baseline -0.003 -1"><span class='ocrx_word' id='word_1_295' title='bbox 10 2413 28 2437; x_wconf 60' lang='grc' dir='ltr'>’ἲ</span> <span class='ocrx_word' id='word_1_296' title='bbox 104 2421 235 2447; x_wconf 73' lang='lat' dir='ltr'>SENECA</span> <span class='ocrx_word' id='word_1_297' title='bbox 253 2421 344 2447; x_wconf 74' lang='lat' dir='ltr'>prm..</span> <span class='ocrx_word' id='word_1_298' title='bbox 366 2411 391 2446; x_wconf 88' lang='grc' dir='ltr'>Ι.</span> 
     </span>
    </p>
   </div>
  </div>
 </body>
</html>
