<?xml version="1.0" encoding="UTF-8"?>
<!DOCTYPE html PUBLIC "-//W3C//DTD XHTML 1.0 Transitional//EN"
    "http://www.w3.org/TR/xhtml1/DTD/xhtml1-transitional.dtd">
<html xmlns="http://www.w3.org/1999/xhtml" xml:lang="en" lang="en">
 <head>
  <title>
</title>
<meta http-equiv="Content-Type" content="text/html;charset=utf-8" />
  <meta name='ocr-system' content='tesseract 3.04.00' />
  <meta name='ocr-capabilities' content='ocr_page ocr_carea ocr_par ocr_line ocrx_word'/>
</head>
<body>
  <div class='ocr_page' id='page_1' title='image "./operaquaesupersu01seneuoft_0050.png"; bbox 0 0 1624 2626; ppageno 0'>
   <div class='ocr_carea' id='block_1_1' title="bbox 311 195 1203 235">
    <p class='ocr_par' dir='ltr' id='par_1_1' title="bbox 311 195 1203 235">
     <span class='ocr_line' id='line_1_1' title="bbox 311 195 1203 235; baseline 0 0"><span class='ocrx_word' id='word_1_1' title='bbox 311 195 364 235; x_wconf 86' lang='lat'>36</span> <span class='ocrx_word' id='word_1_2' title='bbox 688 195 730 233; x_wconf 89' lang='lat' dir='ltr'>L.</span> <span class='ocrx_word' id='word_1_3' title='bbox 758 195 947 233; x_wconf 89' lang='grc' dir='ltr'><strong>ΑΝΝΑΕΙ</strong></span> <span class='ocrx_word' id='word_1_4' title='bbox 978 195 1203 235; x_wconf 86' lang='lat' dir='ltr'>SENECAE</span> 
     </span>
    </p>
   </div>
   <div class='ocr_carea' id='block_1_2' title="bbox 266 294 1624 2371">
    <p class='ocr_par' dir='ltr' id='par_1_2' title="bbox 311 294 1578 347">
     <span class='ocr_line' id='line_1_2' title="bbox 311 294 1578 347; baseline 0.003 -13"><span class='ocrx_word' id='word_1_5' title='bbox 311 306 453 344; x_wconf 84' lang='lat' dir='ltr'>agens,</span> <span class='ocrx_word' id='word_1_6' title='bbox 488 294 605 334; x_wconf 78' lang='lat' dir='ltr'>foeda</span> <span class='ocrx_word' id='word_1_7' title='bbox 623 295 713 333; x_wconf 91' lang='lat' dir='ltr'>visu</span> <span class='ocrx_word' id='word_1_8' title='bbox 741 301 778 334; x_wconf 89' lang='lat' dir='ltr'>et</span> <span class='ocrx_word' id='word_1_9' title='bbox 809 296 1007 335; x_wconf 84' lang='lat' dir='ltr'>horrenda</span> <span class='ocrx_word' id='word_1_10' title='bbox 1039 297 1162 336; x_wconf 87' lang='lat' dir='ltr'>facies</span> <span class='ocrx_word' id='word_1_11' title='bbox 1196 298 1497 347; x_wconf 79' lang='lat' dir='ltr'>depravantium</span> <span class='ocrx_word' id='word_1_12' title='bbox 1532 311 1578 338; x_wconf 91' lang='lat' dir='ltr'>se</span> 
     </span>
    </p>

    <p class='ocr_par' dir='ltr' id='par_1_3' title="bbox 272 350 1578 674">
     <span class='ocr_line' id='line_1_3' title="bbox 272 350 1576 400; baseline 0.004 -12"><span class='ocrx_word' id='word_1_13' title='bbox 272 356 292 388; x_wconf 83' lang='lat'>5</span> <span class='ocrx_word' id='word_1_14' title='bbox 310 357 426 398; x_wconf 88' lang='lat' dir='ltr'>atque</span> <span class='ocrx_word' id='word_1_15' title='bbox 446 350 797 388; x_wconf 82' lang='lat' dir='ltr'>intumescentium.</span> <span class='ocrx_word' id='word_1_16' title='bbox 851 351 1013 389; x_wconf 88' lang='lat' dir='ltr'>Nescias</span> <span class='ocrx_word' id='word_1_17' title='bbox 1043 356 1167 390; x_wconf 88' lang='lat' dir='ltr'>utrum</span> <span class='ocrx_word' id='word_1_18' title='bbox 1195 354 1320 400; x_wconf 80' lang='lat' dir='ltr'>magis</span> <span class='ocrx_word' id='word_1_19' title='bbox 1345 354 1576 393; x_wconf 84' lang='lat' dir='ltr'>detestabile</span> 
     </span>
     <span class='ocr_line' id='line_1_4' title="bbox 308 405 1577 449; baseline 0.004 -7"><span class='ocrx_word' id='word_1_20' title='bbox 308 406 442 443; x_wconf 84' lang='lat' dir='ltr'>vitium</span> <span class='ocrx_word' id='word_1_21' title='bbox 462 406 512 443; x_wconf 90' lang='lat' dir='ltr'>sit</span> <span class='ocrx_word' id='word_1_22' title='bbox 528 415 576 442; x_wconf 88' lang='lat' dir='ltr'>an</span> <span class='ocrx_word' id='word_1_23' title='bbox 597 405 786 443; x_wconf 79' lang='lat' dir='ltr'><strong>deforme.</strong></span> <span class='ocrx_word' id='word_1_24' title='bbox 830 410 960 443; x_wconf 86' lang='lat' dir='ltr'>cetera</span> <span class='ocrx_word' id='word_1_25' title='bbox 987 405 1077 447; x_wconf 85' lang='lat' dir='ltr'>licet</span> <span class='ocrx_word' id='word_1_26' title='bbox 1101 407 1350 449; x_wconf 78' lang='lat' dir='ltr'>abscondere</span> <span class='ocrx_word' id='word_1_27' title='bbox 1378 413 1416 446; x_wconf 92' lang='lat' dir='ltr'>et</span> <span class='ocrx_word' id='word_1_28' title='bbox 1441 409 1480 447; x_wconf 91' lang='lat' dir='ltr'>in</span> <span class='ocrx_word' id='word_1_29' title='bbox 1509 410 1577 447; x_wconf 88' lang='lat' dir='ltr'>ab-</span> 
     </span>
     <span class='ocr_line' id='line_1_5' title="bbox 308 459 1575 511; baseline 0.003 -14"><span class='ocrx_word' id='word_1_30' title='bbox 308 459 390 499; x_wconf 90' lang='lat' dir='ltr'>dito</span> <span class='ocrx_word' id='word_1_31' title='bbox 412 461 537 497; x_wconf 82' lang='lat' dir='ltr'>alere:</span> <span class='ocrx_word' id='word_1_32' title='bbox 559 459 616 497; x_wconf 89' lang='lat' dir='ltr'>ira</span> <span class='ocrx_word' id='word_1_33' title='bbox 636 470 681 498; x_wconf 91' lang='lat' dir='ltr'>se</span> <span class='ocrx_word' id='word_1_34' title='bbox 699 461 849 508; x_wconf 80' lang='lat' dir='ltr'>profert</span> <span class='ocrx_word' id='word_1_35' title='bbox 868 465 904 498; x_wconf 90' lang='lat' dir='ltr'>et</span> <span class='ocrx_word' id='word_1_36' title='bbox 923 460 962 498; x_wconf 86' lang='lat' dir='ltr'>in</span> <span class='ocrx_word' id='word_1_37' title='bbox 984 461 1120 499; x_wconf 77' lang='lat' dir='ltr'>faciem</span> <span class='ocrx_word' id='word_1_38' title='bbox 1141 462 1222 500; x_wconf 90' lang='lat' dir='ltr'>exit</span> <span class='ocrx_word' id='word_1_39' title='bbox 1248 468 1476 511; x_wconf 86' lang='lat' dir='ltr'>quantoque</span> <span class='ocrx_word' id='word_1_40' title='bbox 1496 474 1575 501; x_wconf 89' lang='lat' dir='ltr'>ma-</span> 
     </span>
     <span class='ocr_line' id='line_1_6' title="bbox 308 513 1578 560; baseline 0.002 -8"><span class='ocrx_word' id='word_1_41' title='bbox 308 513 386 560; x_wconf 88' lang='lat' dir='ltr'>ior,</span> <span class='ocrx_word' id='word_1_42' title='bbox 416 514 491 552; x_wconf 90' lang='lat' dir='ltr'>hoc</span> <span class='ocrx_word' id='word_1_43' title='bbox 512 513 736 553; x_wconf 85' lang='lat' dir='ltr'>effervescit</span> <span class='ocrx_word' id='word_1_44' title='bbox 763 514 1020 553; x_wconf 78' lang='lat' dir='ltr'>manifestius.</span> <span class='ocrx_word' id='word_1_45' title='bbox 1066 516 1152 554; x_wconf 92' lang='lat' dir='ltr'>Non</span> <span class='ocrx_word' id='word_1_46' title='bbox 1187 517 1300 555; x_wconf 88' lang='lat' dir='ltr'>vides</span> <span class='ocrx_word' id='word_1_47' title='bbox 1331 523 1374 556; x_wconf 89' lang='lat' dir='ltr'>ut</span> <span class='ocrx_word' id='word_1_48' title='bbox 1405 517 1578 556; x_wconf 90' lang='lat' dir='ltr'>omnium</span> 
     </span>
     <span class='ocr_line' id='line_1_7' title="bbox 307 568 1578 620; baseline 0.002 -14"><span class='ocrx_word' id='word_1_49' title='bbox 307 568 549 615; x_wconf 89' lang='lat' dir='ltr'>animalium,</span> <span class='ocrx_word' id='word_1_50' title='bbox 583 569 697 607; x_wconf 91' lang='lat' dir='ltr'>simul</span> <span class='ocrx_word' id='word_1_51' title='bbox 724 569 774 607; x_wconf 88' lang='lat' dir='ltr'>ad</span> <span class='ocrx_word' id='word_1_52' title='bbox 795 570 1015 608; x_wconf 89' lang='lat' dir='ltr'>nocendum</span> <span class='ocrx_word' id='word_1_53' title='bbox 1037 570 1355 620; x_wconf 86' lang='lat' dir='ltr'>insurrexerunt,</span> <span class='ocrx_word' id='word_1_54' title='bbox 1392 583 1578 620; x_wconf 88' lang='lat' dir='ltr'>praecur-</span> 
     </span>
     <span class='ocr_line' id='line_1_8' title="bbox 306 625 1574 674; baseline 0.003 -14"><span class='ocrx_word' id='word_1_55' title='bbox 306 629 394 662; x_wconf 85' lang='lat' dir='ltr'>rant</span> <span class='ocrx_word' id='word_1_56' title='bbox 413 628 530 662; x_wconf 87' lang='lat' dir='ltr'>notae</span> <span class='ocrx_word' id='word_1_57' title='bbox 551 634 597 661; x_wconf 90' lang='lat' dir='ltr'>ac</span> <span class='ocrx_word' id='word_1_58' title='bbox 617 629 697 661; x_wconf 86' lang='lat' dir='ltr'>tota</span> <span class='ocrx_word' id='word_1_59' title='bbox 718 634 887 671; x_wconf 84' lang='lat' dir='ltr'>corpora</span> <span class='ocrx_word' id='word_1_60' title='bbox 908 625 1065 663; x_wconf 90' lang='lat' dir='ltr'>solitum</span> <span class='ocrx_word' id='word_1_61' title='bbox 1087 626 1341 674; x_wconf 81' lang='lat' dir='ltr'>quietumque</span> <span class='ocrx_word' id='word_1_62' title='bbox 1369 627 1574 674; x_wconf 82' lang='lat' dir='ltr'>egredian-</span> 
     </span>
    </p>

    <p class='ocr_par' dir='ltr' id='par_1_4' title="bbox 269 678 1577 1003">
     <span class='ocr_line' id='line_1_9' title="bbox 269 678 1574 730; baseline 0.004 -15"><span class='ocrx_word' id='word_1_63' title='bbox 269 680 290 714; x_wconf 87' lang='lat'><strong>6</strong></span> <span class='ocrx_word' id='word_1_64' title='bbox 306 682 366 716; x_wconf 91' lang='lat' dir='ltr'>tur</span> <span class='ocrx_word' id='word_1_65' title='bbox 387 678 556 716; x_wconf 87' lang='lat' dir='ltr'>habitum</span> <span class='ocrx_word' id='word_1_66' title='bbox 577 684 614 716; x_wconf 85' lang='lat' dir='ltr'>et</span> <span class='ocrx_word' id='word_1_67' title='bbox 634 680 822 717; x_wconf 83' lang='lat' dir='ltr'>feritatem</span> <span class='ocrx_word' id='word_1_68' title='bbox 845 690 956 717; x_wconf 85' lang='lat' dir='ltr'>suam</span> <span class='ocrx_word' id='word_1_69' title='bbox 976 686 1239 728; x_wconf 72' lang='lat' dir='ltr'>exasperent?</span> <span class='ocrx_word' id='word_1_70' title='bbox 1267 687 1451 730; x_wconf 81' lang='lat' dir='ltr'>spumant</span> <span class='ocrx_word' id='word_1_71' title='bbox 1467 682 1574 730; x_wconf 85' lang='lat' dir='ltr'>apris</span> 
     </span>
     <span class='ocr_line' id='line_1_10' title="bbox 306 733 1577 781; baseline 0.004 -11"><span class='ocrx_word' id='word_1_72' title='bbox 306 743 394 780; x_wconf 89' lang='lat' dir='ltr'>ora,</span> <span class='ocrx_word' id='word_1_73' title='bbox 432 733 570 771; x_wconf 90' lang='lat' dir='ltr'>dentes</span> <span class='ocrx_word' id='word_1_74' title='bbox 591 738 784 771; x_wconf 86' lang='lat' dir='ltr'>acuuntur</span> <span class='ocrx_word' id='word_1_75' title='bbox 805 734 964 781; x_wconf 88' lang='lat' dir='ltr'>adtritu,</span> <span class='ocrx_word' id='word_1_76' title='bbox 995 739 1194 773; x_wconf 88' lang='lat' dir='ltr'>taurorum</span> <span class='ocrx_word' id='word_1_77' title='bbox 1215 746 1365 775; x_wconf 85' lang='lat' dir='ltr'>cornua</span> <span class='ocrx_word' id='word_1_78' title='bbox 1384 737 1577 775; x_wconf 87' lang='lat' dir='ltr'>iactantur</span> 
     </span>
     <span class='ocr_line' id='line_1_11' title="bbox 305 788 1576 838; baseline 0.003 -13"><span class='ocrx_word' id='word_1_79' title='bbox 305 788 343 825; x_wconf 91' lang='lat' dir='ltr'>in</span> <span class='ocrx_word' id='word_1_80' title='bbox 365 798 530 826; x_wconf 89' lang='lat' dir='ltr'>vacuum</span> <span class='ocrx_word' id='word_1_81' title='bbox 554 793 591 825; x_wconf 92' lang='lat' dir='ltr'>et</span> <span class='ocrx_word' id='word_1_82' title='bbox 610 798 730 826; x_wconf 88' lang='lat' dir='ltr'>arena</span> <span class='ocrx_word' id='word_1_83' title='bbox 758 789 877 836; x_wconf 89' lang='lat' dir='ltr'>pulsu</span> <span class='ocrx_word' id='word_1_84' title='bbox 905 789 1049 837; x_wconf 90' lang='lat' dir='ltr'>pedum</span> <span class='ocrx_word' id='word_1_85' title='bbox 1077 791 1294 838; x_wconf 82' lang='lat' dir='ltr'>spargitur,</span> <span class='ocrx_word' id='word_1_86' title='bbox 1329 792 1465 829; x_wconf 89' lang='lat' dir='ltr'>leones</span> <span class='ocrx_word' id='word_1_87' title='bbox 1500 792 1576 829; x_wconf 86' lang='lat' dir='ltr'>sre-</span> 
     </span>
     <span class='ocr_line' id='line_1_12' title="bbox 304 841 1574 892; baseline 0.003 -12"><span class='ocrx_word' id='word_1_88' title='bbox 304 848 432 889; x_wconf 86' lang='lat' dir='ltr'>munt,</span> <span class='ocrx_word' id='word_1_89' title='bbox 453 841 638 880; x_wconf 77' lang='lat' dir='ltr'>inflantur</span> <span class='ocrx_word' id='word_1_90' title='bbox 656 843 821 881; x_wconf 84' lang='lat' dir='ltr'>inritatis</span> <span class='ocrx_word' id='word_1_91' title='bbox 843 845 945 881; x_wconf 86' lang='lat' dir='ltr'>colla</span> <span class='ocrx_word' id='word_1_92' title='bbox 965 844 1236 892; x_wconf 86' lang='lat' dir='ltr'>serpentibus,</span> <span class='ocrx_word' id='word_1_93' title='bbox 1264 845 1490 883; x_wconf 87' lang='lat' dir='ltr'>rabidarum</span> <span class='ocrx_word' id='word_1_94' title='bbox 1511 857 1574 884; x_wconf 89' lang='lat' dir='ltr'>ca-</span> 
     </span>
     <span class='ocr_line' id='line_1_13' title="bbox 306 897 1576 945; baseline 0.003 -11"><span class='ocrx_word' id='word_1_95' title='bbox 306 908 398 935; x_wconf 92' lang='lat' dir='ltr'>num</span> <span class='ocrx_word' id='word_1_96' title='bbox 417 897 537 935; x_wconf 90' lang='lat' dir='ltr'>tristis</span> <span class='ocrx_word' id='word_1_97' title='bbox 560 897 775 945; x_wconf 87' lang='lat' dir='ltr'>adspectus</span> <span class='ocrx_word' id='word_1_98' title='bbox 797 903 875 936; x_wconf 91' lang='lat' dir='ltr'>est:</span> <span class='ocrx_word' id='word_1_99' title='bbox 906 899 1054 936; x_wconf 89' lang='lat' dir='ltr'>nullum</span> <span class='ocrx_word' id='word_1_100' title='bbox 1075 903 1136 937; x_wconf 87' lang='lat' dir='ltr'>est</span> <span class='ocrx_word' id='word_1_101' title='bbox 1154 900 1296 937; x_wconf 87' lang='lat' dir='ltr'>animal</span> <span class='ocrx_word' id='word_1_102' title='bbox 1316 904 1394 938; x_wconf 78' lang='lat' dir='ltr'>tam</span> <span class='ocrx_word' id='word_1_103' title='bbox 1413 900 1576 939; x_wconf 83' lang='lat' dir='ltr'>horren-</span> 
     </span>
     <span class='ocr_line' id='line_1_14' title="bbox 307 952 1574 1003; baseline 0.003 -14"><span class='ocrx_word' id='word_1_104' title='bbox 307 952 397 989; x_wconf 89' lang='lat' dir='ltr'>dum</span> <span class='ocrx_word' id='word_1_105' title='bbox 417 957 576 1000; x_wconf 89' lang='lat' dir='ltr'>tamque</span> <span class='ocrx_word' id='word_1_106' title='bbox 596 952 861 999; x_wconf 87' lang='lat' dir='ltr'>perniciosum</span> <span class='ocrx_word' id='word_1_107' title='bbox 882 958 1038 1000; x_wconf 83' lang='lat' dir='ltr'>natura,</span> <span class='ocrx_word' id='word_1_108' title='bbox 1065 959 1107 992; x_wconf 89' lang='lat' dir='ltr'>ut</span> <span class='ocrx_word' id='word_1_109' title='bbox 1127 965 1206 992; x_wconf 91' lang='lat' dir='ltr'>non</span> <span class='ocrx_word' id='word_1_110' title='bbox 1227 955 1417 1002; x_wconf 79' lang='lat' dir='ltr'>adpareat</span> <span class='ocrx_word' id='word_1_111' title='bbox 1436 955 1474 992; x_wconf 91' lang='lat' dir='ltr'>in</span> <span class='ocrx_word' id='word_1_112' title='bbox 1495 956 1574 1003; x_wconf 88' lang='lat' dir='ltr'>illo,</span> 
     </span>
    </p>

    <p class='ocr_par' dir='ltr' id='par_1_5' title="bbox 270 1005 1575 1328">
     <span class='ocr_line' id='line_1_15' title="bbox 270 1005 1575 1056; baseline 0.002 -11"><span class='ocrx_word' id='word_1_113' title='bbox 270 1011 289 1046; x_wconf 85' lang='lat'>7</span> <span class='ocrx_word' id='word_1_114' title='bbox 307 1006 422 1044; x_wconf 82' lang='lat' dir='ltr'>simul</span> <span class='ocrx_word' id='word_1_115' title='bbox 442 1006 501 1044; x_wconf 87' lang='lat' dir='ltr'>ira</span> <span class='ocrx_word' id='word_1_116' title='bbox 519 1005 682 1053; x_wconf 90' lang='lat' dir='ltr'>invasit,</span> <span class='ocrx_word' id='word_1_117' title='bbox 704 1017 809 1044; x_wconf 87' lang='lat' dir='ltr'>nova</span> <span class='ocrx_word' id='word_1_118' title='bbox 829 1007 992 1045; x_wconf 86' lang='lat' dir='ltr'>feritatis</span> <span class='ocrx_word' id='word_1_119' title='bbox 1015 1009 1207 1047; x_wconf 83' lang='lat' dir='ltr'>accessio.</span> <span class='ocrx_word' id='word_1_120' title='bbox 1252 1009 1332 1046; x_wconf 90' lang='lat' dir='ltr'>Nec</span> <span class='ocrx_word' id='word_1_121' title='bbox 1353 1011 1491 1056; x_wconf 82' lang='lat' dir='ltr'>ignoro</span> <span class='ocrx_word' id='word_1_122' title='bbox 1513 1021 1575 1048; x_wconf 90' lang='lat' dir='ltr'>ce-</span> 
     </span>
     <span class='ocr_line' id='line_1_16' title="bbox 304 1061 1573 1112; baseline 0.004 -14"><span class='ocrx_word' id='word_1_123' title='bbox 304 1067 410 1099; x_wconf 89' lang='lat' dir='ltr'>teros</span> <span class='ocrx_word' id='word_1_124' title='bbox 433 1071 594 1109; x_wconf 86' lang='lat' dir='ltr'>quoque</span> <span class='ocrx_word' id='word_1_125' title='bbox 614 1061 795 1099; x_wconf 80' lang='lat' dir='ltr'>adfectus</span> <span class='ocrx_word' id='word_1_126' title='bbox 815 1062 882 1099; x_wconf 89' lang='lat' dir='ltr'>vix</span> <span class='ocrx_word' id='word_1_127' title='bbox 903 1062 1101 1109; x_wconf 85' lang='lat' dir='ltr'>occultari,</span> <span class='ocrx_word' id='word_1_128' title='bbox 1125 1062 1326 1101; x_wconf 86' lang='lat' dir='ltr'>libidinem</span> <span class='ocrx_word' id='word_1_129' title='bbox 1346 1068 1573 1112; x_wconf 88' lang='lat' dir='ltr'>metumque</span> 
     </span>
     <span class='ocr_line' id='line_1_17' title="bbox 303 1115 1575 1166; baseline 0.004 -14"><span class='ocrx_word' id='word_1_130' title='bbox 303 1120 342 1153; x_wconf 90' lang='lat' dir='ltr'>et</span> <span class='ocrx_word' id='word_1_131' title='bbox 368 1115 575 1153; x_wconf 81' lang='lat' dir='ltr'>audaciam</span> <span class='ocrx_word' id='word_1_132' title='bbox 607 1116 702 1153; x_wconf 87' lang='lat' dir='ltr'>dare</span> <span class='ocrx_word' id='word_1_133' title='bbox 729 1116 791 1154; x_wconf 92' lang='lat' dir='ltr'>sui</span> <span class='ocrx_word' id='word_1_134' title='bbox 819 1116 933 1163; x_wconf 78' lang='lat' dir='ltr'>signa</span> <span class='ocrx_word' id='word_1_135' title='bbox 960 1121 998 1154; x_wconf 89' lang='lat' dir='ltr'>et</span> <span class='ocrx_word' id='word_1_136' title='bbox 1025 1127 1147 1165; x_wconf 88' lang='lat' dir='ltr'>posse</span> <span class='ocrx_word' id='word_1_137' title='bbox 1175 1119 1399 1165; x_wconf 84' lang='lat' dir='ltr'>praenosci.</span> <span class='ocrx_word' id='word_1_138' title='bbox 1443 1130 1575 1166; x_wconf 91' lang='lat' dir='ltr'>neque</span> 
     </span>
     <span class='ocr_line' id='line_1_18' title="bbox 303 1169 1572 1222; baseline 0.004 -15"><span class='ocrx_word' id='word_1_139' title='bbox 303 1171 404 1208; x_wconf 90' lang='lat' dir='ltr'>enim</span> <span class='ocrx_word' id='word_1_140' title='bbox 425 1171 505 1208; x_wconf 88' lang='lat' dir='ltr'>ulla</span> <span class='ocrx_word' id='word_1_141' title='bbox 522 1169 792 1209; x_wconf 88' lang='lat' dir='ltr'>vehementior</span> <span class='ocrx_word' id='word_1_142' title='bbox 811 1171 910 1209; x_wconf 89' lang='lat' dir='ltr'>intra</span> <span class='ocrx_word' id='word_1_143' title='bbox 931 1171 1114 1218; x_wconf 80' lang='lat' dir='ltr'>cogitatio</span> <span class='ocrx_word' id='word_1_144' title='bbox 1136 1172 1238 1222; x_wconf 86' lang='lat' dir='ltr'>[est],</span> <span class='ocrx_word' id='word_1_145' title='bbox 1260 1184 1363 1220; x_wconf 89' lang='lat' dir='ltr'>quae</span> <span class='ocrx_word' id='word_1_146' title='bbox 1379 1173 1473 1212; x_wconf 89' lang='lat' dir='ltr'>nihil</span> <span class='ocrx_word' id='word_1_147' title='bbox 1490 1185 1572 1212; x_wconf 90' lang='lat' dir='ltr'>mo—</span> 
     </span>
     <span class='ocr_line' id='line_1_19' title="bbox 301 1225 1573 1275; baseline 0.003 -13"><span class='ocrx_word' id='word_1_148' title='bbox 301 1230 393 1263; x_wconf 84' lang='lat' dir='ltr'>veat</span> <span class='ocrx_word' id='word_1_149' title='bbox 412 1225 450 1262; x_wconf 93' lang='lat' dir='ltr'>in</span> <span class='ocrx_word' id='word_1_150' title='bbox 470 1226 590 1263; x_wconf 89' lang='lat' dir='ltr'>voltu.</span> <span class='ocrx_word' id='word_1_151' title='bbox 635 1225 729 1273; x_wconf 90' lang='lat' dir='ltr'>quid</span> <span class='ocrx_word' id='word_1_152' title='bbox 749 1235 843 1273; x_wconf 83' lang='lat' dir='ltr'>ergo</span> <span class='ocrx_word' id='word_1_153' title='bbox 863 1225 1052 1265; x_wconf 68' lang='lat' dir='ltr'>interest?</span> <span class='ocrx_word' id='word_1_154' title='bbox 1088 1227 1196 1275; x_wconf 91' lang='lat' dir='ltr'>quod</span> <span class='ocrx_word' id='word_1_155' title='bbox 1215 1228 1278 1266; x_wconf 85' lang='lat' dir='ltr'>alii</span> <span class='ocrx_word' id='word_1_156' title='bbox 1298 1228 1478 1266; x_wconf 79' lang='lat' dir='ltr'>adfectus</span> <span class='ocrx_word' id='word_1_157' title='bbox 1503 1229 1573 1266; x_wconf 89' lang='lat' dir='ltr'>ad-</span> 
     </span>
     <span class='ocr_line' id='line_1_20' title="bbox 305 1279 716 1328; baseline 0 -11"><span class='ocrx_word' id='word_1_158' title='bbox 305 1283 455 1328; x_wconf 84' lang='lat' dir='ltr'>parent,</span> <span class='ocrx_word' id='word_1_159' title='bbox 476 1279 541 1318; x_wconf 86' lang='lat' dir='ltr'>hic</span> <span class='ocrx_word' id='word_1_160' title='bbox 561 1279 716 1318; x_wconf 88' lang='lat' dir='ltr'>eminet.</span> 
     </span>
    </p>

    <p class='ocr_par' dir='ltr' id='par_1_6' title="bbox 270 1334 1572 1657">
     <span class='ocr_line' id='line_1_21' title="bbox 270 1334 1572 1386; baseline -0.001 -10"><span class='ocrx_word' id='word_1_161' title='bbox 270 1342 286 1376; x_wconf 88' lang='lat'><em>1</em></span> <span class='ocrx_word' id='word_1_162' title='bbox 383 1335 429 1373; x_wconf 92' lang='grc' dir='ltr'>ΙΙ.</span> <span class='ocrx_word' id='word_1_163' title='bbox 458 1337 538 1373; x_wconf 85' lang='lat' dir='ltr'>Iam</span> <span class='ocrx_word' id='word_1_164' title='bbox 559 1345 652 1373; x_wconf 87' lang='lat' dir='ltr'>vero</span> <span class='ocrx_word' id='word_1_165' title='bbox 675 1336 708 1373; x_wconf 91' lang='lat' dir='ltr'>si</span> <span class='ocrx_word' id='word_1_166' title='bbox 729 1334 895 1373; x_wconf 85' lang='lat' dir='ltr'>effectus</span> <span class='ocrx_word' id='word_1_167' title='bbox 925 1335 1010 1373; x_wconf 87' lang='lat' dir='ltr'>eius</span> <span class='ocrx_word' id='word_1_168' title='bbox 1039 1336 1262 1384; x_wconf 88' lang='lat' dir='ltr'>damnaque</span> <span class='ocrx_word' id='word_1_169' title='bbox 1290 1336 1431 1375; x_wconf 87' lang='lat' dir='ltr'>intueri</span> <span class='ocrx_word' id='word_1_170' title='bbox 1462 1338 1572 1386; x_wconf 84' lang='lat' dir='ltr'>velis,</span> 
     </span>
     <span class='ocr_line' id='line_1_22' title="bbox 305 1390 1569 1438; baseline 0.001 -10"><span class='ocrx_word' id='word_1_171' title='bbox 305 1391 409 1428; x_wconf 88' lang='lat' dir='ltr'>nulla</span> <span class='ocrx_word' id='word_1_172' title='bbox 430 1390 553 1438; x_wconf 82' lang='lat' dir='ltr'>pest1s</span> <span class='ocrx_word' id='word_1_173' title='bbox 573 1390 743 1428; x_wconf 90' lang='lat' dir='ltr'>humano</span> <span class='ocrx_word' id='word_1_174' title='bbox 764 1390 898 1438; x_wconf 84' lang='lat' dir='ltr'>generi</span> <span class='ocrx_word' id='word_1_175' title='bbox 919 1391 1041 1438; x_wconf 86' lang='lat' dir='ltr'>pluris</span> <span class='ocrx_word' id='word_1_176' title='bbox 1062 1390 1178 1429; x_wconf 89' lang='lat' dir='ltr'>stetit.</span> <span class='ocrx_word' id='word_1_177' title='bbox 1234 1391 1400 1429; x_wconf 90' lang='lat' dir='ltr'>Videbis</span> <span class='ocrx_word' id='word_1_178' title='bbox 1423 1391 1569 1429; x_wconf 86' lang='lat' dir='ltr'>caedes</span> 
     </span>
     <span class='ocr_line' id='line_1_23' title="bbox 304 1445 1572 1484; baseline 0.001 -2"><span class='ocrx_word' id='word_1_179' title='bbox 304 1455 349 1483; x_wconf 85' lang='lat' dir='ltr'>ac</span> <span class='ocrx_word' id='word_1_180' title='bbox 368 1455 521 1483; x_wconf 81' lang='lat' dir='ltr'>venena</span> <span class='ocrx_word' id='word_1_181' title='bbox 541 1450 579 1482; x_wconf 92' lang='lat' dir='ltr'>et</span> <span class='ocrx_word' id='word_1_182' title='bbox 598 1455 754 1483; x_wconf 88' lang='lat' dir='ltr'>reorum</span> <span class='ocrx_word' id='word_1_183' title='bbox 774 1450 929 1483; x_wconf 87' lang='lat' dir='ltr'>mutuas</span> <span class='ocrx_word' id='word_1_184' title='bbox 958 1446 1099 1483; x_wconf 89' lang='lat' dir='ltr'>sordes</span> <span class='ocrx_word' id='word_1_185' title='bbox 1128 1451 1166 1484; x_wconf 91' lang='lat' dir='ltr'>et</span> <span class='ocrx_word' id='word_1_186' title='bbox 1192 1445 1346 1484; x_wconf 89' lang='lat' dir='ltr'>urbium</span> <span class='ocrx_word' id='word_1_187' title='bbox 1378 1447 1512 1484; x_wconf 84' lang='lat' dir='ltr'>clades</span> <span class='ocrx_word' id='word_1_188' title='bbox 1533 1451 1572 1484; x_wconf 93' lang='lat' dir='ltr'>et</span> 
     </span>
     <span class='ocr_line' id='line_1_24' title="bbox 302 1499 1571 1550; baseline 0 -12"><span class='ocrx_word' id='word_1_189' title='bbox 302 1505 470 1538; x_wconf 89' lang='lat' dir='ltr'>totarum</span> <span class='ocrx_word' id='word_1_190' title='bbox 490 1499 607 1538; x_wconf 87' lang='lat' dir='ltr'>exitia</span> <span class='ocrx_word' id='word_1_191' title='bbox 627 1501 799 1548; x_wconf 81' lang='lat' dir='ltr'>gentium</span> <span class='ocrx_word' id='word_1_192' title='bbox 823 1504 861 1537; x_wconf 88' lang='lat' dir='ltr'>et</span> <span class='ocrx_word' id='word_1_193' title='bbox 882 1500 1101 1548; x_wconf 88' lang='lat' dir='ltr'>principum</span> <span class='ocrx_word' id='word_1_194' title='bbox 1129 1501 1203 1539; x_wconf 91' lang='lat' dir='ltr'>sub</span> <span class='ocrx_word' id='word_1_195' title='bbox 1235 1500 1338 1538; x_wconf 88' lang='lat' dir='ltr'>civili</span> <span class='ocrx_word' id='word_1_196' title='bbox 1367 1501 1480 1538; x_wconf 89' lang='lat' dir='ltr'>hasta</span> <span class='ocrx_word' id='word_1_197' title='bbox 1508 1511 1571 1550; x_wconf 84' lang='lat' dir='ltr'>ca-</span> 
     </span>
     <span class='ocr_line' id='line_1_25' title="bbox 303 1553 1570 1602; baseline 0 -10"><span class='ocrx_word' id='word_1_198' title='bbox 303 1556 384 1602; x_wconf 89' lang='lat' dir='ltr'>pita</span> <span class='ocrx_word' id='word_1_199' title='bbox 401 1554 555 1592; x_wconf 86' lang='lat' dir='ltr'>venalia</span> <span class='ocrx_word' id='word_1_200' title='bbox 575 1560 613 1592; x_wconf 92' lang='lat' dir='ltr'>et</span> <span class='ocrx_word' id='word_1_201' title='bbox 632 1554 831 1593; x_wconf 85' lang='lat' dir='ltr'>subiectas</span> <span class='ocrx_word' id='word_1_202' title='bbox 852 1553 965 1593; x_wconf 86' lang='lat' dir='ltr'>tectis</span> <span class='ocrx_word' id='word_1_203' title='bbox 986 1555 1093 1592; x_wconf 80' lang='lat' dir='ltr'>faces</span> <span class='ocrx_word' id='word_1_204' title='bbox 1115 1565 1188 1593; x_wconf 90' lang='lat' dir='ltr'>nec</span> <span class='ocrx_word' id='word_1_205' title='bbox 1208 1556 1310 1593; x_wconf 87' lang='lat' dir='ltr'>intra</span> <span class='ocrx_word' id='word_1_206' title='bbox 1328 1555 1484 1594; x_wconf 87' lang='lat' dir='ltr'>moenia</span> <span class='ocrx_word' id='word_1_207' title='bbox 1504 1565 1570 1592; x_wconf 90' lang='lat' dir='ltr'>co-</span> 
     </span>
     <span class='ocr_line' id='line_1_26' title="bbox 304 1610 1572 1657; baseline -0.001 -10"><span class='ocrx_word' id='word_1_208' title='bbox 304 1610 447 1648; x_wconf 87' lang='lat' dir='ltr'>ercitos</span> <span class='ocrx_word' id='word_1_209' title='bbox 463 1610 586 1657; x_wconf 84' lang='lat' dir='ltr'>ignes,</span> <span class='ocrx_word' id='word_1_210' title='bbox 608 1610 680 1647; x_wconf 90' lang='lat' dir='ltr'>sed</span> <span class='ocrx_word' id='word_1_211' title='bbox 699 1610 869 1657; x_wconf 86' lang='lat' dir='ltr'>ingentia</span> <span class='ocrx_word' id='word_1_212' title='bbox 889 1610 1018 1657; x_wconf 86' lang='lat' dir='ltr'>spatia</span> <span class='ocrx_word' id='word_1_213' title='bbox 1037 1610 1241 1657; x_wconf 83' lang='lat' dir='ltr'>regionum</span> <span class='ocrx_word' id='word_1_214' title='bbox 1260 1610 1393 1648; x_wconf 88' lang='lat' dir='ltr'>hostili</span> <span class='ocrx_word' id='word_1_215' title='bbox 1414 1610 1572 1648; x_wconf 83' lang='lat' dir='ltr'>flamma</span> 
     </span>
    </p>

    <p class='ocr_par' dir='ltr' id='par_1_7' title="bbox 266 1663 1624 2097">
     <span class='ocr_line' id='line_1_27' title="bbox 266 1663 1571 1712; baseline 0.002 -12"><span class='ocrx_word' id='word_1_216' title='bbox 266 1667 287 1699; x_wconf 81' lang='lat'><strong>2</strong></span> <span class='ocrx_word' id='word_1_217' title='bbox 302 1664 527 1702; x_wconf 82' lang='lat' dir='ltr'>relucentia.</span> <span class='ocrx_word' id='word_1_218' title='bbox 556 1664 733 1712; x_wconf 88' lang='lat' dir='ltr'>Adspice</span> <span class='ocrx_word' id='word_1_219' title='bbox 749 1663 1080 1705; x_wconf 87' lang='lat' dir='ltr'>nobilissimarum</span> <span class='ocrx_word' id='word_1_220' title='bbox 1102 1665 1297 1703; x_wconf 85' lang='lat' dir='ltr'>civitatum</span> <span class='ocrx_word' id='word_1_221' title='bbox 1319 1664 1571 1702; x_wconf 79' lang='lat' dir='ltr'>fundamenta</span> 
     </span>
     <span class='ocr_line' id='line_1_28' title="bbox 304 1718 1571 1767; baseline 0 -11"><span class='ocrx_word' id='word_1_222' title='bbox 304 1720 371 1756; x_wconf 79' lang='lat' dir='ltr'>vix</span> <span class='ocrx_word' id='word_1_223' title='bbox 398 1718 604 1757; x_wconf 85' lang='lat' dir='ltr'>notabilia:</span> <span class='ocrx_word' id='word_1_224' title='bbox 636 1719 709 1758; x_wconf 86' lang='lat' dir='ltr'>has</span> <span class='ocrx_word' id='word_1_225' title='bbox 737 1718 795 1756; x_wconf 88' lang='lat' dir='ltr'>ira</span> <span class='ocrx_word' id='word_1_226' title='bbox 822 1719 974 1757; x_wconf 88' lang='lat' dir='ltr'>deiecit.</span> <span class='ocrx_word' id='word_1_227' title='bbox 1029 1720 1194 1767; x_wconf 85' lang='lat' dir='ltr'>adspice</span> <span class='ocrx_word' id='word_1_228' title='bbox 1231 1719 1463 1758; x_wconf 89' lang='lat' dir='ltr'>solitudines</span> <span class='ocrx_word' id='word_1_229' title='bbox 1499 1729 1571 1767; x_wconf 92' lang='lat' dir='ltr'>per</span> 
     </span>
     <span class='ocr_line' id='line_1_29' title="bbox 304 1773 1568 1813; baseline -0.002 -1"><span class='ocrx_word' id='word_1_230' title='bbox 304 1774 424 1813; x_wconf 87' lang='lat' dir='ltr'>multa</span> <span class='ocrx_word' id='word_1_231' title='bbox 451 1774 556 1811; x_wconf 85' lang='lat' dir='ltr'>milia</span> <span class='ocrx_word' id='word_1_232' title='bbox 583 1773 669 1811; x_wconf 93' lang='lat' dir='ltr'>sine</span> <span class='ocrx_word' id='word_1_233' title='bbox 695 1773 914 1812; x_wconf 88' lang='lat' dir='ltr'>habitatore</span> <span class='ocrx_word' id='word_1_234' title='bbox 947 1774 1145 1813; x_wconf 86' lang='lat' dir='ltr'>desertas:</span> <span class='ocrx_word' id='word_1_235' title='bbox 1178 1774 1250 1812; x_wconf 89' lang='lat' dir='ltr'>has</span> <span class='ocrx_word' id='word_1_236' title='bbox 1283 1775 1340 1811; x_wconf 91' lang='lat' dir='ltr'>ira</span> <span class='ocrx_word' id='word_1_237' title='bbox 1373 1774 1568 1812; x_wconf 83' lang='lat' dir='ltr'>exhausit.</span> 
     </span>
     <span class='ocr_line' id='line_1_30' title="bbox 304 1828 1568 1877; baseline -0.002 -10"><span class='ocrx_word' id='word_1_238' title='bbox 304 1828 469 1877; x_wconf 83' lang='lat' dir='ltr'>adspice</span> <span class='ocrx_word' id='word_1_239' title='bbox 486 1832 544 1867; x_wconf 92' lang='lat' dir='ltr'>tot</span> <span class='ocrx_word' id='word_1_240' title='bbox 562 1828 774 1868; x_wconf 82' lang='lat' dir='ltr'>memoriae</span> <span class='ocrx_word' id='word_1_241' title='bbox 795 1829 976 1876; x_wconf 88' lang='lat' dir='ltr'>proditos</span> <span class='ocrx_word' id='word_1_242' title='bbox 997 1830 1140 1875; x_wconf 88' lang='lat' dir='ltr'>duces,</span> <span class='ocrx_word' id='word_1_243' title='bbox 1170 1828 1259 1866; x_wconf 86' lang='lat' dir='ltr'>mali</span> <span class='ocrx_word' id='word_1_244' title='bbox 1279 1830 1461 1876; x_wconf 83' lang='lat' dir='ltr'>exempla</span> <span class='ocrx_word' id='word_1_245' title='bbox 1482 1829 1568 1866; x_wconf 78' lang='lat' dir='ltr'>fati:</span> 
     </span>
     <span class='ocr_line' id='line_1_31' title="bbox 304 1882 1569 1931; baseline -0.001 -10"><span class='ocrx_word' id='word_1_246' title='bbox 304 1885 420 1922; x_wconf 82' lang='lat' dir='ltr'>alium</span> <span class='ocrx_word' id='word_1_247' title='bbox 440 1883 499 1921; x_wconf 87' lang='lat' dir='ltr'>ira</span> <span class='ocrx_word' id='word_1_248' title='bbox 515 1882 555 1921; x_wconf 91' lang='lat' dir='ltr'>in</span> <span class='ocrx_word' id='word_1_249' title='bbox 577 1883 693 1922; x_wconf 89' lang='lat' dir='ltr'>cubili</span> <span class='ocrx_word' id='word_1_250' title='bbox 714 1893 786 1921; x_wconf 93' lang='lat' dir='ltr'>suo</span> <span class='ocrx_word' id='word_1_251' title='bbox 810 1884 995 1931; x_wconf 86' lang='lat' dir='ltr'>confodit,</span> <span class='ocrx_word' id='word_1_252' title='bbox 1016 1885 1134 1922; x_wconf 86' lang='lat' dir='ltr'>alium</span> <span class='ocrx_word' id='word_1_253' title='bbox 1152 1883 1250 1921; x_wconf 87' lang='lat' dir='ltr'>intra</span> <span class='ocrx_word' id='word_1_254' title='bbox 1271 1894 1386 1921; x_wconf 88' lang='lat' dir='ltr'>sacra</span> <span class='ocrx_word' id='word_1_255' title='bbox 1406 1893 1569 1921; x_wconf 84' lang='lat' dir='ltr'>mensae</span> 
     </span>
     <span class='ocr_line' id='line_1_32' title="bbox 305 1938 1569 1987; baseline 0.001 -12"><span class='ocrx_word' id='word_1_256' title='bbox 305 1940 389 1976; x_wconf 87' lang='lat' dir='ltr'>iura</span> <span class='ocrx_word' id='word_1_257' title='bbox 415 1939 630 1987; x_wconf 88' lang='lat' dir='ltr'>percussit,</span> <span class='ocrx_word' id='word_1_258' title='bbox 648 1938 764 1976; x_wconf 87' lang='lat' dir='ltr'>aliurn</span> <span class='ocrx_word' id='word_1_259' title='bbox 785 1939 885 1976; x_wconf 89' lang='lat' dir='ltr'>intra</span> <span class='ocrx_word' id='word_1_260' title='bbox 903 1939 1012 1986; x_wconf 83' lang='lat' dir='ltr'>leges</span> <span class='ocrx_word' id='word_1_261' title='bbox 1034 1938 1279 1986; x_wconf 85' lang='lat' dir='ltr'>celebrisque</span> <span class='ocrx_word' id='word_1_262' title='bbox 1299 1939 1569 1986; x_wconf 87' lang='lat' dir='ltr'>spectaculum</span> 
     </span>
     <span class='ocr_line' id='line_1_33' title="bbox 305 1992 1624 2041; baseline 0.001 -11"><span class='ocrx_word' id='word_1_263' title='bbox 305 1993 379 2032; x_wconf 83' lang='lat' dir='ltr'>fori</span> <span class='ocrx_word' id='word_1_264' title='bbox 400 1993 630 2040; x_wconf 87' lang='lat' dir='ltr'>lancinavit,</span> <span class='ocrx_word' id='word_1_265' title='bbox 659 1994 777 2031; x_wconf 86' lang='lat' dir='ltr'>alium</span> <span class='ocrx_word' id='word_1_266' title='bbox 796 1993 864 2031; x_wconf 89' lang='lat' dir='ltr'>filii</span> <span class='ocrx_word' id='word_1_267' title='bbox 884 1993 1095 2041; x_wconf 76' lang='lat' dir='ltr'>parricidIO</span> <span class='ocrx_word' id='word_1_268' title='bbox 1116 1993 1209 2030; x_wconf 87' lang='lat' dir='ltr'>dare</span> <span class='ocrx_word' id='word_1_269' title='bbox 1236 1993 1466 2040; x_wconf 80' lang='lat' dir='ltr'>sanguinem</span> <span class='ocrx_word' id='word_1_270' title='bbox 1486 1992 1566 2031; x_wconf 92' lang='lat' dir='ltr'>ius—</span> <span class='ocrx_word' id='word_1_271' title='bbox 1623 2027 1624 2031; x_wconf 75' lang='grc'>,</span> 
     </span>
     <span class='ocr_line' id='line_1_34' title="bbox 306 2047 1567 2097; baseline 0 -11"><span class='ocrx_word' id='word_1_272' title='bbox 306 2048 365 2095; x_wconf 86' lang='lat' dir='ltr'>sit,</span> <span class='ocrx_word' id='word_1_273' title='bbox 387 2049 504 2086; x_wconf 89' lang='lat' dir='ltr'>alium</span> <span class='ocrx_word' id='word_1_274' title='bbox 524 2049 657 2087; x_wconf 89' lang='lat' dir='ltr'>servili</span> <span class='ocrx_word' id='word_1_275' title='bbox 677 2059 794 2086; x_wconf 90' lang='lat' dir='ltr'>manu</span> <span class='ocrx_word' id='word_1_276' title='bbox 812 2049 983 2096; x_wconf 84' lang='lat' dir='ltr'>regalem</span> <span class='ocrx_word' id='word_1_277' title='bbox 999 2047 1152 2097; x_wconf 88' lang='lat' dir='ltr'>aperire</span> <span class='ocrx_word' id='word_1_278' title='bbox 1175 2047 1368 2094; x_wconf 80' lang='lat' dir='ltr'>iugulum,</span> <span class='ocrx_word' id='word_1_279' title='bbox 1390 2048 1567 2086; x_wconf 71' lang='lat' dir='ltr'>alium‘in</span> 
     </span>
    </p>

    <p class='ocr_par' dir='ltr' id='par_1_8' title="bbox 268 2101 1608 2371">
     <span class='ocr_line' id='line_1_35' title="bbox 268 2101 1566 2150; baseline 0.002 -13"><span class='ocrx_word' id='word_1_280' title='bbox 268 2102 290 2137; x_wconf 81' lang='lat'>3</span> <span class='ocrx_word' id='word_1_281' title='bbox 306 2113 444 2141; x_wconf 89' lang='lat' dir='ltr'>cruces</span> <span class='ocrx_word' id='word_1_282' title='bbox 467 2103 641 2141; x_wconf 86' lang='lat' dir='ltr'>membra</span> <span class='ocrx_word' id='word_1_283' title='bbox 661 2103 881 2141; x_wconf 80' lang='lat' dir='ltr'>diffindere.</span> <span class='ocrx_word' id='word_1_284' title='bbox 925 2108 963 2142; x_wconf 90' lang='lat' dir='ltr'>et</span> <span class='ocrx_word' id='word_1_285' title='bbox 989 2103 1115 2141; x_wconf 87' lang='lat' dir='ltr'>adhuc</span> <span class='ocrx_word' id='word_1_286' title='bbox 1144 2101 1389 2150; x_wconf 80' lang='lat' dir='ltr'>singulorum</span> <span class='ocrx_word' id='word_1_287' title='bbox 1415 2102 1566 2150; x_wconf 83' lang='lat' dir='ltr'>suppli-</span> 
     </span>
     <span class='ocr_line' id='line_1_36' title="bbox 306 2156 1608 2205; baseline -0.002 -10"><span class='ocrx_word' id='word_1_288' title='bbox 306 2158 366 2195; x_wconf 89' lang='lat' dir='ltr'>cia</span> <span class='ocrx_word' id='word_1_289' title='bbox 384 2167 523 2195; x_wconf 86' lang='lat' dir='ltr'>narro:</span> <span class='ocrx_word' id='word_1_290' title='bbox 555 2158 666 2205; x_wconf 86' lang='lat' dir='ltr'>quid,</span> <span class='ocrx_word' id='word_1_291' title='bbox 686 2157 755 2197; x_wconf 86' lang='lat' dir='ltr'>tibi</span> <span class='ocrx_word' id='word_1_292' title='bbox 778 2158 811 2196; x_wconf 85' lang='lat' dir='ltr'>si</span> <span class='ocrx_word' id='word_1_293' title='bbox 830 2158 984 2196; x_wconf 87' lang='lat' dir='ltr'>libuerit</span> <span class='ocrx_word' id='word_1_294' title='bbox 1000 2157 1145 2195; x_wconf 88' lang='lat' dir='ltr'>relictis</span> <span class='ocrx_word' id='word_1_295' title='bbox 1166 2156 1203 2194; x_wconf 91' lang='lat' dir='ltr'>in</span> <span class='ocrx_word' id='word_1_296' title='bbox 1226 2167 1327 2205; x_wconf 88' lang='lat' dir='ltr'>quos</span> <span class='ocrx_word' id='word_1_297' title='bbox 1348 2157 1406 2195; x_wconf 84' lang='lat' dir='ltr'>ira</span> <span class='ocrx_word' id='word_1_298' title='bbox 1424 2157 1566 2198; x_wconf 79' lang='lat' dir='ltr'>viritim</span> <span class='ocrx_word' id='word_1_299' title='bbox 1604 2186 1608 2192; x_wconf 96' lang='lat'>.</span> 
     </span>
     <span class='ocr_line' id='line_1_37' title="bbox 306 2211 1564 2261; baseline -0.002 -11"><span class='ocrx_word' id='word_1_300' title='bbox 306 2212 474 2258; x_wconf 82' lang='lat' dir='ltr'>exarsit,</span> <span class='ocrx_word' id='word_1_301' title='bbox 504 2211 712 2260; x_wconf 87' lang='lat' dir='ltr'>adspicere</span> <span class='ocrx_word' id='word_1_302' title='bbox 733 2223 871 2251; x_wconf 85' lang='lat' dir='ltr'>caesas</span> <span class='ocrx_word' id='word_1_303' title='bbox 891 2211 1019 2261; x_wconf 84' lang='lat' dir='ltr'>gladio</span> <span class='ocrx_word' id='word_1_304' title='bbox 1041 2212 1254 2249; x_wconf 89' lang='lat' dir='ltr'>conciones</span> <span class='ocrx_word' id='word_1_305' title='bbox 1275 2217 1314 2250; x_wconf 90' lang='lat' dir='ltr'>et</span> <span class='ocrx_word' id='word_1_306' title='bbox 1333 2211 1487 2259; x_wconf 89' lang='lat' dir='ltr'>plebem</span> <span class='ocrx_word' id='word_1_307' title='bbox 1508 2211 1564 2248; x_wconf 87' lang='lat' dir='ltr'>in-</span> 
     </span>
     <span class='ocr_line' id='line_1_38' title="bbox 305 2265 1563 2315; baseline -0.002 -10"><span class='ocrx_word' id='word_1_308' title='bbox 305 2268 428 2305; x_wconf 90' lang='lat' dir='ltr'>misso</span> <span class='ocrx_word' id='word_1_309' title='bbox 457 2265 576 2304; x_wconf 90' lang='lat' dir='ltr'>milite</span> <span class='ocrx_word' id='word_1_310' title='bbox 604 2268 912 2306; x_wconf 85' lang='lat' dir='ltr'>contrucidatam</span> <span class='ocrx_word' id='word_1_311' title='bbox 940 2271 978 2305; x_wconf 90' lang='lat' dir='ltr'>et</span> <span class='ocrx_word' id='word_1_312' title='bbox 1001 2267 1040 2304; x_wconf 90' lang='lat' dir='ltr'>in</span> <span class='ocrx_word' id='word_1_313' title='bbox 1067 2266 1280 2313; x_wconf 88' lang='lat' dir='ltr'>perniciem</span> <span class='ocrx_word' id='word_1_314' title='bbox 1298 2266 1563 2315; x_wconf 86' lang='lat' dir='ltr'>promiscuam</span> 
     </span>
     <span class='ocr_line' id='line_1_39' title="bbox 306 2321 1222 2371; baseline -0.002 -10"><span class='ocrx_word' id='word_1_315' title='bbox 306 2327 410 2362; x_wconf 86' lang='lat' dir='ltr'>totos</span> <span class='ocrx_word' id='word_1_316' title='bbox 430 2321 603 2371; x_wconf 86' lang='lat' dir='ltr'>populos</span> <span class='ocrx_word' id='word_1_317' title='bbox 633 2323 770 2371; x_wconf 85' lang='lat' dir='ltr'>capitis</span> <span class='ocrx_word' id='word_1_318' title='bbox 800 2323 942 2361; x_wconf 85' lang='lat' dir='ltr'>damna</span> <span class='ocrx_word' id='word_1_319' title='bbox 969 2331 1115 2370; x_wconf 87' lang='lat' dir='ltr'>passos</span> <span class='ocrx_word' id='word_1_320' title='bbox 1142 2321 1222 2348; x_wconf 83' lang='lat'>***</span> 
     </span>
    </p>
   </div>
  </div>
 </body>
</html>
