1592 2580
334 163 401 202 DE
429 161 710 202 BENEFICIIS
739 162 834 202 LlB.
854 163 922 203 IV.
951 169 1125 205 20—22.
1322 160 1375 204 73

85 267 170 306 vult
188 269 339 305 tantum
365 275 441 303 nec
469 264 592 303 habet
611 264 729 304 huius
751 265 966 305 voluntatis
987 276 1087 305 suae
1105 266 1230 305 ullum
1250 265 1371 304 alium

84 333 202 372 quam
229 331 275 359 se
300 325 456 361 testem.
495 321 621 360 Immo
649 320 820 370 amplius
841 321 1031 359 adiciam:
1066 327 1130 361 est
1152 321 1369 370 aliquando
1393 326 1415 360 5

82 381 220 427 gratus
241 377 358 415 etiam
378 376 446 425 qui
470 375 651 425 ingratus
678 377 856 422 videtur,
888 387 1007 425 quem
1036 378 1143 416 mala
1170 377 1372 432 interpres

82 433 220 482 opinio
256 432 296 471 in
330 432 574 471 contrarium
608 432 781 471 tradidit.
821 431 896 470 Hic
924 433 1021 481 quid
1050 433 1159 472 aliud
1189 433 1373 481 sequitur

81 499 202 539 quam
227 488 360 537 ipsam
388 488 703 527 conscientiam?
741 498 845 537 quae
872 488 989 527 etiam
1017 489 1161 527 obruta
1187 489 1370 535 delectat,

81 554 187 594 quae
214 543 401 583 concioni
429 554 476 582 ac
496 544 626 582 famae
644 544 836 583 reclamat
861 549 901 583 et
918 544 958 582 in
979 555 1026 583 se
1045 545 1180 583 omnia
1198 544 1372 593 reponit,

79 607 119 640 et
134 610 224 639 cum
239 599 440 649 ingentem
456 610 506 638 ex
524 600 647 638 altera
663 605 776 648 parte
791 599 946 638 turbam
963 605 1101 640 contra
1116 599 1371 639 sentientium

80 655 287 705 adspexit,
317 666 397 694 non
422 661 605 695 numerat
632 655 844 704 suffragia,
874 656 948 694 sed
968 667 1046 695 una
1066 655 1265 695 sententia
1286 656 1370 694 vin-

16 715 20 719 '
79 712 151 753 cit.
174 711 218 750 Si
237 722 334 750 vero
354 711 502 750 bonam
522 711 642 750 fidem
660 712 854 760 perfidiae
874 711 1086 760 suppliciis
1106 712 1227 751 adfici
1247 711 1368 758 videt,
1391 722 1413 757 6

79 770 161 806 n'on
183 767 392 806 descendit
413 778 435 806 e
459 767 639 816 fastigio,
669 768 743 806 sed
764 777 889 816 supra
909 778 1081 816 poenam
1102 778 1217 806 suam
1236 767 1369 806 consi—

80 823 166 862 stit:
195 822 382 871 ,‚habe0‚
403 822 551 872 inquit,
575 823 685 872 quod
704 822 834 869 volui,
857 823 969 871 quod
990 824 1104 873 petii:
1134 835 1209 862 nec
1231 823 1370 872 poeni-

79 883 137 917 tet
163 889 238 917 nec
267 875 590 927 poenitebit‘nee
617 879 698 917 ulla
717 878 922 928 iniquitate
942 890 1006 918 me
1030 890 1078 918 eo
1100 881 1260 918 fortuna
1280 889 1371 927 per·

80 935 219 982 ducet,
248 938 292 973 ut
319 934 423 972 hanc
452 945 593 973 vocem
621 935 802 973 audiam:
842 936 938 983 quid
967 935 1061 974 mihi
1097 935 1236 974 volui?
1273 934 1372 983 quid

79 1001 186 1029 nunc
206 989 300 1029 mihi
320 990 489 1039 prodest
506 991 613 1029 bona
635 991 880 1029 voluntas?“
908 991 1078 1030 Prodest
1098 997 1137 1030 et
1155 991 1196 1031 in
1215 991 1369 1035 eculeo,

80 1047 249 1095 prodest
274 1050 314 1084 et
339 1046 379 1084 in
405 1045 510 1094 igne.
551 1047 619 1095 qui
646 1047 682 1085 si
704 1046 874 1094 singulis
897 1047 1087 1085 membris
1108 1048 1371 1085 admoveatur

80 1107 120 1140 et
151 1102 340 1151 paulatim
376 1101 512 1140 vivum
546 1107 700 1151 corpus
731 1101 966 1150 circumeat,
1005 1103 1100 1141 iicet
1130 1103 1266 1151 ipsum
1299 1113 1371 1140 cor

66 1159 243 1206 -plenum
270 1157 377 1196 bona
405 1157 654 1197 conscientia
689 1158 829 1197 stillet:
863 1158 1039 1209 placebit
1058 1157 1114 1196 illi
1142 1159 1268 1207 ignis,
1298 1163 1371 1206 per

80 1223 200 1262 quem
221 1209 329 1251 bona
349 1213 450 1251 fides
471 1213 711 1252 conlucebit.

162 1268 281 1306 XXII.
318 1269 432 1307 Nunc
457 1269 556 1307 illud
586 1279 752 1318 quoque
787 1274 1063 1317 argumentum
1096 1271 1282 1319 quamvis
1311 1269 1368 1308 di-
1392 1283 1411 1316 1

80 1328 186 1363 ctum
210 1325 289 1363 iam
315 1325 550 1363 reducatur:
589 1325 687 1374 quid
715 1329 776 1364 est
806 1336 932 1374 quare
951 1326 1052 1373 grati
1074 1327 1242 1364 velimus
1262 1335 1368 1372 esse,

83 1391 173 1418 oum
200 1380 421 1419 morimur?
450 1391 575 1429 quare
601 1381 849 1429 singulorum
878 1382 1178 1430 perpendamus
1209 1381 1372 1419 officia?

82 1445 207 1483 quare
230 1436 272 1474 id
299 1446 465 1484 agamus
491 1436 530 1476 in
559 1447 716 1475 omnem
748 1438 867 1485 vitam
888 1442 1067 1475 nostram
1090 1437 1282 1475 memoria
1302 1437 1369 1475 de-

81 1494 282 1538 currente,
308 1501 361 1529 ne
388 1492 503 1530 cuius
532 1493 654 1530 officii
674 1493 883 1531 videamur
904 1492 1044 1530 obliti?
1081 1492 1178 1531 nihil
1199 1493 1278 1530 iam
1303 1503 1369 1531 su-

82 1550 238 1594 perest,
271 1557 352 1594 quo
374 1557 470 1595 spes
491 1548 736 1596 porrigatur,
765 1548 805 1586 in
827 1548 893 1586 illo
915 1553 1047 1587 tamen
1066 1549 1229 1587 cardine
1251 1548 1371 1596 positi

82 1601 193 1639 abire
213 1612 235 1639 e
253 1602 377 1640 rebus
397 1602 583 1642 humanis
605 1614 726 1651 quam
746 1604 963 1652 gratissimi
982 1605 1183 1643 volumus.
1221 1604 1294 1643 Est
1315 1605 1370 1642 vi—
1391 1613 1414 1647 2

81 1657 227 1695 delicet
246 1667 391 1706 magna
417 1657 457 1695 in
484 1658 575 1706 ipso
606 1669 731 1707 opere
759 1670 914 1697 merces
941 1660 1000 1697 rei
1028 1665 1067 1698 et
1095 1660 1148 1698 ad
1180 1659 1370 1698 adlicien—

15 1735 25 1747 .
81 1713 154 1751 das
174 1717 328 1751 mentes
349 1712 554 1752 hominum
573 1714 714 1762 ingens
734 1714 894 1753 honesti
914 1716 1111 1763 potentia,
1147 1715 1261 1754 cuius
1283 1716 1370 1763 pul-

81 1768 264 1807 chritudo
297 1768 454 1807 animos
491 1769 773 1815 circumfundit
806 1775 847 1808 et
881 1771 1068 1810 delinitos
1105 1771 1371 1810 admiratione

83 1823 241 1862 luminis
262 1834 309 1861 ac
330 1824 496 1872 fulgoris
518 1825 581 1863 sui
600 1825 716 1873 rapit.
754 1827 809 1864 At
827 1827 951 1864 multa
969 1826 1048 1865 hoc
1064 1826 1276 1865 commoda
1294 1827 1369 1865 ori·
1389 1835 1412 1869 3

79 1883 220 1926 untur,
249 1884 288 1917 et
313 1880 434 1918 tutior
463 1880 570 1931 [est]
590 1881 672 1919 vita
698 1881 930 1920 nielioribus
952 1893 1147 1931 amorque
1168 1887 1208 1920 et
1227 1892 1369 1920 secun-

83 1934 179 1973 dum
206 1935 403 1974 bonorum
431 1935 619 1974 iudicium
648 1942 844 1986 aetasque
872 1938 1074 1983 securior,
1104 1949 1226 1986 quam
1257 1938 1368 1976 inno·

83 1990 231 2037 centia,
264 2002 384 2039 quarn
408 1996 522 2038 grata
551 2001 664 2030 mens
693 1992 960 2041 prosequitur.
1000 1991 1147 2031 suisset
1172 1993 1278 2031 enim
1298 1993 1370 2031 ini—

83 2045 278 2095 quissima
306 2057 440 2085 rerum
474 2052 636 2092 natura,
666 2047 701 2085 si
729 2047 806 2086 hoc
833 2052 982 2086 tantum
1010 2048 1161 2086 bonum
1181 2049 1371 2088 miserum

83 2106 122 2140 et
147 2112 299 2150 anceps
329 2107 368 2140 et
396 2103 530 2141 sterile
569 2102 751 2141 fecisset:
792 2103 866 2141 sed
893 2103 991 2142 illud
1017 2104 1191 2151 intuere,
1230 2115 1282 2142 an
1317 2103 1371 2143 ad

83 2156 198 2196 istam
228 2157 433 2205 virtutem,
464 2169 568 2206 quae
597 2168 722 2206 saepe
749 2163 833 2196 tuto
861 2169 910 2197 ac
936 2159 1052 2197 facile
1081 2160 1222 2206 aditur,
1252 2159 1370 2199 etiam

82 2222 156 2260 per
182 2223 281 2251 saxa
309 2218 349 2252 et
374 2223 498 2261 rupes
528 2218 566 2251 et
593 2214 688 2252 feris
716 2224 763 2251 ac
783 2214 1038 2262 serpentibus
1059 2215 1272 2255 obsessum
1294 2218 1369 2256 iter

83 2268 206 2306 fueris
226 2269 365 2307 iturus.
411 2269 499 2307 Non
520 2269 612 2307 ideo
639 2279 711 2317 per
732 2279 778 2307 se
797 2279 877 2308 non
898 2274 960 2308 est
979 2271 1270 2318 expetendum,
1304 2272 1367 2310 cui
1387 2277 1410 2311 4

85 2322 234 2372 aliquid
269 2328 383 2363 extra
418 2335 582 2373 quoque
619 2325 873 2364 emolumenti
902 2324 1112 2365 adhaeret:
1150 2326 1234 2366 sere
1262 2329 1365 2365 enirn
