1624 2626
0 484 9 506 «ρ
3 468 5 470 .
0 299 12 443 ψ-ῑ--μιψ-,οὴΑ
0 250 9 284 ,ἶ-

302 200 355 242 14
375 201 538 242 DIALJ.
556 204 726 252 QUARE
737 206 929 254 ALIQUA
943 206 1243 246 INCOMMODA
1256 206 1403 246 BONIS
1418 207 1555 246 VIRIS

300 301 350 338 de
370 305 519 340 nostro.
557 301 657 348 Quid
684 306 745 340 est
771 300 863 339 boni
880 300 981 339 viri?
1005 301 1197 349 praebere
1216 301 1372 340 serato.
1407 302 1555 349 grande

299 355 481 394 solatium
509 360 569 394 est
595 366 683 394 cum
708 355 894 394 universo
916 353 1014 402 rapi.
1051 355 1239 403 quicquid
1266 361 1327 394 est
1355 356 1460 404 quod
1480 366 1554 394 nos

298 410 356 446 sic
370 409 524 457 vivere,
548 410 606 448 sic
624 410 722 448 mori
741 410 874 457 iussit,
902 409 1040 447 eadem
1058 410 1292 448 necessitate
1312 415 1350 449 et
1368 410 1465 448 deos
1486 410 1554 448 ad—

295 462 400 510 ligat.
427 462 702 502 inrevocabilis
721 464 890 502 humana
908 464 1052 511 pariter
1071 474 1117 502 ac
1133 463 1265 502 dlvina
1282 474 1421 502 cursus
1437 464 1554 503 vehit.

295 516 358 554 ille
385 518 473 566 ipse
501 519 672 557 omnium
699 519 878 557 conditor
897 522 935 556 et
958 523 1088 556 rector
1107 518 1266 566 scripsit
1285 518 1443 566 quidem
1463 519 1552 565 sata,

258 578 280 613 9
295 572 367 608 sed
389 573 577 620 sequitur.
606 583 763 621 semper
782 577 911 621 paret,
939 572 1062 610 semel
1086 572 1214 611 iussit.
1249 573 1404 620 „Quare
1424 577 1552 610 tamen

294 625 393 664 deus
414 631 493 665 tam
520 627 677 675 iniquus
705 626 744 665 in
765 626 1038 665 distributione
1057 627 1124 665 fati
1144 627 1232 674 fuit,
1263 632 1304 665 ut
1322 626 1437 664 bonis
1459 625 1551 665 viris

293 686 565 728 paupertatem
591 685 629 719 et
655 682 818 719 volnera
844 685 882 719 et
915 680 1059 719 acerba
1085 681 1224 719 funera
1251 680 1551 719 adscriberet?“

290 733 375 772 Non
391 740 522 783 potest
535 735 674 773 artifex
689 741 838 774 mutare
853 734 1071 773 materiam:
1089 734 1166 773 hoc
1185 746 1307 783 passa
1323 739 1394 773 est.
1431 745 1550 783 quae-

291 788 379 826 dam
402 789 578 837 separari
596 800 620 827 a
640 789 876 837 quibusdam
894 800 972 827 non
993 794 1180 837 possunt,
1201 789 1430 835 cohaerent,
1450 789 1548 827 indi—

287 842 409 881 vidua
437 849 545 882 sunt:
573 843 758 891 languida
784 844 941 891 ingenia
966 847 1004 884 et
1029 842 1068 881 in
1088 854 1266 881 somnum
1295 843 1395 881 itura
1420 848 1485 882 aut
1510 844 1549 881 in

287 896 458 943 vigiliam
485 908 624 936 somno
652 898 884 935 simillimam
902 897 1090 936 inertibus
1110 902 1316 936 nectuntur
1335 896 1549 936 elementis.

288 955 330 988 ut
349 952 540 990 efficiatur
553 952 614 989 vir
630 962 717 990 cum
738 962 831 990 cura
851 952 1055 998 dicendus,
1075 951 1234 990 fortiore
1255 953 1332 990 fato
1354 963 1454 1000 opus
1475 956 1548 990 est.

288 1015 367 1043 non
387 1007 458 1044 erit
476 1007 528 1044 illi
548 1006 706 1054 planum
725 1004 808 1044 iter.
845 1016 1003 1044 sursum
1030 1010 1183 1053 oportet
1202 1016 1248 1044 ac
1267 1006 1451 1044 deorsum
1472 1011 1546 1052 eat,

287 1058 496 1099 fluctuetur
516 1071 562 1099 ac
582 1059 779 1108 navigium
799 1060 837 1098 in
857 1060 1013 1098 turbido
1033 1063 1156 1108 regat.
1199 1065 1334 1098 contra
1353 1061 1546 1098 fortunam

287 1113 339 1151 illi
360 1116 550 1153 tenendus
572 1120 632 1154 est
651 1125 803 1153 cursus.
828 1115 947 1152 multa
966 1114 1144 1152 accident
1165 1114 1274 1161 dura,
1295 1124 1448 1161 aspera,
1474 1115 1546 1152 sed

289 1179 391 1215 quae
411 1169 557 1208 molliat
576 1174 614 1208 et
633 1170 842 1217 conplanet
860 1169 960 1217 ipse.
997 1168 1103 1216 Ignis
1130 1179 1268 1206 aurum
1295 1168 1454 1216 probat,
1474 1169 1544 1206 mi-

233 1228 276 1261 10
287 1224 390 1260 seria
414 1224 534 1262 fortes
561 1224 681 1261 viros.
717 1223 820 1261 Vide
842 1233 958 1271 quam
977 1224 1052 1260 alte
1071 1223 1286 1261 escendere
1306 1222 1447 1260 debeat
1467 1222 1542 1260 vir-

286 1281 368 1314 tus:
388 1278 491 1316 scies
512 1279 565 1316 illi
584 1289 663 1316 non
683 1287 755 1325 per
775 1287 915 1315 secura
933 1277 1169 1315 vadendum.

393 1334 530 1370 Ardua
547 1334 679 1381 prima
696 1334 758 1370 via
777 1339 831 1370 est
847 1336 886 1370 et
900 1342 1014 1379 quam
1032 1333 1099 1370 vix
1116 1342 1229 1369 mane
1247 1335 1415 1370 recentes

390 1389 582 1425 enituntur
598 1388 695 1434 equi.
721 1387 843 1424 medio
859 1390 916 1432 est
932 1387 1114 1424 altissima
1132 1388 1250 1431 coelo,

390 1442 492 1479 unde
509 1452 617 1480 mare
634 1445 672 1479 et
688 1444 814 1479 terras
831 1442 908 1488 ipsi
922 1441 1017 1478 mihi
1033 1451 1148 1488 saepe
1165 1441 1294 1478 videre

388 1498 437 1534 sit
454 1498 563 1534 timor
580 1501 616 1534 et
629 1496 775 1543 pavida
795 1495 959 1543 trepidet
970 1494 1180 1541 formidine
1192 1499 1337 1542 pectus.

394 1550 529 1588 Ultima
542 1561 671 1598 prona
688 1551 751 1588 via
768 1553 824 1588 est
839 1553 876 1588 et
892 1553 976 1596 eqet
991 1550 1247 1587 moderamine
1265 1552 1378 1586 certo.

388 1610 477 1642 tunc
494 1606 608 1643 etiam
627 1615 725 1651 quae
743 1614 802 1642 me
819 1604 991 1642 subiectis
1010 1605 1154 1651 excipit
1169 1604 1301 1649 undis,

388 1669 436 1697 ne
450 1659 566 1705 ferar
584 1661 624 1698 in
635 1669 846 1706 praeceps,
872 1658 1006 1706 Tethys
1023 1660 1114 1696 solet
1131 1660 1207 1695 ima
1227 1658 1361 1696 vereri.

229 1717 269 1749 11
282 1712 388 1751 Haec
415 1722 504 1752 cum
533 1713 709 1751 audisset
736 1713 801 1751 ille
833 1722 1052 1760 generosus
1082 1712 1335 1750 adulescens:
1363 1739 1385 1758 „
1397 1710 1536 1758 placet,

279 1765 420 1815 inquit,
445 1767 527 1805 via:
557 1767 743 1806 escendo.
782 1771 842 1806 est
860 1766 953 1806 tanti
974 1776 1046 1814 per
1064 1766 1140 1804 ista
1159 1767 1215 1804 ire
1235 1767 1417 1804 casur0.“
1450 1765 1533 1803 Non

280 1820 421 1860 desinit
439 1832 568 1860 acrem
592 1822 762 1860 animum
781 1825 887 1860 metu
904 1820 1100 1860 territare:

384 1880 498 1924 utque
518 1878 618 1915 viam
639 1881 766 1915 teneas
783 1877 959 1924 nulloque
979 1886 1112 1914 errore
1132 1874 1319 1920 traharis,

378 1941 455 1977 per
473 1935 597 1970 tamen
615 1931 770 1970 adversi
781 1931 977 1978 yradieris
998 1940 1143 1968 cornua
1162 1929 1267 1966 tauri

385 1984 682 2034 Haemoniosque
702 1996 817 2023 arcus
834 1986 1059 2032 violentique
1075 1994 1145 2022 ora
1163 1983 1291 2021 leonis.

275 2037 370 2076 Post
387 2037 486 2076 haec
505 2039 574 2077 ait:
603 2040 758 2087 „lunae
778 2040 885 2078 datos
906 2050 1056 2078 currus.
1091 2037 1152 2075 his
1181 2036 1323 2084 quibus
1346 2035 1532 2074 deterreri

276 2101 338 2129 me
366 2096 501 2139 putas,
529 2093 679 2132 incitor.
714 2094 808 2132 libet
831 2094 909 2131 illic
936 2098 1040 2132 stare
1067 2091 1131 2129 ubi
1150 2091 1237 2138 ipse
1260 2090 1328 2128 Sol
1351 2089 1529 2138 trepidat.

276 2145 430 2184 humilis
450 2150 489 2184 et
509 2146 642 2186 inertis
663 2152 723 2186 est
742 2153 822 2187 tuta
842 2147 1001 2187 sectari:
1021 2155 1092 2194 per
1110 2146 1186 2182 alta
1205 2145 1327 2182 virtus
1348 2144 1414 2182 it.“
1497 2146 1499 2148 ’

238 2206 257 2238 1
353 2201 418 2238 VI.
447 2200 599 2247 „Quare
618 2206 745 2240 tamen
760 2201 875 2241 bonis
889 2202 984 2240 viris
1000 2199 1142 2248 patitur
1155 2199 1303 2246 aliquid
1323 2198 1412 2236 mali
1429 2197 1526 2236 deus

275 2254 411 2292 fieri?“
438 2255 505 2293 Ille
524 2265 619 2294 vero
639 2267 718 2295 non
736 2257 891 2305 patitur.
920 2254 1049 2295 omnia
1067 2253 1169 2291 mala
1188 2254 1236 2291 ab
1257 2253 1331 2291 illis
1351 2251 1525 2298 removit,

277 2310 426 2348 scelera
452 2314 489 2348 et
515 2308 662 2359 flagitia
689 2316 726 2350 et
746 2310 1000 2360 cogitationes
1019 2308 1219 2357 improbas
1240 2313 1278 2346 et
1297 2307 1411 2345 avida
1431 2315 1523 2345 con-
