1592 2580
356 172 541 214 NATUR.
561 173 773 223 QUAEST.
802 175 961 216 LIB.V.
988 182 1044 220 17.
1064 183 1121 220 18.
1296 180 1378 223 267

100 284 161 314 ne
185 275 504 325 suspexerit:
534 286 630 315 non
658 275 786 316 enim
814 287 875 316 ex
901 288 1000 318 una
1018 289 1176 319 causa
1194 287 1376 323 ventos

100 335 184 370 aut
206 330 406 370 invenit
432 336 516 371 aut
543 342 633 381 per
660 332 871 372 diversa
896 333 1180 384 disposuit,
1209 338 1284 376 sed
1298 339 1376 387 pri-

97 397 225 434 mum,
249 392 294 426 ut
320 389 415 425 aera
440 398 520 426 non
549 388 726 427 sinerent
744 388 995 438 pigrescere,
1023 391 1098 430 sed
1116 391 1289 431 adsidua
1307 403 1375 433 ve-

95 441 259 481 xatione
285 442 421 482 utilem
440 443 655 483 redderent
674 444 915 493 vitalemque
933 446 1132 485 tracturis.
1170 446 1316 487 deinde
1334 455 1378 488 ut
1392 456 1414 489 2

96 497 245 536 imbres
274 498 388 537 terris
409 498 754 538 subministrarent
771 499 972 549 iidemque
992 501 1134 540 nimios
1155 512 1375 552 conpesce-

94 558 196 593 rent.
225 564 316 592 nam
336 554 457 592 modo
477 554 682 593 adducunt
699 553 850 604 nubes,
878 556 998 596 modo
1015 556 1226 606 diducunt,
1245 565 1289 598 ut
1303 569 1377 608 per

93 613 218 648 totum
239 609 377 648 orbem
398 610 558 659 pluviae
578 609 702 649 dividi
722 615 906 659 possent:
934 611 972 649 in
995 612 1147 652 Italiam
1168 619 1304 653 auster
1317 615 1374 653 in—

92 664 223 713 pellit,
259 665 394 713 aquilo
422 665 463 703 in
495 665 673 704 Africam
707 665 840 713 reicit,
878 667 1028 706 etesiae
1060 679 1141 707 non
1174 670 1375 717 patiuntur

92 720 203 769 apud
223 730 298 759 nos
315 720 444 760 nubes
461 721 697 760 consistere.
719 720 840 760 iidem
855 726 976 762 totam
991 722 1143 762 Indiam
1158 729 1197 763 et
1211 725 1374 764 Aethio-

91 776 201 824 piam
221 776 420 815 continuis
442 786 514 825 per
529 777 570 815 id
584 782 743 826 tempus
760 777 877 826 aquis
892 778 1075 826 inrigant.
1119 779 1242 827 Quid,
1263 781 1371 829 quod
1388 783 1411 817 3

91 831 230 880 fruges
256 832 410 881 percipi
438 842 519 872 nou
548 836 741 881 possent,
777 832 855 871 nisi
885 833 984 872 flatu
1016 844 1271 882 supervacua
1302 839 1371 883 [et]

90 885 217 926 mixta
242 887 455 927 servandis
481 887 779 936 ventilarentur,
810 898 886 928 nec
904 893 1031 936 esset,
1063 890 1172 938 quod
1196 896 1374 939 segetem

91 942 287 982 excitaret
305 948 345 982 et
362 944 549 982 latentem
567 945 723 993 frugem
741 944 870 993 ruptis
891 945 1124 984 velamentis
1145 945 1242 992 suis,
1268 956 1372 994 quae

91 998 363 1038 folliculos
394 999 596 1047 agricolae
620 1004 787 1046 vocant,
817 1000 1071 1049 adaperiret?
1117 1000 1237 1048 Quid,
1263 1001 1411 1049 quod-1

91 1054 278 1093 omnibus
298 1055 399 1094 inter
419 1065 465 1093 se
480 1055 641 1103 populis
658 1056 939 1094 commercium
954 1055 1065 1094 dedit
1083 1061 1122 1094 et
1135 1060 1274 1104 gentes
1292 1056 1373 1094 dis-

93 1109 246 1158 sipatas
268 1110 368 1149 locis
385 1110 571 1148 miscuit?
595 1111 736 1159 ingens
755 1116 922 1150 naturae
941 1111 1200 1157 beneficium,
1226 1112 1260 1150 si
1277 1111 1373 1150 illud

90 1165 131 1203 in
159 1164 342 1204 iniuriam
370 1176 486 1204 suam
513 1176 594 1204 non
617 1170 743 1205 vertat
760 1166 963 1205 hominum
982 1167 1112 1205 furor!
1149 1177 1239 1204 nam
1263 1167 1372 1215 quod

91 1220 144 1259 de
163 1220 336 1260 Caesare
362 1221 503 1259 maiori
530 1222 648 1270 volgo
675 1221 861 1260 dictatum
882 1227 943 1260 est
962 1227 1002 1260 et
1021 1232 1045 1259 a
1062 1222 1147 1260 Tito
1167 1221 1279 1260 Livio
1301 1232 1371 1270 po-

91 1276 209 1315 situm
219 1306 230 1323 ,
258 1278 301 1316 in
320 1278 464 1316 incerto
478 1288 577 1324 esse,
605 1281 734 1316 utrum
749 1279 857 1316 illum
872 1279 984 1316 nasci
997 1279 1122 1325 maqis
1135 1278 1372 1325 reipublicae

84 1332 286 1381 profuerit
303 1344 357 1371 an
375 1343 451 1371 non
469 1334 598 1379 nasci,
627 1331 706 1370 dici
726 1332 843 1371 etiam
863 1332 914 1370 de
937 1333 1065 1371 ventis
1086 1337 1236 1381 potest:
1265 1332 1368 1370 adeo

88 1387 283 1436 quicquid
308 1397 360 1425 ex
387 1387 463 1425 illis
486 1388 581 1426 utile
599 1391 639 1426 et
657 1387 930 1425 necessarium
949 1392 1028 1432 est,
1056 1398 1135 1426 non
1155 1392 1288 1435 potest
1306 1387 1369 1425 his

88 1443 318 1491 repensari,
349 1452 455 1491 quae
482 1442 521 1480 in
551 1442 769 1491 perniciem
798 1452 912 1480 suam
939 1443 1099 1490 generis
1119 1441 1281 1480 humani
1299 1442 1368 1480 de-

88 1497 238 1536 mentia
256 1498 470 1546 excogitat.
519 1496 602 1536 Sed
630 1508 728 1536 non
757 1497 873 1536 ideo
903 1508 998 1536 non
1028 1503 1142 1536 sunt
1162 1498 1262 1536 ista
1283 1507 1367 1535 na·
1384 1499 1405 1531 5

87 1557 201 1591 tura
245 1552 404 1600 bona,
451 1552 494 1592 si
538 1552 665 1592 vitio
707 1552 836 1590 male
878 1553 1128 1592 utentium
1170 1557 1367 1591 nocent.

86 1608 174 1647 Non
202 1609 241 1647 in
272 1608 351 1647 hoc
378 1608 631 1658 providentia
664 1618 712 1646 ac
743 1607 965 1656 dispositor
999 1608 1064 1646 ille
1096 1607 1233 1646 mundi
1267 1608 1367 1646 deus

87 1664 357 1703 exercendum
385 1665 514 1703 ventis
535 1665 630 1702 aera
649 1662 758 1702 dedit
777 1668 816 1702 et
838 1663 928 1703 illos
953 1663 1003 1702 ab
1023 1664 1128 1702 omni
1150 1667 1262 1712 parte
1276 1692 1288 1710 ,
1317 1672 1368 1700 ne

89 1719 186 1769 quid
204 1725 315 1759 esset
334 1719 413 1758 situ
433 1718 659 1768 squalidum
673 1749 683 1765 ,
712 1718 872 1763 effudit,
897 1724 940 1758 ut
960 1729 1036 1757 nos
1058 1719 1212 1756 classes
1231 1723 1367 1766 partes

87 1774 175 1814 freti
197 1779 464 1824 occupaturas
485 1775 766 1823 conpleremus
786 1774 906 1813 milite
926 1778 1077 1812 armato
1098 1779 1137 1812 et
1152 1774 1308 1811 hostem
1326 1773 1366 1811 in

86 1831 185 1869 mari
211 1835 278 1869 aut
304 1834 396 1879 post
422 1839 533 1868 mare
561 1839 859 1878 quaereremus.
916 1829 1025 1877 Quae
1060 1839 1136 1867 nos
1170 1828 1405 1867 dementiae

85 1886 263 1934 exagitat
288 1892 327 1925 et
354 1885 394 1924 in
414 1890 590 1924 mutuum
611 1885 803 1933 conponit
822 1884 1013 1923 exitium?
1038 1885 1130 1922 vela
1147 1883 1276 1922 ventis
1297 1883 1366 1922 da-

86 1951 177 1980 mus
195 1941 341 1980 bellum
365 1940 523 1989 petituri
545 1945 583 1978 et
603 1940 870 1988 periclitamur
890 1939 1055 1988 periculi
1076 1949 1211 1978 causa.
1239 1939 1366 1977 incer-

85 2002 167 2035 tam
189 1998 385 2036 fortunam
405 1996 644 2044 experimur,
668 1996 750 2033 vim
769 1999 1048 2044 tempestatum
1067 1995 1176 2032 nulla
1196 2004 1275 2043 ope
1295 1993 1365 2033 hu-

86 2062 207 2090 mana
233 2052 523 2101 superabilem,
562 2056 728 2090 mortem
757 2051 844 2089 sine
876 2061 950 2099 spe
985 2049 1227 2098 sepulturae.
1278 2049 1365 2087 Non
1381 2052 1403 2088 7

86 2111 174 2145 erat
198 2109 315 2154 tanti,
353 2107 386 2145 si
415 2107 467 2145 ad
495 2116 634 2155 pacem
661 2116 733 2154 per
758 2105 836 2145 ista
863 2105 1117 2144 veneremur:
1150 2115 1256 2143 nunc
1276 2115 1366 2143 cum

87 2163 334 2202 evaserimus
354 2166 412 2201 tot
431 2162 624 2210 scopulos
645 2162 811 2200 latentes
832 2166 871 2200 et
889 2161 1055 2199 insidias
1072 2159 1215 2199 vadosi
1232 2159 1365 2206 maris,

87 2215 179 2255 cu'm
199 2218 456 2267 effugerimus
478 2217 728 2266 procellosos
749 2217 926 2265 desuper
952 2220 1130 2262 montes,
1166 2226 1238 2264 per
1259 2225 1363 2263 quos

86 2281 285 2323 praeceps
311 2273 353 2312 in
378 2272 612 2321 navigantes
632 2277 775 2311 ventus
795 2271 1022 2320 inpingitur,
1053 2281 1143 2309 cum
1162 2271 1363 2310 involutos

87 2325 223 2368 nubilo
242 2328 330 2368 dies
351 2334 390 2369 et
407 2327 551 2368 nimbis
567 2337 614 2366 ac
630 2327 839 2367 tonitribus
855 2326 1078 2367 horrendas
1095 2330 1248 2372 noctes,
1273 2335 1363 2364 cum
