1592 2580
454 353 500 406 L.
534 352 718 408 ANNAEI
753 352 979 409 SENECAE

539 454 608 487 AD
644 454 892 489 LUCILIUM

74 484 656 599 NATURAMUM
715 533 1356 603 QUAES'rloNUM

567 646 746 706 maun
781 646 865 687 vu.

153 827 183 866 Ι.
221 827 345 867 Nemo
375 838 509 877 usque
538 829 638 869 adeo
666 830 805 869 tardus
826 834 866 868 et
887 827 1014 867 hebes
1036 832 1076 866 et
1096 826 1299 868 demissus
1318 829 1356 868 in
1374 832 1392 865 1

71 888 218 923 terram
239 889 319 930 est,
351 889 394 922 ut
413 885 464 922 ad
485 885 619 924 divina
638 897 719 924 non
740 885 915 934 erigatur
934 894 982 922 ac
1004 888 1088 923 tota
1107 888 1239 922 mente
1261 894 1355 924 con-

72 944 231 989 surgat,
258 939 397 989 utique
417 939 487 979 ubi
506 951 654 980 novum
675 952 698 980 e
719 942 834 980 coelo
849 939 1015 989 aliquod
1032 939 1265 979 miraculum
1282 940 1355 979 ful·

72 996 136 1035 sit.
165 1006 256 1034 nam
279 996 469 1045 quamdiu
488 995 607 1035 solita
627 997 862 1045 decurrunt,
890 995 1202 1044 magnitudinem
1224 1006 1357 1035 rerum

73 1051 324 1091 consuetudo
354 1051 554 1091 subducit.
591 1053 645 1091 ita
673 1054 777 1092 enim
805 1051 1006 1101 conpositi
1029 1061 1189 1098 sumus,
1218 1056 1262 1091 ut
1280 1063 1356 1091 nos

72 1108 284 1155 cotidiana,
305 1107 459 1146 etiarnsi
475 1108 737 1148 admiratione
754 1108 876 1158 digna
891 1112 995 1154 sunt,
1013 1111 1240 1146 transeant:
1261 1118 1356 1147 con-

70 1169 133 1203 tra
166 1162 415 1201 minimarum
453 1175 615 1212 quoque
642 1175 796 1212 rerum,
835 1164 869 1203 si
895 1163 1082 1202 insolitae
1108 1162 1355 1211 prodierunt,

72 1219 347 1268 spectaculum
368 1219 486 1257 dulce
506 1219 586 1259 fiat.
633 1220 708 1258 Hic
723 1221 858 1268 itaque
872 1223 1012 1258 coetus
1030 1222 1249 1266 astrorum,
1271 1219 1355 1268 qui·
1371 1226 1393 1260 2

0 1272 147 1314 -x-ssus
174 1275 344 1314 inmensi
365 1275 549 1323 corporis
579 1275 834 1324 pulchritudo
861 1274 1127 1322 distinguitur,
1163 1275 1357 1324 populum

0 1330 51 1369 N
69 1341 152 1370 non
167 1335 383 1370 convocat:
409 1335 449 1368 at
464 1340 552 1368 cum
568 1332 719 1380 aliquid
736 1342 787 1370 ex
801 1341 912 1370 more
927 1334 1120 1369 mutatum
1136 1335 1209 1376 est,
1231 1331 1355 1370 omni-

69 1397 139 1426 um
159 1385 198 1424 in
219 1386 336 1424 coelo
354 1387 486 1425 voltus
510 1391 582 1426 est.
629 1387 699 1426 Sol
721 1391 989 1436 spectatorem
1009 1385 1086 1424 nisi
1107 1385 1254 1425 defecit
1275 1397 1357 1426 non

69 1441 202 1480 habet.
231 1451 349 1480 nemo
367 1441 556 1480 observat
573 1443 707 1481 lunam
727 1443 805 1481 nisi
824 1441 1091 1480 laborantem:
1121 1445 1216 1480 tunc
1233 1442 1356 1481 urbes

71 1498 343 1544 conclamant,
371 1501 466 1536 tunc
493 1508 567 1546 pro
589 1509 634 1537 se
654 1499 830 1547 quisque
850 1496 1135 1547 superstitione
1154 1508 1259 1535 vana
1279 1502 1356 1536 tre-

70 1551 195 1603 pidat.
243 1552 397 1601 Quanto
419 1553 484 1591 illa
504 1554 657 1592 maiora
676 1559 789 1601 sunt,
820 1553 931 1603 quod
950 1554 1013 1591 sol
1034 1552 1218 1600 totidem,
1242 1559 1286 1592 ut
1303 1553 1358 1592 ita
1374 1556 1397 1592 3

71 1608 223 1656 dicam,
258 1609 408 1657 gradus
439 1614 538 1658 quot
564 1609 651 1648 dles
681 1609 801 1648 habet
828 1614 867 1648 et
898 1619 1046 1647 annum
1080 1607 1247 1648 circuitu
1279 1620 1356 1649 suo

71 1664 231 1709 claudit,
254 1665 363 1713 quod
380 1675 404 1703 a
419 1664 590 1703 solstitio
607 1666 674 1713 [ad
689 1666 929 1704 minuendos
942 1664 1030 1703 dies
1047 1664 1224 1713 vertitur,
1245 1665 1357 1714 quod

71 1731 96 1758 a
114 1719 303 1767 solstitio]
324 1725 468 1759 statum
491 1720 654 1759 inclinat
672 1726 712 1759 et
730 1722 798 1760 dat
817 1719 1004 1759 noctibus
1025 1720 1219 1768 spatium,
1245 1720 1358 1770 quod

71 1775 207 1815 sidera
234 1776 463 1822 abscondit,
497 1777 605 1825 quod
635 1782 783 1824 terras,
811 1787 901 1815 cum
920 1781 1029 1815 tanto
1048 1776 1175 1815 maior
1195 1775 1247 1816 sit
1265 1777 1357 1826 illis,

70 1842 152 1870 non
183 1832 281 1879 urit,
315 1832 389 1870 sed
417 1832 592 1871 calorem
619 1844 734 1871 suum
762 1831 1055 1871 intensionibus
1083 1842 1131 1870 ac
1149 1831 1356 1872 remissio.-
1395 1876 1398 1880 ,

69 1888 190 1926 nibus
218 1888 479 1936 temperando
508 1889 635 1936 fovet,
673 1888 783 1937 quod
813 1889 946 1926 lunam
980 1898 1199 1937 numquam
1231 1888 1358 1937 inplet

69 1943 150 1983 nisi
170 1943 384 1982 adversam
404 1943 480 1982 sibi
500 1954 634 1992 neque
654 1945 873 1983 obscurat?
913 1944 1023 1982 Haec
1043 1948 1174 1982 tamen
1190 1955 1269 1983 non
1285 1944 1355 1984 ad·
1369 1949 1394 1985 4

69 2004 278 2047 notamus,
308 2000 500 2048 quamdiu
528 1999 628 2039 ordo
658 2005 854 2039 servatur.
893 1999 928 2038 si
950 1999 1047 2048 quid
1072 1999 1272 2038 turbatum
1295 2004 1358 2039 est

70 2065 120 2094 ac
147 2060 306 2106 praeter
333 2054 666 2094 consuetudinem
694 2056 872 2103 emicuit,
904 2061 1158 2104 spectamus,
1188 2056 1356 2095 interro-

71 2121 234 2160 gamus,
264 2112 532 2150 ostendimus:
562 2112 664 2151 adeo
684 2112 862 2151 naturale
883 2117 944 2150 est
962 2112 1089 2161 magis
1109 2122 1216 2150 nova
1236 2122 1355 2160 quam

71 2177 216 2215 magna
241 2166 389 2205 mirari.
437 2167 547 2205 Idem
575 2167 614 2206 in
643 2168 810 2207 cometis
830 2168 891 2207 fit:
924 2167 959 2206 si
978 2178 1094 2206 rarus
1115 2173 1155 2206 et
1172 2166 1355 2207 insolitae
1371 2174 1393 2207 5

72 2221 224 2271 figurae
250 2222 354 2272 ignis
382 2223 586 2271 adparuit,
622 2233 740 2262 nemo
769 2234 850 2262 non
878 2233 983 2262 scire
1003 2223 1100 2272 quid
1121 2223 1171 2261 sit
1189 2223 1299 2272 cupit
1316 2228 1355 2263 et

72 2278 220 2318 oblitus
241 2279 407 2318 aliorum
428 2278 478 2316 de
503 2279 728 2319 adventicio
749 2278 923 2328 quaerit,
950 2278 1115 2328 ignarus
1134 2285 1264 2318 utrum
1285 2277 1354 2318 de-

71 2333 167 2375 beat
183 2333 317 2374 mirari
336 2345 387 2374 an
407 2335 557 2374 timere.
596 2346 676 2374 non
697 2336 801 2374 enim
821 2335 968 2374 desunt
988 2335 1056 2384 qui
1075 2339 1259 2385 terreant,
1285 2334 1353 2385 qui
