1624 2626
249 179 420 220 LUDUS
439 179 506 218 DE
526 179 700 220 MORTE
720 179 938 220 CLAUDII.
971 185 1142 222 13—15.
1263 180 1345 223 275

67 283 230 322 Claudio
259 283 436 331 iniquum
464 282 592 330 magis
612 282 824 321 videbatur
840 292 960 332 quam
987 293 1150 322 novum.
1196 282 1256 322 De
1274 292 1344 332 ge-

65 349 161 377 nere
191 348 348 387 poenae
375 338 443 376 diu
473 338 718 386 disputatum
745 343 827 386 est,
858 338 954 386 quid
982 337 1092 377 illum
1119 338 1202 388 pati
1222 349 1342 388 opor·

64 399 188 434 teret:
227 399 341 434 erant
369 393 437 442 qui
464 392 663 441 dicerent,
703 394 738 432 si
765 393 883 432 unius
911 394 1017 441 [diez]
1048 394 1258 433 dilaturam
1285 394 1341 432 se-

65 450 233 498 cissent,
258 450 465 488 Tantalum
491 449 557 487 siti
581 449 820 497 periturum,
849 449 926 488 nisi
943 449 999 487 illi
1018 454 1340 488 succurreretur:

65 505 160 555 [non
179 515 369 553 umquam
389 504 611 555 Sisyphum
632 515 755 543 onere
772 503 944 544 relevari
953 508 979 553 ,]
1001 504 1218 554 aliquando
1235 505 1340 544 Ixio-

63 560 126 599 nis
152 559 289 599 miseri
313 565 441 599 rotam
468 559 835 599 sufflaminandam.
888 560 976 599 Non
1011 560 1162 610 placuit
1193 561 1262 599 ulli
1289 571 1340 598 ex
1359 568 1382 602 4

61 615 264 655 veteribus
280 616 512 655 missionem
529 616 634 664 dari,
654 626 706 654 ne
721 617 785 655 vel
801 615 989 655 Claudius
1004 627 1196 666 umquam
1211 615 1341 655 simile

63 677 257 720 speraret.
303 671 454 710 Placuit
472 682 619 710 novam
637 682 809 721 poenam
825 671 1011 711 constitui
1027 672 1197 720 debere,
1218 682 1339 711 exco-

62 727 267 775 gitandum
287 727 341 765 illi
362 727 540 766 laborem
560 728 718 767 inritum
742 732 781 766 et
809 727 977 766 alicuius
998 728 1225 776 cupiditatis
1247 738 1339 776 spe-

65 782 164 821 ciem
193 783 281 821 sine
311 783 392 821 fine
419 787 459 821 et
486 782 645 822 effectu.
695 784 794 822 Tum
816 784 978 822 Aeacus
998 783 1106 822 iubet
1123 784 1233 822 illum
1253 784 1341 822 alea

64 838 202 876 ludere
222 843 387 887 pertuso
410 838 555 876 fritillo.
594 844 633 878 et
653 839 730 877 iam
750 844 942 887 coeperat
963 839 1160 887 fugientes
1181 849 1342 889 semper

63 898 241 932 tesseras
262 904 456 942 quaerere
475 898 514 931 et
532 893 628 933 nihil
648 895 860 943 proficere.

61 948 148 988 XV.
172 950 273 988 Nam
290 951 462 998 quotiens
480 952 668 990 missurus
685 955 773 990 erac
789 955 995 990 resonante
1008 951 1164 999 fritillo,
1365 964 1382 995 ι

176 1005 347 1054 Utraque
363 1006 548 1044 subducto
561 1006 743 1054 fuffl‘ebal
759 1011 906 1046 tessera
919 1007 1063 1054 fundo.
1121 1026 1125 1028 -

175 1062 342 1110 Cumque
359 1064 580 1100 recollectos
599 1064 762 1101 auderet
777 1065 926 1101 mittere
943 1065 1042 1101 talos

172 1117 324 1156 Lusuro
341 1118 476 1156 similis
493 1128 644 1166 semper
661 1129 888 1167 semperque
901 1119 1058 1167 pelenti,

173 1173 368 1221 Decepere
380 1174 511 1220 fidem.
543 1173 695 1221 resuqit
712 1175 926 1222 diqitosque
938 1185 1015 1223 per
1031 1175 1135 1223 ipsos

171 1229 319 1267 Fallax
338 1230 503 1267 adsiduo
522 1230 709 1268 dilabitur
730 1232 819 1268 alea
834 1230 970 1277 furto.-

173 1283 238 1322 Se‘c
255 1295 341 1323 cum
360 1287 439 1323 iam
457 1287 598 1324 summi
613 1290 828 1334 tanguntur
844 1287 1016 1324 eulmina
1035 1285 1184 1332 montis,

171 1339 301 1379 Inrita
320 1339 499 1389 Sisyphio
517 1343 721 1380 volvuntur
737 1343 917 1390 pondera
933 1343 1043 1380 collo.

63 1394 263 1443 Adparuit
289 1395 419 1434 subito
449 1396 489 1435 C.
510 1396 659 1436 Caesar
686 1402 726 1436 et
753 1402 889 1446 petere
913 1397 1024 1436 illum
1050 1397 1089 1435 in
1109 1395 1343 1435 servitutem
1362 1409 1384 1442 2

66 1449 219 1497 coepit:
249 1452 434 1499 producit
451 1456 595 1499 testes,
624 1452 692 1502 qui
707 1453 816 1491 illum
838 1452 1018 1491 viderant
1036 1452 1087 1491 ab
1108 1452 1175 1491 illo
1191 1451 1342 1500 flagris,

66 1505 232 1553 ferulis,
269 1507 449 1556 colaphis
477 1508 747 1556 vapulantem.
807 1508 1073 1558 Adiudicatur
1101 1507 1142 1546 C.
1167 1506 1343 1546 Caesari.

68 1560 215 1598 Caesar
240 1560 348 1599 illum
376 1563 512 1601 Aeaco
533 1563 668 1602 donat.
710 1564 745 1603 is
765 1564 986 1603 Menandro
1007 1563 1148 1603 liberto
1171 1573 1246 1602 suo
1268 1569 1343 1602 tra-

67 1614 186 1671 didit,
206 1621 249 1654 ut
266 1628 289 1654 a
308 1617 602 1665 cognitionibus
623 1625 746 1658 esset.

113 1678 215 1722 [DIVI
239 1680 406 1714 CLAUDu
429 1682 620 1715 EXPLICIT
643 1683 899 1717 APOTHEOSIS
927 1684 1087 1718 ANNAEI
1112 1683 1301 1717 SENECAE

537 1738 618 1770 PER
641 1737 873 1781 SATURAM]

1076 2395 1145 2434 18*
