1624 2626
271 397 289 428 1

307 181 389 222 260
441 180 484 218 L.
498 179 611 218 ANN.
622 177 806 216 SEN.AD
822 176 970 215 HELV.
980 176 1133 215 MATR.
1143 175 1209 215 DE
1226 174 1364 214 CONS.
1391 180 1447 214 20.

308 279 478 319 animum
498 289 521 316 a
539 279 646 316 luctu
662 276 833 324 recipias
852 279 891 314 et
908 274 948 313 id
967 283 1084 323 agas,
1109 284 1161 312 ne
1180 273 1268 323 quis
1287 277 1325 312 te
1343 276 1453 321 putet
1470 282 1560 320 par-

306 341 370 374 tus
389 335 443 372 tui
462 333 676 382 poenitere.

385 388 467 426 XX.
508 388 685 426 Ceterum
715 385 807 433 quia
834 393 1003 422 necesse
1028 387 1113 431 est,
1145 393 1235 422 cum
1254 382 1385 422 omnia
1403 382 1559 427 seceris,

307 443 566 491 cogitationes
597 446 726 480 tamen
757 445 846 478 tuas
880 438 1050 479 subinde
1082 439 1133 476 ad
1163 447 1227 476 me
1257 446 1461 475 recurrere
1488 445 1562 473 nec

308 507 545 560 quemquam
565 506 668 534 nunc
687 506 737 533 ex
757 493 891 532 liberis
909 492 988 532 tuis
1007 492 1247 541 frequentius
1263 491 1332 530 tibi
1345 489 1562 535 obversari,

308 563 387 591 non
410 553 502 614 quia
520 551 575 589 illi
593 551 722 589 minus
744 548 824 588 cari
841 549 930 596 sint,
948 548 1020 587 sed
1035 547 1128 596 quia
1141 547 1316 585 naturale
1331 550 1393 584 est
1404 555 1563 583 manum

309 607 470 655 saepius
491 606 541 644 ad
560 605 601 644 id
619 606 787 652 referre,
817 578 930 652 quod'
946 603 1093 650 doleat,
1122 601 1318 650 qualem
1335 609 1404 638 me
1424 599 1562 647 cogi-

309 667 379 699 tes
402 671 488 699 acc
500 661 510 697 i
524 671 547 708 p
559 671 600 698 e.
619 662 763 699 laetum
783 664 821 698 et
838 658 1007 696 alacrem
1020 658 1129 695 velut
1144 656 1302 718 optimis
1316 654 1449 693 rebus.
1473 658 1565 692 sunt

309 716 413 754 enim
439 715 629 763 optimae,
666 713 851 763 quoniam
879 712 1031 751 animus
1056 712 1184 750 omnis
1203 709 1475 758 occupationis
1496 719 1564 747 ex-

310 780 402 818 pers
431 769 619 818 operibus
649 768 733 807 suis
758 772 875 806 vacat
901 772 940 806 et
965 767 1084 805 modo
1116 776 1160 804 se
1188 764 1401 804 levioribus
1423 762 1564 802 studiis

310 824 499 872 oblectat,
525 824 644 862 modo
669 823 719 861 ad
740 822 1070 861 considerandam
1092 831 1203 859 suam
1222 818 1478 867 universique
1496 827 1565 855 na-

275 885 437 919 2turam
463 879 547 917 veri
574 878 714 916 avidus
742 877 927 928 insurgit:
955 881 1080 915 terras
1101 875 1267 924 primum
1287 874 1482 921 situmque
1502 881 1566 910 ea-

310 945 396 972 rum
426 934 590 982 quaerit.
629 933 772 971 deinde
799 931 1073 971 condicionem
1093 930 1319 969 circumfusi
1338 927 1457 966 maris
1479 936 1565 965 cur-

311 999 464 1037 susque
483 988 568 1025 eius
588 987 759 1025 alternos
775 991 814 1025 et
827 996 1024 1024 recursus.
1051 990 1145 1024 tunc
1160 983 1349 1033 quicquid
1362 983 1462 1021 inter
1477 991 1566 1020 coe-

312 1044 390 1080 lum
417 1048 624 1090 terrasque
652 1041 810 1089 plenum
836 1040 1054 1079 formidinis
1085 1039 1289 1078 interiacet
1315 1036 1505 1086 perspicit
1530 1039 1569 1073 et

310 1097 388 1136 hoc
404 1096 622 1142 tonitribus,
639 1093 877 1142 fulminibus,
891 1100 1102 1133 ventorum
1116 1093 1274 1132 flatibus
1290 1102 1337 1131 ac
1348 1091 1569 1130 nimborum

312 1151 495 1199 nivisque
523 1155 561 1188 et
589 1149 790 1197 grandinis
822 1149 925 1188 iactu
951 1149 1233 1188 tumultuosum
1260 1147 1441 1196 spatium.
1486 1150 1568 1183 tum

315 1206 533 1254 peragratis
553 1203 825 1243 humilioribus
845 1203 896 1241 ad
921 1213 1074 1242 summa
1091 1202 1312 1251 prorumpit
1330 1205 1369 1239 et
1387 1199 1568 1249 pulcher-

314 1261 412 1298 rimo
433 1259 655 1298 divinorum
669 1258 898 1307 spectaculo
919 1259 1067 1296 fruitur.
1103 1255 1356 1297 Aeternitatis
1376 1264 1474 1294 suae
1489 1263 1569 1291 me-

314 1314 460 1353 morin
484 1324 619 1362 omne,
649 1313 759 1362 quod
777 1312 848 1352 suit
866 1312 1117 1361 futurumque
1136 1317 1214 1359 est,
1244 1311 1353 1350 vadit
1373 1307 1569 1357 [omnibus

316 1369 490 1415 seculiSJ.
