1598 2606
329 177 384 218 24
695 177 737 215 L.
762 177 948 216 ANNAEI
975 177 1197 217 SENECAE

328 274 535 324 professus
558 284 622 322 es,
648 274 750 312 hanc
776 285 985 322 personam
1003 275 1178 315 induisti:
1205 277 1357 324 agenda
1379 281 1449 315 est.
1493 275 1565 316 ini-

329 329 558 377 quissimum
572 333 632 368 est
645 333 682 367 te
696 329 902 377 pecuniam
917 330 991 368 sub
1006 330 1130 378 gloria
1143 331 1329 378 egestatis
1344 331 1563 379 adquirere.

326 383 595 431 Adspicienda
627 393 720 431 ergo
754 393 833 421 non
866 384 993 434 minus
1026 395 1098 422 sua
1130 385 1271 433 cuique
1302 396 1473 434 persona
1504 391 1565 424 est

284 449 306 483 3
328 448 443 485 quam
462 438 566 484 eius,
587 437 637 476 de
657 448 735 486 quo
755 438 925 476 iuvando
943 438 1029 486 quis
1049 439 1201 487 cogitat.
1234 440 1336 478 Volo
1353 438 1564 489 Chrysippi

326 492 448 531 nostri
481 492 535 530 uti
569 492 816 530 similitudine
849 493 899 530 de
927 493 1028 540 pilae
1046 494 1153 531 lusu:
1182 505 1297 541 quam
1317 494 1458 532 cadere
1484 505 1563 532 non

325 551 386 584 est
403 545 561 585 dubium
581 551 647 585 aut
671 547 853 585 mittentis
873 547 965 585 vitio
991 552 1056 586 aut
1078 547 1318 596 excipientis.
1364 553 1454 586 tunc
1475 559 1562 587 cur-

325 611 411 640 sum
437 611 551 639 suum
579 606 728 648 servat,
761 602 827 639 ubi
858 602 956 639 inter
986 612 1124 640 manus
1155 603 1359 650 utriusque
1390 607 1480 651 apte
1513 602 1562 640 ab

322 660 489 703 utroque
510 660 546 693 et
566 655 706 693 iactata
724 660 762 694 et
780 660 944 704 excepta
961 661 1150 694 versatur.
1177 667 1344 695 necesse
1358 661 1418 695 est
1433 662 1562 695 autem

322 710 432 748 lusor
452 709 577 747 bonus
597 709 708 748 aliter
727 710 831 748 illam
851 711 1047 749 conlusori
1066 710 1203 758 longo,
1226 711 1335 749 aliter
1353 710 1462 749 brevi
1477 711 1561 749 mit-

321 767 388 801 tat.
415 763 561 801 Eadem
581 762 762 802 beneficii
779 764 875 803 ratio
891 769 968 803 est:
991 765 1066 802 nisi
1086 766 1238 812 utrique
1253 774 1450 812 personae
1466 766 1560 803 dan-

323 817 371 855 tis
391 821 429 856 et
447 818 672 866 accipientis
692 822 862 866 aptatur,
892 828 964 856 nec
983 818 1031 856 ab
1051 819 1127 858 hoc
1150 819 1271 857 exibit
1288 829 1360 857 nec
1379 819 1430 856 ad
1455 819 1561 858 illum

280 877 304 911 4
320 872 543 919 perveniet,
572 877 615 910 ut
641 873 768 911 debet.
811 872 852 911 Si
878 883 966 911 cum
993 874 1203 912 exercitato
1231 878 1269 912 et
1303 873 1419 911 docto
1440 883 1560 922 nego-

321 927 414 965 tium
431 931 509 972 est,
541 927 728 965 audacius
747 927 862 974 pilam
883 926 1090 966 mittemus.
1135 933 1345 975 utcumque
1365 928 1467 966 enim
1493 940 1560 966 ve-

319 981 438 1028 nerit,
462 991 601 1019 manus
617 981 720 1019 illam
740 982 923 1029 expedita
942 986 979 1020 et
997 982 1109 1030 agilis
1131 982 1378 1030 repercutiet.
1408 982 1443 1020 si
1470 993 1559 1021 cum

318 1035 445 1073 tirone
465 1039 504 1073 et
521 1035 702 1081 indocto,
731 1045 810 1074 non
827 1040 905 1074 tam
928 1036 1053 1084 rigide
1079 1046 1152 1075 nec
1170 1042 1247 1075 tam
1266 1046 1457 1083 excusse,
1487 1037 1560 1075 sed

318 1089 540 1137 languidius
560 1093 600 1127 et
632 1090 669 1127 in
697 1089 824 1137 ipsam
851 1090 935 1128 eius
967 1091 1178 1138 dirigentes
1205 1101 1362 1129 manum
1393 1091 1558 1129 remisse

319 1153 583 1182 occurremus.
626 1143 733 1181 Idem
753 1144 972 1183 faciendum
991 1144 1104 1183 estin
1120 1145 1341 1183 beneficiis:
1364 1146 1558 1193 quosdam

318 1197 531 1236 doceamus
552 1202 589 1236 et
607 1198 702 1236 satis
725 1197 960 1245 iudicemus,
991 1200 1024 1237 si
1043 1195 1253 1246 conantur,
1277 1200 1311 1237 si
1329 1200 1491 1246 audent,
1523 1199 1557 1238 si

276 1258 298 1292 5
316 1253 462 1291 volunt.
496 1252 679 1291 Facimus
698 1257 823 1291 autem
845 1253 1074 1302 plerumque
1095 1254 1269 1301 ingratos
1290 1258 1327 1291 et
1346 1258 1388 1292 ut
1406 1254 1483 1292 sint
1502 1255 1557 1292 sa·

315 1316 472 1353 vemus‚
491 1310 690 1355 tamquam
708 1307 762 1345 ita
781 1307 935 1346 demum
954 1317 1094 1355 magna
1113 1308 1190 1346 sint
1207 1307 1396 1346 beneficia
1409 1314 1556 1355 nostra,

316 1361 350 1398 si
384 1361 508 1408 gratia
534 1361 610 1400 illis
640 1360 778 1400 referri
802 1372 882 1399 non
909 1362 1050 1410 potuit:
1078 1366 1121 1400 ut
1149 1362 1328 1410 malignis
1356 1362 1555 1401 lusoribus

315 1415 562 1463 propositum
581 1419 642 1453 est
659 1417 906 1454 conlusorem
922 1416 1146 1463 traducere,
1176 1426 1265 1454 cum
1289 1417 1431 1454 damno
1453 1416 1555 1455 scili-

317 1473 378 1507 cet
406 1469 532 1518 ipsius
559 1470 690 1516 lusus,
719 1470 784 1518 qui
810 1481 888 1508 non
915 1476 1061 1519 potest,
1092 1470 1169 1508 nisi
1197 1470 1456 1516 consentitur,
1486 1481 1556 1509 ex-

278 1524 300 1560 6
316 1523 434 1562 tendi.
475 1523 583 1562 Multi
603 1527 693 1564 sunt
710 1528 787 1563 tam
805 1535 950 1573 pravae
969 1530 1148 1570 naturae,
1179 1529 1220 1562 ut
1237 1525 1370 1563 malint
1387 1525 1554 1573 perdere

317 1588 418 1626 quae
439 1578 728 1626 praestiterunt,
749 1590 867 1627 quam
884 1579 1008 1617 videri
1022 1579 1245 1627 recepisse,
1269 1578 1428 1627 superbi
1443 1583 1481 1617 et
1495 1579 1552 1617 in—

314 1637 535 1680 putatores:
564 1637 708 1681 quanto
728 1634 865 1672 melius
886 1639 1111 1682 quantoque
1136 1633 1342 1671 humanius
1365 1633 1404 1671 id
1422 1643 1551 1681 agere,

314 1692 358 1726 ut
374 1687 450 1725 illis
470 1697 629 1736 quoque
647 1691 779 1735 partes
800 1698 896 1726 suae
916 1692 1113 1736 constent,
1140 1692 1178 1725 et
1196 1688 1348 1733 favere,
1368 1691 1410 1726 ut
1429 1687 1552 1735 gratia

315 1741 390 1779 sibi
414 1742 550 1780 referri
578 1741 722 1790 possit,
739 1770 743 1777 .,
757 1742 924 1790 benigne
958 1742 1088 1781 omnia
1118 1740 1379 1790 interpretari,
1407 1742 1550 1789 gratias

314 1800 492 1843 agentem
517 1806 596 1835 non
623 1797 733 1835 aliter
760 1807 876 1844 quam
904 1796 938 1834 si
956 1798 1100 1834 referat
1117 1796 1271 1842 audire,
1298 1795 1486 1843 praebere
1506 1806 1551 1834 se

314 1850 467 1888 facilem
495 1851 546 1889 ad
570 1850 665 1898 hoc,
695 1855 734 1889 ut
755 1861 869 1899 quem
897 1850 1102 1898 obligavit,
1130 1851 1243 1889 etiam
1260 1850 1413 1888 exsolvi
1433 1850 1551 1888 velit?

272 1908 293 1943 7
311 1904 413 1943 Male
432 1905 566 1943 audire
586 1906 687 1943 solet
705 1906 920 1951 fenerator,
950 1905 985 1943 si
1006 1905 1146 1943 acerbe
1164 1904 1300 1952 exigit,
1335 1913 1481 1951 aeque,
1514 1903 1549 1942 si

313 1959 352 1996 in
369 1958 593 2007 recipiendo
613 1960 746 1997 tardus
775 1970 821 1997 ac
848 1959 1018 1997 difficilis
1044 1969 1174 1997 moras
1203 1957 1371 2006 quaerit:
1401 1958 1547 1996 benefi-

314 2013 416 2051 cium
434 2019 511 2052 tam
530 2013 796 2062 recipiendum
825 2018 886 2052 est
905 2024 1020 2062 quam
1047 2024 1125 2053 non
1147 2012 1393 2060 exigendum.
1441 2011 1548 2059 Opti-

312 2077 398 2105 mus
419 2067 501 2114 ille,
532 2068 598 2117 qui
618 2068 724 2106 dedit
740 2068 871 2115 facile,
899 2077 1108 2116 numquam
1127 2065 1275 2114 exegit,
1302 2066 1414 2103 reddi
1440 2066 1547 2113 gavi-

314 2131 382 2159 sus
402 2126 474 2169 est,
492 2122 596 2161 bona
613 2122 692 2160 fide
708 2121 803 2171 quid
818 2122 1075 2171 praestitisset
1089 2121 1251 2168 oblitus,
1273 2120 1338 2168 qui
1355 2120 1547 2169 accipien-

311 2174 361 2212 tis
380 2176 508 2214 animo
527 2176 687 2224 recepit.

277 2234 292 2267 1
391 2229 526 2268 XVIII.
558 2230 721 2277 Quidam
748 2241 826 2269 non
851 2234 997 2269 tantum
1022 2228 1116 2267 dant
1138 2228 1330 2266 beneficia
1364 2227 1545 2277 superbe,

313 2281 386 2321 sed
411 2283 525 2322 etiam
550 2284 763 2334 accipiunt,
791 2284 897 2333 quod
922 2293 1002 2322 non
1029 2287 1090 2322 est
1107 2282 1442 2323 committendum
1469 2282 1545 2321 iam
