1624 2626
317 191 370 232 54
690 190 732 228 L.
762 189 950 228 ANNAEI
979 189 1203 228 SENECAE

321 299 496 339 surgere.
529 299 618 328 nam
644 294 684 328 et
703 290 742 327 in
764 298 931 336 corpore
951 294 1087 328 nostro
1107 299 1204 328 ossa
1222 287 1414 338 nervique
1433 294 1471 328 et
1490 291 1580 329 arti-

318 347 413 392 culi,
440 346 681 383 firmamenta
706 344 823 382 totius
850 348 888 381 et
913 341 1065 392 vitalia,
1092 343 1249 381 minime
1276 344 1462 392 speciosa
1480 345 1581 390 visu,

318 400 425 449 prius
442 399 680 438 ordinantur.
710 398 852 436 deinde
871 397 981 444 haee,
1002 408 1051 435 ex
1072 398 1215 445 quibus
1235 398 1362 436 omnis
1383 399 1420 436 in
1441 399 1580 437 faciem

317 456 627 502 adspectumque
655 454 775 491 decor
804 457 875 490 est.
917 456 1010 499 post
1035 452 1134 490 haec
1162 452 1293 490 omnia
1321 453 1386 500 qui
1413 453 1581 491 maxime

318 510 456 548 oculos
475 510 587 556 rapit,
609 507 728 558 color,
749 508 905 545 ultimus
923 507 1097 554 perfecto
1118 506 1192 544 iam
1214 517 1383 555 corpore
1402 508 1580 545 adfundi·
1622 540 1624 542 ,

279 566 388 602 atur.
425 563 525 600 iram
555 563 647 611 quin
676 562 832 610 species
862 561 993 599 oblata
1019 560 1183 598 iniuriae
1209 565 1384 608 moveat,
1413 572 1491 599 non
1519 567 1581 600 est
1620 572 1621 576 ¹

316 618 495 656 dubium:
531 617 603 655 sed
634 621 763 655 utrum
799 615 972 664 speciem
1005 615 1130 664 ipsam
1166 615 1294 654 statim
1328 620 1517 664 sequatur
1543 621 1581 654 et

315 684 394 711 non
425 672 638 710 accedente
665 671 794 709 animo
821 675 1021 718 excurrat,
1052 681 1101 708 an
1128 669 1194 709 illo
1225 670 1471 709 adsentiente
1499 681 1581 709 mo-

278 732 299 765 4
317 731 452 765 veatur
471 726 708 774 quaerimus.
737 724 857 763 Nobis
879 725 1008 772 placet
1026 724 1120 762 nihil
1139 725 1243 763 illam
1264 735 1336 773 per
1354 735 1398 763 se
1420 725 1578 771 audere,

316 782 388 820 sed
407 782 536 819 animo
558 780 814 828 adprobante.
853 789 941 817 nam
960 780 1135 827 speciem
1156 789 1299 827 capere
1319 784 1506 828 acceptae
1523 780 1580 817 in-

314 836 436 874 iuriae
456 840 495 873 et
510 836 697 874 ultionem
719 835 804 873 eius
826 834 1112 882 concupiscere
1132 838 1170 872 et
1188 839 1398 881 utrumque
1418 834 1579 872 coniun-

314 900 429 938 gere,
457 900 531 928 nec
556 889 659 927 laedi
680 899 724 927 se
745 889 932 927 debuisse
953 895 991 927 et
1010 888 1199 926 vindicari
1220 889 1385 935 debere,
1413 899 1491 927 non
1521 893 1580 926 est

277 946 397 985 5eius
424 944 601 992 inpetus,
638 943 704 992 qui
731 944 817 981 sine
842 945 1043 982 voluntate
1070 947 1205 982 nostra
1235 943 1463 981 concitatur.
1512 944 1580 981 Ille

314 999 480 1047 simplex
509 1004 587 1037 est:
615 999 677 1036 hic
699 999 930 1046 conpositus
950 1003 988 1036 et
1009 998 1119 1046 plura
1140 998 1357 1036 continens.
1386 997 1580 1036 Intellexit

312 1054 479 1102 aliquid,
508 1053 730 1101 indignatus
760 1058 840 1099 est,
868 1053 1085 1098 damnavit,
1115 1053 1335 1091 ulciscitur:
1371 1052 1471 1091 haec
1497 1063 1575 1090 non

313 1113 483 1156 possunt
508 1108 614 1156 fieri,
641 1108 716 1145 nisi
743 1107 896 1146 animus
925 1108 982 1145 eis
1012 1108 1156 1155 quibus
1176 1108 1407 1156 tangebatur
1435 1108 1576 1146 adsen-

313 1174 381 1201 sus
401 1168 473 1201 est.

278 1222 294 1254 1
388 1218 434 1255 Il.
471 1247 493 1264 „
506 1217 702 1265 Quorsus,
736 1215 891 1265 inquis,
924 1217 1023 1254 haec
1057 1217 1238 1264 quaestio
1267 1217 1493 1264 pertinet2“
1529 1217 1579 1255 Ut

312 1272 483 1310 sciamus
508 1271 602 1320 quid
622 1271 672 1310 sit
690 1272 759 1309 ira.
797 1282 885 1308 nam
907 1271 939 1309 si
960 1271 1090 1309 invitis
1110 1271 1225 1309 nobis
1247 1272 1440 1318 nascitur,
1467 1282 1577 1309 num-

315 1338 432 1375 quam
451 1325 591 1365 rationi
611 1326 850 1365 succumbet.
886 1335 1022 1363 omnes
1051 1326 1152 1363 enim
1173 1330 1302 1364 motus
1324 1327 1389 1373 qui
1411 1335 1487 1363 non
1507 1336 1576 1363 vo—

312 1383 456 1419 luntate
477 1386 611 1420 nostra
630 1381 745 1425 fiunt,
767 1381 897 1418 invicti
919 1386 955 1418 et
974 1380 1220 1418 inevitabiles
1241 1385 1349 1428 sunt,
1377 1385 1419 1418 ut
1438 1380 1577 1418 horror

312 1437 450 1484 frigida
470 1436 686 1484 adspersis,
707 1436 758 1474 ad
775 1435 966 1484 quosdam
988 1439 1114 1483 tactus
1134 1435 1371 1482 aspernatio.
1401 1435 1450 1472 ad
1469 1435 1576 1482 peio-

310 1501 374 1528 res
403 1492 560 1529 nuntios
587 1490 840 1538 subriguntur
866 1489 932 1537 pili
962 1494 1000 1527 et
1033 1490 1154 1527 rubor
1181 1490 1231 1526 ad
1260 1488 1427 1536 inproba
1456 1489 1575 1527 verba

311 1544 560 1583 subfunditur
574 1546 831 1594 sequiturque
844 1544 994 1591 vertigo
1011 1548 1225 1592 praerupta
1241 1543 1447 1582 cernentis.
1477 1555 1575 1592 quo-

309 1610 393 1637 rum
424 1601 517 1648 quia
542 1599 635 1637 nihil
661 1600 700 1637 in
728 1603 864 1636 nostra
891 1603 1085 1646 potestate
1113 1602 1193 1644 est,
1221 1599 1327 1636 nulla
1348 1609 1426 1646 quo
1445 1599 1574 1636 minus

273 1660 294 1692 2
310 1655 404 1691 fiant
422 1655 518 1692 ratio
539 1654 762 1702 persuadet.
790 1654 852 1691 Ira
871 1653 1093 1701 praeceptis
1115 1654 1282 1700 fugatur.
1312 1658 1372 1691 est
1387 1653 1489 1691 enim
1503 1664 1573 1692 vo-

309 1709 513 1747 luntarium
535 1707 651 1746 animi
671 1708 816 1754 vitium,
837 1718 915 1745 non
936 1717 984 1745 ex
1006 1707 1080 1754 his,
1103 1718 1205 1754 quae
1230 1707 1461 1745 condicione
1477 1718 1573 1754 qua-

309 1763 398 1801 dam
415 1763 607 1802 humanae
622 1762 739 1801 sortis
756 1762 940 1801 eveniunt
955 1762 1125 1810 ideoque
1142 1762 1255 1799 etiam
1270 1762 1571 1809 sapientissimis

311 1819 503 1857 accidunt.
542 1818 641 1855 inter
663 1827 764 1866 quae
784 1822 822 1855 et
843 1817 991 1865 primus
1019 1817 1083 1855 ille
1102 1817 1203 1854 ictus
1224 1817 1340 1854 animi
1361 1817 1571 1864 ponendus
1622 1839 1624 1855 2

270 1877 386 1919 3est,
416 1874 482 1921 qui
511 1883 585 1911 nos
615 1877 705 1920 post
730 1872 955 1920 opinionem
983 1871 1148 1909 iniuriae
1180 1875 1322 1908 movet.
1370 1871 1440 1909 Hic
1469 1871 1574 1909 subit
1622 1867 1624 1911 ἶ

309 1928 424 1965 etiam
452 1928 551 1965 inter
577 1928 727 1965 ludicra
755 1936 900 1964 scenae
929 1926 1156 1974 spectacula
1177 1929 1214 1962 et
1232 1926 1422 1964 lectiones
1443 1936 1571 1963 rerum
1621 1930 1623 1933 '

308 1986 569 2020 vetustarumz
602 1991 722 2029 saepe
742 1981 877 2019 Clodio
899 1981 1126 2019 Ciceronem
1152 1980 1360 2027 expellenti
1388 1986 1425 2018 et
1449 1982 1571 2018 Anto-
1623 2006 1624 2015 ,

309 2035 373 2073 nio
395 2036 587 2075 occidenti
608 2036 785 2074 videmur
803 2035 932 2073 irasci.
961 2035 1049 2083 quis
1069 2044 1148 2072 non
1169 2039 1305 2072 contra
1323 2034 1435 2074 Marii
1451 2045 1570 2079 arma,

309 2095 446 2129 contra
465 2091 596 2129 Sullae
618 2090 944 2139 proscriptionem
967 2089 1206 2127 concitatur?
1234 2089 1321 2136 quis
1347 2100 1427 2127 non
1446 2089 1570 2127 Theo·

307 2145 401 2183 doto
433 2150 470 2184 et
494 2146 670 2183 Achillae
697 2149 735 2184 et
760 2146 837 2194 ipsi
865 2154 987 2192 puero
1015 2154 1092 2182 non
1120 2143 1269 2190 puerile
1297 2153 1395 2181 auso
1417 2144 1570 2181 facinus

269 2199 469 2238 4infestus
489 2205 575 2237 est?
603 2200 746 2238 Cantus
761 2211 836 2238 nos
852 2208 1142 2246 nonnumquam
1162 2201 1199 2234 et
1218 2198 1340 2235 citata*
1353 2198 1568 2235 modulatio

308 2255 465 2303 instigat
490 2254 732 2302 Martiusque
759 2255 823 2293 ille
849 2254 1027 2292 tubarum
1055 2262 1179 2290 sonus
1206 2255 1338 2289 movet
1357 2256 1508 2289 mentes
1530 2257 1569 2290 et

307 2314 420 2349 atrox
435 2309 588 2358 pictura
607 2314 645 2347 et
663 2309 965 2348 iust1ssimorum
984 2305 1266 2354 suppliciorum
1284 2306 1404 2345 tristis
1425 2306 1568 2355 adspe-
