<?xml version="1.0" encoding="UTF-8"?>
<!DOCTYPE html PUBLIC "-//W3C//DTD XHTML 1.0 Transitional//EN"
    "http://www.w3.org/TR/xhtml1/DTD/xhtml1-transitional.dtd">
<html xmlns="http://www.w3.org/1999/xhtml" xml:lang="en" lang="en">
 <head>
  <title>
</title>
<meta http-equiv="Content-Type" content="text/html;charset=utf-8" />
  <meta name='ocr-system' content='tesseract 3.04.00' />
  <meta name='ocr-capabilities' content='ocr_page ocr_carea ocr_par ocr_line ocrx_word'/>
</head>
<body>
  <div class='ocr_page' id='page_1' title='image "./operaquaesupersu01seneuoft/operaquaesupersu01seneuoft_0462.png"; bbox 0 0 1592 2580; ppageno 0'>
   <div class='ocr_carea' id='block_1_1' title="bbox 298 136 1178 181">
    <p class='ocr_par' dir='ltr' id='par_1_1' title="bbox 298 136 1178 181">
     <span class='ocr_line' id='line_1_1' title="bbox 298 136 1178 181; baseline -0.007 0"><span class='ocrx_word' id='word_1_1' title='bbox 298 137 378 181; x_wconf 72' lang='grc'><strong>136</strong></span> <span class='ocrx_word' id='word_1_2' title='bbox 668 137 711 176; x_wconf 92' lang='lat' dir='ltr'><strong>L.</strong></span> <span class='ocrx_word' id='word_1_3' title='bbox 738 137 926 175; x_wconf 77' lang='lat' dir='ltr'><strong>ANNAEl</strong></span> <span class='ocrx_word' id='word_1_4' title='bbox 955 136 1178 176; x_wconf 83' lang='lat' dir='ltr'>SENECAE</span> 
     </span>
    </p>
   </div>
   <div class='ocr_carea' id='block_1_2' title="bbox 252 235 1556 2356">
    <p class='ocr_par' dir='ltr' id='par_1_2' title="bbox 297 235 1554 284">
     <span class='ocr_line' id='line_1_2' title="bbox 297 235 1554 284; baseline -0.001 -8"><span class='ocrx_word' id='word_1_5' title='bbox 297 236 559 276; x_wconf 86' lang='lat' dir='ltr'><strong>membrorum</strong></span> <span class='ocrx_word' id='word_1_6' title='bbox 580 236 750 284; x_wconf 86' lang='lat' dir='ltr'><strong>turpium</strong></span> <span class='ocrx_word' id='word_1_7' title='bbox 770 241 837 274; x_wconf 91' lang='lat' dir='ltr'><strong>aut</strong></span> <span class='ocrx_word' id='word_1_8' title='bbox 856 236 985 275; x_wconf 83' lang='lat' dir='ltr'><strong>vilium</strong></span> <span class='ocrx_word' id='word_1_9' title='bbox 1005 235 1217 275; x_wconf 88' lang='lat' dir='ltr'><strong>ministerio</strong></span> <span class='ocrx_word' id='word_1_10' title='bbox 1237 235 1419 284; x_wconf 82' lang='lat' dir='ltr'><strong>veniens,</strong></span> <span class='ocrx_word' id='word_1_11' title='bbox 1448 238 1554 279; x_wconf 80' lang='lat' dir='ltr'><strong>exitu</strong></span> 
     </span>
    </p>

    <p class='ocr_par' dir='ltr' id='par_1_3' title="bbox 259 290 1556 558">
     <span class='ocr_line' id='line_1_3' title="bbox 259 290 1552 339; baseline -0.001 -8"><span class='ocrx_word' id='word_1_12' title='bbox 259 297 282 332; x_wconf 80' lang='lat'><strong>3</strong></span> <span class='ocrx_word' id='word_1_13' title='bbox 298 292 429 331; x_wconf 80' lang='lat' dir='ltr'><strong>foeda.</strong></span> <span class='ocrx_word' id='word_1_14' title='bbox 475 292 545 330; x_wconf 81' lang='lat' dir='ltr'><strong>Illa</strong></span> <span class='ocrx_word' id='word_1_15' title='bbox 572 296 633 330; x_wconf 92' lang='lat' dir='ltr'><strong>est</strong></span> <span class='ocrx_word' id='word_1_16' title='bbox 659 291 842 338; x_wconf 88' lang='lat' dir='ltr'><strong>voluptas</strong></span> <span class='ocrx_word' id='word_1_17' title='bbox 862 296 901 329; x_wconf 91' lang='lat' dir='ltr'><strong>et</strong></span> <span class='ocrx_word' id='word_1_18' title='bbox 927 290 1081 329; x_wconf 82' lang='lat' dir='ltr'><strong>homine</strong></span> <span class='ocrx_word' id='word_1_19' title='bbox 1101 295 1139 329; x_wconf 89' lang='lat' dir='ltr'><strong>et</strong></span> <span class='ocrx_word' id='word_1_20' title='bbox 1156 290 1241 330; x_wconf 90' lang='lat' dir='ltr'><strong>viro</strong></span> <span class='ocrx_word' id='word_1_21' title='bbox 1262 291 1379 339; x_wconf 86' lang='lat' dir='ltr'><strong>digna</strong></span> <span class='ocrx_word' id='word_1_22' title='bbox 1398 303 1476 330; x_wconf 90' lang='lat' dir='ltr'><strong>non</strong></span> <span class='ocrx_word' id='word_1_23' title='bbox 1498 293 1552 330; x_wconf 91' lang='lat' dir='ltr'><strong>in·</strong></span> 
     </span>
     <span class='ocr_line' id='line_1_4' title="bbox 299 345 1552 394; baseline 0.003 -11"><span class='ocrx_word' id='word_1_24' title='bbox 299 347 407 394; x_wconf 88' lang='lat' dir='ltr'><strong>plere</strong></span> <span class='ocrx_word' id='word_1_25' title='bbox 433 356 580 393; x_wconf 86' lang='lat' dir='ltr'><strong>eorpus</strong></span> <span class='ocrx_word' id='word_1_26' title='bbox 608 355 681 384; x_wconf 89' lang='lat' dir='ltr'><strong>nec</strong></span> <span class='ocrx_word' id='word_1_27' title='bbox 707 346 888 392; x_wconf 84' lang='lat' dir='ltr'><strong>saginare</strong></span> <span class='ocrx_word' id='word_1_28' title='bbox 908 355 982 384; x_wconf 89' lang='lat' dir='ltr'><strong>nec</strong></span> <span class='ocrx_word' id='word_1_29' title='bbox 999 345 1233 393; x_wconf 86' lang='lat' dir='ltr'><strong>cupiditates</strong></span> <span class='ocrx_word' id='word_1_30' title='bbox 1252 346 1427 394; x_wconf 77' lang='lat' dir='ltr'>inritare,</span> <span class='ocrx_word' id='word_1_31' title='bbox 1457 357 1552 394; x_wconf 83' lang='lat' dir='ltr'><strong>qua-</strong></span> 
     </span>
     <span class='ocr_line' id='line_1_5' title="bbox 296 399 1553 449; baseline 0 -11"><span class='ocrx_word' id='word_1_32' title='bbox 296 411 384 439; x_wconf 91' lang='lat' dir='ltr'><strong>rum</strong></span> <span class='ocrx_word' id='word_1_33' title='bbox 408 400 604 439; x_wconf 88' lang='lat' dir='ltr'><strong>tutissima</strong></span> <span class='ocrx_word' id='word_1_34' title='bbox 629 404 691 438; x_wconf 90' lang='lat' dir='ltr'><strong>est</strong></span> <span class='ocrx_word' id='word_1_35' title='bbox 719 400 851 448; x_wconf 85' lang='lat' dir='ltr'><strong>quies,</strong></span> <span class='ocrx_word' id='word_1_36' title='bbox 867 400 949 438; x_wconf 82' lang='lat' dir='ltr'><strong>sed</strong></span> <span class='ocrx_word' id='word_1_37' title='bbox 973 399 1262 448; x_wconf 69' lang='lat' dir='ltr'><strong>perturbatione</strong></span> <span class='ocrx_word' id='word_1_38' title='bbox 1283 410 1418 439; x_wconf 83' lang='lat' dir='ltr'><strong>carere</strong></span> <span class='ocrx_word' id='word_1_39' title='bbox 1438 405 1476 439; x_wconf 88' lang='lat' dir='ltr'><strong>et</strong></span> <span class='ocrx_word' id='word_1_40' title='bbox 1494 411 1553 449; x_wconf 86' lang='lat' dir='ltr'><strong>ea,</strong></span> 
     </span>
     <span class='ocr_line' id='line_1_6' title="bbox 299 453 1552 503; baseline 0 -10"><span class='ocrx_word' id='word_1_41' title='bbox 299 466 416 503; x_wconf 90' lang='lat' dir='ltr'><strong>quam</strong></span> <span class='ocrx_word' id='word_1_42' title='bbox 435 455 636 493; x_wconf 89' lang='lat' dir='ltr'><strong>hominum</strong></span> <span class='ocrx_word' id='word_1_43' title='bbox 656 455 755 492; x_wconf 86' lang='lat' dir='ltr'><strong>inter</strong></span> <span class='ocrx_word' id='word_1_44' title='bbox 775 465 820 493; x_wconf 86' lang='lat' dir='ltr'><strong>se</strong></span> <span class='ocrx_word' id='word_1_45' title='bbox 838 454 1045 493; x_wconf 80' lang='lat' dir='ltr'><strong>rixantium</strong></span> <span class='ocrx_word' id='word_1_46' title='bbox 1063 453 1230 493; x_wconf 78' lang='lat' dir='ltr'><strong>ambitus</strong></span> <span class='ocrx_word' id='word_1_47' title='bbox 1251 456 1421 495; x_wconf 81' lang='lat' dir='ltr'><strong>concutit</strong></span> <span class='ocrx_word' id='word_1_48' title='bbox 1441 460 1480 494; x_wconf 90' lang='lat' dir='ltr'><strong>et</strong></span> <span class='ocrx_word' id='word_1_49' title='bbox 1494 465 1552 502; x_wconf 84' lang='lat' dir='ltr'><strong>ea,-</strong></span> 
     </span>
     <span class='ocr_line' id='line_1_7' title="bbox 299 508 1556 558; baseline 0.001 -12"><span class='ocrx_word' id='word_1_50' title='bbox 299 519 401 558; x_wconf 82' lang='lat' dir='ltr'><strong>quae</strong></span> <span class='ocrx_word' id='word_1_51' title='bbox 430 509 684 548; x_wconf 85' lang='lat' dir='ltr'><strong>intolerabilis</strong></span> <span class='ocrx_word' id='word_1_52' title='bbox 713 519 763 546; x_wconf 89' lang='lat' dir='ltr'><strong>ex</strong></span> <span class='ocrx_word' id='word_1_53' title='bbox 791 509 868 547; x_wconf 90' lang='lat' dir='ltr'><strong>alto</strong></span> <span class='ocrx_word' id='word_1_54' title='bbox 897 508 1019 556; x_wconf 87' lang='lat' dir='ltr'><strong>venit,</strong></span> <span class='ocrx_word' id='word_1_55' title='bbox 1055 508 1122 547; x_wconf 87' lang='lat' dir='ltr'><strong>ubi</strong></span> <span class='ocrx_word' id='word_1_56' title='bbox 1149 509 1199 547; x_wconf 89' lang='lat' dir='ltr'><strong>de</strong></span> <span class='ocrx_word' id='word_1_57' title='bbox 1227 509 1288 547; x_wconf 87' lang='lat' dir='ltr'><strong>dis</strong></span> <span class='ocrx_word' id='word_1_58' title='bbox 1317 510 1444 550; x_wconf 85' lang='lat' dir='ltr'><strong>famae</strong></span> <span class='ocrx_word' id='word_1_59' title='bbox 1469 520 1556 547; x_wconf 65' lang='lat' dir='ltr'><strong>cre-</strong></span> 
     </span>
    </p>

    <p class='ocr_par' dir='ltr' id='par_1_4' title="bbox 260 562 1554 939">
     <span class='ocr_line' id='line_1_8' title="bbox 260 562 1554 611; baseline 0.003 -11"><span class='ocrx_word' id='word_1_60' title='bbox 260 566 282 600; x_wconf 83' lang='lat'><strong>4</strong></span> <span class='ocrx_word' id='word_1_61' title='bbox 300 565 422 603; x_wconf 88' lang='lat' dir='ltr'><strong>ditum</strong></span> <span class='ocrx_word' id='word_1_62' title='bbox 442 568 503 602; x_wconf 87' lang='lat' dir='ltr'><strong>est</strong></span> <span class='ocrx_word' id='word_1_63' title='bbox 521 564 704 611; x_wconf 88' lang='lat' dir='ltr'><strong>vitiisque</strong></span> <span class='ocrx_word' id='word_1_64' title='bbox 725 564 813 602; x_wconf 89' lang='lat' dir='ltr'><strong>illos</strong></span> <span class='ocrx_word' id='word_1_65' title='bbox 837 564 982 603; x_wconf 84' lang='lat' dir='ltr'><strong>nostris</strong></span> <span class='ocrx_word' id='word_1_66' title='bbox 1001 562 1306 603; x_wconf 79' lang='lat' dir='ltr'><strong>aestimavimus.</strong></span> <span class='ocrx_word' id='word_1_67' title='bbox 1352 565 1462 602; x_wconf 85' lang='lat' dir='ltr'><strong>Hanc</strong></span> <span class='ocrx_word' id='word_1_68' title='bbox 1484 574 1554 605; x_wconf 79' lang='grc' dir='ltr'>νο,-</span> 
     </span>
     <span class='ocr_line' id='line_1_9' title="bbox 298 617 1554 666; baseline -0.001 -9"><span class='ocrx_word' id='word_1_69' title='bbox 298 620 485 666; x_wconf 88' lang='lat' dir='ltr'><strong>luptatem</strong></span> <span class='ocrx_word' id='word_1_70' title='bbox 505 618 1011 666; x_wconf 77' lang='lat' dir='ltr'><strong>aequale111„intrepidam,</strong></span> <span class='ocrx_word' id='word_1_71' title='bbox 1040 629 1252 666; x_wconf 84' lang='lat' dir='ltr'><strong>numquam</strong></span> <span class='ocrx_word' id='word_1_72' title='bbox 1272 629 1475 656; x_wconf 89' lang='lat' dir='ltr'><strong>sensuram</strong></span> <span class='ocrx_word' id='word_1_73' title='bbox 1493 617 1554 660; x_wconf 80' lang='lat' dir='ltr'><strong>sui</strong></span> 
     </span>
     <span class='ocr_line' id='line_1_10' title="bbox 297 671 1553 721; baseline -0.001 -10"><span class='ocrx_word' id='word_1_74' title='bbox 297 673 468 711; x_wconf 85' lang='lat' dir='ltr'><strong>taedium</strong></span> <span class='ocrx_word' id='word_1_75' title='bbox 490 671 657 721; x_wconf 83' lang='lat' dir='ltr'><strong>percipit</strong></span> <span class='ocrx_word' id='word_1_76' title='bbox 674 672 756 718; x_wconf 90' lang='lat' dir='ltr'><strong>hic,</strong></span> <span class='ocrx_word' id='word_1_77' title='bbox 789 683 904 720; x_wconf 91' lang='lat' dir='ltr'><strong>quem</strong></span> <span class='ocrx_word' id='word_1_78' title='bbox 925 673 1207 718; x_wconf 79' lang='lat' dir='ltr'><strong>deformamus,</strong></span> <span class='ocrx_word' id='word_1_79' title='bbox 1238 683 1355 720; x_wconf 88' lang='lat' dir='ltr'><strong>quam</strong></span> <span class='ocrx_word' id='word_1_80' title='bbox 1374 673 1553 719; x_wconf 85' lang='lat' dir='ltr'><strong>maxime,</strong></span> 
     </span>
     <span class='ocr_line' id='line_1_11' title="bbox 298 725 1554 776; baseline -0.002 -10"><span class='ocrx_word' id='word_1_81' title='bbox 298 733 341 766; x_wconf 89' lang='lat' dir='ltr'><strong>ut</strong></span> <span class='ocrx_word' id='word_1_82' title='bbox 357 727 411 765; x_wconf 88' lang='lat' dir='ltr'><strong>ita</strong></span> <span class='ocrx_word' id='word_1_83' title='bbox 430 727 578 774; x_wconf 82' lang='lat' dir='ltr'><strong>dicam,</strong></span> <span class='ocrx_word' id='word_1_84' title='bbox 608 727 728 764; x_wconf 89' lang='lat' dir='ltr'><strong>divini</strong></span> <span class='ocrx_word' id='word_1_85' title='bbox 747 727 842 766; x_wconf 90' lang='lat' dir='ltr'><strong>iuris</strong></span> <span class='ocrx_word' id='word_1_86' title='bbox 861 732 978 776; x_wconf 90' lang='lat' dir='ltr'><strong>atque</strong></span> <span class='ocrx_word' id='word_1_87' title='bbox 997 725 1154 765; x_wconf 89' lang='lat' dir='ltr'><strong>humani</strong></span> <span class='ocrx_word' id='word_1_88' title='bbox 1176 727 1334 774; x_wconf 87' lang='lat' dir='ltr'><strong>peritus.</strong></span> <span class='ocrx_word' id='word_1_89' title='bbox 1363 727 1426 765; x_wconf 90' lang='lat' dir='ltr'><strong>hic</strong></span> <span class='ocrx_word' id='word_1_90' title='bbox 1441 737 1554 775; x_wconf 88' lang='lat' dir='ltr'><strong>prae-</strong></span> 
     </span>
     <span class='ocr_line' id='line_1_12' title="bbox 299 781 1554 829; baseline -0.001 -10"><span class='ocrx_word' id='word_1_91' title='bbox 299 781 477 820; x_wconf 87' lang='lat' dir='ltr'><strong>sentibus</strong></span> <span class='ocrx_word' id='word_1_92' title='bbox 505 781 669 828; x_wconf 85' lang='lat' dir='ltr'><strong>gaudet,</strong></span> <span class='ocrx_word' id='word_1_93' title='bbox 700 792 750 820; x_wconf 92' lang='lat' dir='ltr'><strong>ex</strong></span> <span class='ocrx_word' id='word_1_94' title='bbox 779 783 907 820; x_wconf 84' lang='lat' dir='ltr'><strong>futuro</strong></span> <span class='ocrx_word' id='word_1_95' title='bbox 930 793 1008 820; x_wconf 88' lang='lat' dir='ltr'><strong>non</strong></span> <span class='ocrx_word' id='word_1_96' title='bbox 1028 781 1192 829; x_wconf 85' lang='lat' dir='ltr'><strong>pendet:</strong></span> <span class='ocrx_word' id='word_1_97' title='bbox 1222 782 1313 819; x_wconf 91' lang='lat' dir='ltr'><strong>nihil</strong></span> <span class='ocrx_word' id='word_1_98' title='bbox 1335 782 1435 820; x_wconf 87' lang='lat' dir='ltr'><strong>enim</strong></span> <span class='ocrx_word' id='word_1_99' title='bbox 1454 781 1554 820; x_wconf 84' lang='lat' dir='ltr'><strong>firmi</strong></span> 
     </span>
     <span class='ocr_line' id='line_1_13' title="bbox 297 836 1554 884; baseline 0 -10"><span class='ocrx_word' id='word_1_100' title='bbox 297 836 434 883; x_wconf 88' lang='lat' dir='ltr'><strong>habet,</strong></span> <span class='ocrx_word' id='word_1_101' title='bbox 458 837 523 884; x_wconf 84' lang='lat' dir='ltr'><strong>qui</strong></span> <span class='ocrx_word' id='word_1_102' title='bbox 541 837 580 873; x_wconf 92' lang='lat' dir='ltr'><strong>in</strong></span> <span class='ocrx_word' id='word_1_103' title='bbox 600 836 748 876; x_wconf 84' lang='lat' dir='ltr'><strong>incerta</strong></span> <span class='ocrx_word' id='word_1_104' title='bbox 767 846 991 884; x_wconf 87' lang='lat' dir='ltr'><strong>propensus</strong></span> <span class='ocrx_word' id='word_1_105' title='bbox 1011 841 1082 874; x_wconf 84' lang='lat' dir='ltr'><strong>est.</strong></span> <span class='ocrx_word' id='word_1_106' title='bbox 1125 836 1278 883; x_wconf 83' lang='lat' dir='ltr'><strong>Magnis</strong></span> <span class='ocrx_word' id='word_1_107' title='bbox 1296 837 1428 884; x_wconf 89' lang='lat' dir='ltr'><strong>itaque</strong></span> <span class='ocrx_word' id='word_1_108' title='bbox 1448 836 1554 874; x_wconf 86' lang='lat' dir='ltr'><strong>curis</strong></span> 
     </span>
     <span class='ocr_line' id='line_1_14' title="bbox 299 890 1553 939; baseline 0 -10"><span class='ocrx_word' id='word_1_109' title='bbox 299 895 506 939; x_wconf 84' lang='lat' dir='ltr'><strong>exemptus</strong></span> <span class='ocrx_word' id='word_1_110' title='bbox 526 896 565 929; x_wconf 88' lang='lat' dir='ltr'><strong>et</strong></span> <span class='ocrx_word' id='word_1_111' title='bbox 583 891 921 939; x_wconf 84' lang='lat' dir='ltr'><strong>distorquentibus</strong></span> <span class='ocrx_word' id='word_1_112' title='bbox 947 895 1114 929; x_wconf 88' lang='lat' dir='ltr'><strong>mentem</strong></span> <span class='ocrx_word' id='word_1_113' title='bbox 1134 890 1227 928; x_wconf 88' lang='lat' dir='ltr'><strong>nihil</strong></span> <span class='ocrx_word' id='word_1_114' title='bbox 1248 895 1382 938; x_wconf 86' lang='lat' dir='ltr'><strong>sperat</strong></span> <span class='ocrx_word' id='word_1_115' title='bbox 1400 895 1465 928; x_wconf 88' lang='lat' dir='ltr'><strong>aut</strong></span> <span class='ocrx_word' id='word_1_116' title='bbox 1488 901 1553 929; x_wconf 83' lang='lat' dir='ltr'><strong>cu·-</strong></span> 
     </span>
    </p>

    <p class='ocr_par' dir='ltr' id='par_1_5' title="bbox 261 945 1556 1266">
     <span class='ocr_line' id='line_1_15' title="bbox 261 945 1554 994; baseline -0.002 -9"><span class='ocrx_word' id='word_1_117' title='bbox 261 953 281 986; x_wconf 85' lang='lat'>5</span> <span class='ocrx_word' id='word_1_118' title='bbox 299 945 356 994; x_wconf 86' lang='lat' dir='ltr'><strong>pit</strong></span> <span class='ocrx_word' id='word_1_119' title='bbox 385 956 459 984; x_wconf 87' lang='lat' dir='ltr'><strong>nec</strong></span> <span class='ocrx_word' id='word_1_120' title='bbox 492 955 535 983; x_wconf 90' lang='lat' dir='ltr'><strong>se</strong></span> <span class='ocrx_word' id='word_1_121' title='bbox 562 945 675 987; x_wconf 88' lang='lat' dir='ltr'><strong>mittit</strong></span> <span class='ocrx_word' id='word_1_122' title='bbox 700 946 739 984; x_wconf 91' lang='lat' dir='ltr'><strong>in</strong></span> <span class='ocrx_word' id='word_1_123' title='bbox 767 945 927 983; x_wconf 90' lang='lat' dir='ltr'><strong>dubium</strong></span> <span class='ocrx_word' id='word_1_124' title='bbox 954 955 1027 983; x_wconf 90' lang='lat' dir='ltr'><strong>suo</strong></span> <span class='ocrx_word' id='word_1_125' title='bbox 1061 950 1281 983; x_wconf 84' lang='lat' dir='ltr'><strong>contentus.</strong></span> <span class='ocrx_word' id='word_1_126' title='bbox 1336 945 1416 983; x_wconf 92' lang='lat' dir='ltr'><strong>Nec</strong></span> <span class='ocrx_word' id='word_1_127' title='bbox 1447 945 1554 983; x_wconf 89' lang='lat' dir='ltr'><strong>illum</strong></span> 
     </span>
     <span class='ocr_line' id='line_1_16' title="bbox 298 999 1553 1047; baseline -0.002 -8"><span class='ocrx_word' id='word_1_128' title='bbox 298 1000 500 1039; x_wconf 86' lang='lat' dir='ltr'><strong>existimes</strong></span> <span class='ocrx_word' id='word_1_129' title='bbox 529 1011 652 1047; x_wconf 88' lang='lat' dir='ltr'><strong>parvo</strong></span> <span class='ocrx_word' id='word_1_130' title='bbox 681 1011 772 1039; x_wconf 91' lang='lat' dir='ltr'><strong>esse</strong></span> <span class='ocrx_word' id='word_1_131' title='bbox 793 1004 1036 1038; x_wconf 79' lang='lat' dir='ltr'><strong>contentum:</strong></span> <span class='ocrx_word' id='word_1_132' title='bbox 1065 1000 1195 1038; x_wconf 88' lang='lat' dir='ltr'><strong>omnia</strong></span> <span class='ocrx_word' id='word_1_133' title='bbox 1214 999 1317 1038; x_wconf 91' lang='lat' dir='ltr'><strong>illius</strong></span> <span class='ocrx_word' id='word_1_134' title='bbox 1338 1004 1446 1046; x_wconf 89' lang='lat' dir='ltr'><strong>sunt,</strong></span> <span class='ocrx_word' id='word_1_135' title='bbox 1474 1010 1553 1037; x_wconf 89' lang='lat' dir='ltr'><strong>non</strong></span> 
     </span>
     <span class='ocr_line' id='line_1_17' title="bbox 298 1053 1554 1102; baseline -0.002 -9"><span class='ocrx_word' id='word_1_136' title='bbox 298 1054 356 1093; x_wconf 87' lang='lat' dir='ltr'><strong>sic</strong></span> <span class='ocrx_word' id='word_1_137' title='bbox 378 1055 708 1102; x_wconf 86' lang='lat' dir='ltr'><strong>quemadmodum</strong></span> <span class='ocrx_word' id='word_1_138' title='bbox 726 1055 942 1093; x_wconf 85' lang='lat' dir='ltr'><strong>Alexandri</strong></span> <span class='ocrx_word' id='word_1_139' title='bbox 962 1055 1127 1094; x_wconf 80' lang='lat' dir='ltr'><strong>fuerunt.</strong></span> <span class='ocrx_word' id='word_1_140' title='bbox 1155 1053 1237 1101; x_wconf 84' lang='lat' dir='ltr'><strong>cui,</strong></span> <span class='ocrx_word' id='word_1_141' title='bbox 1258 1064 1495 1101; x_wconf 88' lang='lat' dir='ltr'><strong>quamquam</strong></span> <span class='ocrx_word' id='word_1_142' title='bbox 1515 1054 1554 1092; x_wconf 88' lang='lat' dir='ltr'><strong>in</strong></span> 
     </span>
     <span class='ocr_line' id='line_1_18' title="bbox 296 1108 1553 1157; baseline 0.002 -10"><span class='ocrx_word' id='word_1_143' title='bbox 296 1111 409 1148; x_wconf 90' lang='lat' dir='ltr'><strong>litore</strong></span> <span class='ocrx_word' id='word_1_144' title='bbox 423 1109 529 1147; x_wconf 87' lang='lat' dir='ltr'><strong>rubri</strong></span> <span class='ocrx_word' id='word_1_145' title='bbox 544 1109 663 1147; x_wconf 87' lang='lat' dir='ltr'><strong>maris</strong></span> <span class='ocrx_word' id='word_1_146' title='bbox 681 1113 860 1156; x_wconf 85' lang='lat' dir='ltr'><strong>steterat,</strong></span> <span class='ocrx_word' id='word_1_147' title='bbox 879 1110 969 1157; x_wconf 90' lang='lat' dir='ltr'><strong>plus</strong></span> <span class='ocrx_word' id='word_1_148' title='bbox 986 1108 1131 1156; x_wconf 87' lang='lat' dir='ltr'><strong>deerat,</strong></span> <span class='ocrx_word' id='word_1_149' title='bbox 1154 1118 1271 1156; x_wconf 87' lang='lat' dir='ltr'><strong>quam</strong></span> <span class='ocrx_word' id='word_1_150' title='bbox 1286 1119 1363 1155; x_wconf 88' lang='lat' dir='ltr'><strong>qua</strong></span> <span class='ocrx_word' id='word_1_151' title='bbox 1377 1113 1553 1149; x_wconf 86' lang='lat' dir='ltr'><strong>venerat.</strong></span> 
     </span>
     <span class='ocr_line' id='line_1_19' title="bbox 296 1163 1553 1211; baseline -0.001 -10"><span class='ocrx_word' id='word_1_152' title='bbox 296 1164 399 1202; x_wconf 88' lang='lat' dir='ltr'><strong>illius</strong></span> <span class='ocrx_word' id='word_1_153' title='bbox 420 1173 469 1200; x_wconf 92' lang='lat' dir='ltr'><strong>ne</strong></span> <span class='ocrx_word' id='word_1_154' title='bbox 489 1174 537 1201; x_wconf 90' lang='lat' dir='ltr'><strong>ea</strong></span> <span class='ocrx_word' id='word_1_155' title='bbox 557 1163 716 1210; x_wconf 89' lang='lat' dir='ltr'><strong>quidem</strong></span> <span class='ocrx_word' id='word_1_156' title='bbox 736 1168 864 1209; x_wconf 87' lang='lat' dir='ltr'><strong>erant,</strong></span> <span class='ocrx_word' id='word_1_157' title='bbox 896 1173 997 1211; x_wconf 90' lang='lat' dir='ltr'><strong>quae</strong></span> <span class='ocrx_word' id='word_1_158' title='bbox 1016 1163 1174 1201; x_wconf 88' lang='lat' dir='ltr'><strong>tenebat</strong></span> <span class='ocrx_word' id='word_1_159' title='bbox 1193 1167 1259 1200; x_wconf 90' lang='lat' dir='ltr'><strong>aut</strong></span> <span class='ocrx_word' id='word_1_160' title='bbox 1276 1163 1442 1209; x_wconf 88' lang='lat' dir='ltr'><strong>vicerat,</strong></span> <span class='ocrx_word' id='word_1_161' title='bbox 1464 1173 1553 1200; x_wconf 89' lang='lat' dir='ltr'><strong>cum</strong></span> 
     </span>
     <span class='ocr_line' id='line_1_20' title="bbox 296 1217 1556 1266; baseline -0.002 -10"><span class='ocrx_word' id='word_1_162' title='bbox 296 1218 335 1256; x_wconf 91' lang='lat' dir='ltr'><strong>in</strong></span> <span class='ocrx_word' id='word_1_163' title='bbox 363 1228 514 1257; x_wconf 88' lang='lat' dir='ltr'><strong>oceano</strong></span> <span class='ocrx_word' id='word_1_164' title='bbox 544 1217 786 1260; x_wconf 85' lang='lat' dir='ltr'><strong>Onesicritus</strong></span> <span class='ocrx_word' id='word_1_165' title='bbox 815 1218 1055 1266; x_wconf 88' lang='lat' dir='ltr'><strong>praemissus</strong></span> <span class='ocrx_word' id='word_1_166' title='bbox 1084 1217 1311 1264; x_wconf 85' lang='lat' dir='ltr'><strong>explorator</strong></span> <span class='ocrx_word' id='word_1_167' title='bbox 1338 1221 1486 1255; x_wconf 89' lang='lat' dir='ltr'><strong>erraret</strong></span> <span class='ocrx_word' id='word_1_168' title='bbox 1517 1221 1556 1254; x_wconf 90' lang='lat' dir='ltr'><strong>et</strong></span> 
     </span>
    </p>

    <p class='ocr_par' dir='ltr' id='par_1_6' title="bbox 259 1271 1555 1594">
     <span class='ocr_line' id='line_1_21' title="bbox 259 1271 1553 1320; baseline -0.002 -10"><span class='ocrx_word' id='word_1_169' title='bbox 259 1283 280 1318; x_wconf 81' lang='grc'>6</span> <span class='ocrx_word' id='word_1_170' title='bbox 296 1273 400 1311; x_wconf 89' lang='lat' dir='ltr'><strong>bella</strong></span> <span class='ocrx_word' id='word_1_171' title='bbox 418 1273 457 1311; x_wconf 91' lang='lat' dir='ltr'><strong>in</strong></span> <span class='ocrx_word' id='word_1_172' title='bbox 477 1272 610 1319; x_wconf 82' lang='lat' dir='ltr'><strong>ignoto</strong></span> <span class='ocrx_word' id='word_1_173' title='bbox 629 1272 726 1311; x_wconf 88' lang='lat' dir='ltr'><strong>mari</strong></span> <span class='ocrx_word' id='word_1_174' title='bbox 748 1276 966 1320; x_wconf 88' lang='lat' dir='ltr'><strong>quaereret.</strong></span> <span class='ocrx_word' id='word_1_175' title='bbox 1011 1272 1096 1310; x_wconf 92' lang='lat' dir='ltr'><strong>Non</strong></span> <span class='ocrx_word' id='word_1_176' title='bbox 1119 1271 1214 1309; x_wconf 87' lang='lat' dir='ltr'><strong>satis</strong></span> <span class='ocrx_word' id='word_1_177' title='bbox 1234 1271 1452 1319; x_wconf 85' lang='lat' dir='ltr'><strong>adparebat</strong></span> <span class='ocrx_word' id='word_1_178' title='bbox 1469 1271 1553 1309; x_wconf 90' lang='lat' dir='ltr'><strong>ino·</strong></span> 
     </span>
     <span class='ocr_line' id='line_1_22' title="bbox 297 1326 1554 1375; baseline -0.002 -10"><span class='ocrx_word' id='word_1_179' title='bbox 297 1338 388 1375; x_wconf 90' lang='lat' dir='ltr'><strong>pem</strong></span> <span class='ocrx_word' id='word_1_180' title='bbox 416 1337 527 1374; x_wconf 88' lang='lat' dir='ltr'><strong>esse,</strong></span> <span class='ocrx_word' id='word_1_181' title='bbox 559 1327 625 1374; x_wconf 87' lang='lat' dir='ltr'><strong>qui</strong></span> <span class='ocrx_word' id='word_1_182' title='bbox 652 1331 763 1364; x_wconf 87' lang='lat' dir='ltr'><strong>extra</strong></span> <span class='ocrx_word' id='word_1_183' title='bbox 791 1332 953 1367; x_wconf 80' lang='lat' dir='ltr'><strong>naturae</strong></span> <span class='ocrx_word' id='word_1_184' title='bbox 979 1326 1166 1364; x_wconf 84' lang='lat' dir='ltr'><strong>terminos</strong></span> <span class='ocrx_word' id='word_1_185' title='bbox 1195 1336 1303 1365; x_wconf 87' lang='lat' dir='ltr'><strong>arma</strong></span> <span class='ocrx_word' id='word_1_186' title='bbox 1335 1326 1554 1373; x_wconf 62' lang='lat' dir='ltr'><strong>proferret?</strong></span> 
     </span>
     <span class='ocr_line' id='line_1_23' title="bbox 297 1378 1554 1430; baseline -0.002 -10"><span class='ocrx_word' id='word_1_187' title='bbox 297 1381 364 1430; x_wconf 87' lang='lat' dir='ltr'><strong>qui</strong></span> <span class='ocrx_word' id='word_1_188' title='bbox 385 1392 430 1420; x_wconf 92' lang='lat' dir='ltr'><strong>se</strong></span> <span class='ocrx_word' id='word_1_189' title='bbox 449 1381 497 1424; x_wconf 41' lang='lat' dir='ltr'><strong>in.</strong></span> <span class='ocrx_word' id='word_1_190' title='bbox 508 1382 745 1430; x_wconf 80' lang='lat' dir='ltr'><strong>profundum</strong></span> <span class='ocrx_word' id='word_1_191' title='bbox 765 1381 1051 1429; x_wconf 86' lang='lat' dir='ltr'><strong>inexploratum</strong></span> <span class='ocrx_word' id='word_1_192' title='bbox 1073 1385 1111 1418; x_wconf 89' lang='lat' dir='ltr'><strong>et</strong></span> <span class='ocrx_word' id='word_1_193' title='bbox 1129 1380 1348 1418; x_wconf 87' lang='lat' dir='ltr'><strong>inmensum</strong></span> <span class='ocrx_word' id='word_1_194' title='bbox 1368 1378 1554 1418; x_wconf 85' lang='lat' dir='ltr'><strong>aviditate</strong></span> 
     </span>
     <span class='ocr_line' id='line_1_24' title="bbox 296 1433 1555 1484; baseline -0.002 -11"><span class='ocrx_word' id='word_1_195' title='bbox 296 1446 416 1475; x_wconf 87' lang='lat' dir='ltr'><strong>caeca</strong></span> <span class='ocrx_word' id='word_1_196' title='bbox 444 1446 609 1484; x_wconf 89' lang='lat' dir='ltr'><strong>prorsus</strong></span> <span class='ocrx_word' id='word_1_197' title='bbox 638 1435 874 1478; x_wconf 70' lang='lat' dir='ltr'><strong>inmitteret?</strong></span> <span class='ocrx_word' id='word_1_198' title='bbox 918 1435 1019 1483; x_wconf 79' lang='lat' dir='ltr'><strong>Quid</strong></span> <span class='ocrx_word' id='word_1_199' title='bbox 1045 1435 1223 1481; x_wconf 84' lang='lat' dir='ltr'><strong>interest⁷</strong></span> <span class='ocrx_word' id='word_1_200' title='bbox 1254 1438 1350 1482; x_wconf 90' lang='lat' dir='ltr'><strong>quot</strong></span> <span class='ocrx_word' id='word_1_201' title='bbox 1369 1433 1555 1481; x_wconf 85' lang='lat' dir='ltr'><strong>eripuerit</strong></span> 
     </span>
     <span class='ocr_line' id='line_1_25' title="bbox 294 1489 1555 1539; baseline -0.001 -11"><span class='ocrx_word' id='word_1_202' title='bbox 294 1502 438 1538; x_wconf 88' lang='lat' dir='ltr'><strong>regna,</strong></span> <span class='ocrx_word' id='word_1_203' title='bbox 468 1495 564 1539; x_wconf 93' lang='lat' dir='ltr'><strong>quot</strong></span> <span class='ocrx_word' id='word_1_204' title='bbox 592 1490 762 1537; x_wconf 86' lang='lat' dir='ltr'><strong>dederit,</strong></span> <span class='ocrx_word' id='word_1_205' title='bbox 793 1495 979 1538; x_wconf 87' lang='lat' dir='ltr'><strong>quantum</strong></span> <span class='ocrx_word' id='word_1_206' title='bbox 1006 1494 1194 1528; x_wconf 88' lang='lat' dir='ltr'><strong>terrarum</strong></span> <span class='ocrx_word' id='word_1_207' title='bbox 1214 1489 1356 1527; x_wconf 88' lang='lat' dir='ltr'><strong>tributo</strong></span> <span class='ocrx_word' id='word_1_208' title='bbox 1375 1492 1555 1537; x_wconf 68' lang='lat' dir='ltr'><strong>premat?</strong></span> 
     </span>
     <span class='ocr_line' id='line_1_26' title="bbox 297 1544 1023 1594; baseline -0.003 -11"><span class='ocrx_word' id='word_1_209' title='bbox 297 1550 444 1584; x_wconf 84' lang='lat' dir='ltr'><strong>tantum</strong></span> <span class='ocrx_word' id='word_1_210' title='bbox 463 1546 517 1583; x_wconf 89' lang='lat' dir='ltr'><strong>illi</strong></span> <span class='ocrx_word' id='word_1_211' title='bbox 536 1545 666 1594; x_wconf 85' lang='lat' dir='ltr'><strong>deest,</strong></span> <span class='ocrx_word' id='word_1_212' title='bbox 697 1550 886 1592; x_wconf 82' lang='lat' dir='ltr'><strong>quantum</strong></span> <span class='ocrx_word' id='word_1_213' title='bbox 905 1544 1023 1592; x_wconf 88' lang='lat' dir='ltr'><strong>eupit.</strong></span> 
     </span>
    </p>

    <p class='ocr_par' dir='ltr' id='par_1_7' title="bbox 260 1596 1554 2029">
     <span class='ocr_line' id='line_1_27' title="bbox 260 1596 1552 1646; baseline -0.002 -9"><span class='ocrx_word' id='word_1_214' title='bbox 260 1604 278 1637; x_wconf 91' lang='lat'>1</span> <span class='ocrx_word' id='word_1_215' title='bbox 374 1600 438 1637; x_wconf 81' lang='grc' dir='ltr'><strong>ΙΙΙ.</strong></span> <span class='ocrx_word' id='word_1_216' title='bbox 475 1601 556 1638; x_wconf 86' lang='lat' dir='ltr'><strong>Nec</strong></span> <span class='ocrx_word' id='word_1_217' title='bbox 580 1599 796 1638; x_wconf 88' lang='lat' dir='ltr'><strong>Alexandri</strong></span> <span class='ocrx_word' id='word_1_218' title='bbox 823 1603 970 1637; x_wconf 86' lang='lat' dir='ltr'><strong>tantum</strong></span> <span class='ocrx_word' id='word_1_219' title='bbox 995 1599 1126 1637; x_wconf 89' lang='lat' dir='ltr'><strong>vitium</strong></span> <span class='ocrx_word' id='word_1_220' title='bbox 1146 1598 1236 1645; x_wconf 83' lang='lat' dir='ltr'><strong>fuit,</strong></span> <span class='ocrx_word' id='word_1_221' title='bbox 1264 1608 1379 1646; x_wconf 91' lang='lat' dir='ltr'><strong>quem</strong></span> <span class='ocrx_word' id='word_1_222' title='bbox 1401 1607 1472 1645; x_wconf 88' lang='lat' dir='ltr'><strong>per</strong></span> <span class='ocrx_word' id='word_1_223' title='bbox 1490 1596 1552 1635; x_wconf 85' lang='lat' dir='ltr'><strong>Li-</strong></span> 
     </span>
     <span class='ocr_line' id='line_1_28' title="bbox 295 1651 1551 1702; baseline -0.003 -9"><span class='ocrx_word' id='word_1_224' title='bbox 295 1655 379 1693; x_wconf 87' lang='lat' dir='ltr'><strong>beri</strong></span> <span class='ocrx_word' id='word_1_225' title='bbox 394 1654 655 1702; x_wconf 85' lang='lat' dir='ltr'><strong>Herculisque</strong></span> <span class='ocrx_word' id='word_1_226' title='bbox 671 1653 836 1702; x_wconf 86' lang='lat' dir='ltr'><strong>vestigia</strong></span> <span class='ocrx_word' id='word_1_227' title='bbox 850 1653 943 1691; x_wconf 73' lang='lat' dir='ltr'><strong>senx</strong></span> <span class='ocrx_word' id='word_1_228' title='bbox 958 1654 1154 1692; x_wconf 85' lang='lat' dir='ltr'><strong>temeritas</strong></span> <span class='ocrx_word' id='word_1_229' title='bbox 1171 1653 1259 1700; x_wconf 89' lang='lat' dir='ltr'><strong>egit,</strong></span> <span class='ocrx_word' id='word_1_230' title='bbox 1282 1653 1351 1690; x_wconf 90' lang='lat' dir='ltr'><strong>sed</strong></span> <span class='ocrx_word' id='word_1_231' title='bbox 1368 1651 1551 1698; x_wconf 86' lang='lat' dir='ltr'><strong>omnium,</strong></span> 
     </span>
     <span class='ocr_line' id='line_1_29' title="bbox 297 1706 1554 1758; baseline -0.001 -11"><span class='ocrx_word' id='word_1_232' title='bbox 297 1720 399 1758; x_wconf 90' lang='lat' dir='ltr'><strong>quos</strong></span> <span class='ocrx_word' id='word_1_233' title='bbox 428 1709 584 1748; x_wconf 82' lang='lat' dir='ltr'><strong>fortuna</strong></span> <span class='ocrx_word' id='word_1_234' title='bbox 610 1708 780 1746; x_wconf 88' lang='lat' dir='ltr'><strong>inritavit</strong></span> <span class='ocrx_word' id='word_1_235' title='bbox 804 1707 1003 1756; x_wconf 85' lang='lat' dir='ltr'><strong>inplendo.</strong></span> <span class='ocrx_word' id='word_1_236' title='bbox 1052 1707 1196 1757; x_wconf 86' lang='lat' dir='ltr'><strong>Cyrum</strong></span> <span class='ocrx_word' id='word_1_237' title='bbox 1219 1711 1257 1745; x_wconf 88' lang='lat' dir='ltr'><strong>et</strong></span> <span class='ocrx_word' id='word_1_238' title='bbox 1275 1706 1494 1756; x_wconf 83' lang='lat' dir='ltr'><strong>Cambysen</strong></span> <span class='ocrx_word' id='word_1_239' title='bbox 1515 1710 1554 1746; x_wconf 83' lang='lat' dir='ltr'><strong>et</strong></span> 
     </span>
     <span class='ocr_line' id='line_1_30' title="bbox 295 1760 1552 1810; baseline -0.003 -8"><span class='ocrx_word' id='word_1_240' title='bbox 295 1768 419 1802; x_wconf 90' lang='lat' dir='ltr'><strong>totum</strong></span> <span class='ocrx_word' id='word_1_241' title='bbox 436 1764 547 1810; x_wconf 88' lang='lat' dir='ltr'><strong>regni</strong></span> <span class='ocrx_word' id='word_1_242' title='bbox 562 1763 709 1802; x_wconf 81' lang='lat' dir='ltr'><strong>Persici</strong></span> <span class='ocrx_word' id='word_1_243' title='bbox 728 1768 891 1802; x_wconf 89' lang='lat' dir='ltr'><strong>stemma</strong></span> <span class='ocrx_word' id='word_1_244' title='bbox 907 1772 1118 1810; x_wconf 82' lang='lat' dir='ltr'><strong>percense:</strong></span> <span class='ocrx_word' id='word_1_245' title='bbox 1149 1772 1263 1809; x_wconf 89' lang='lat' dir='ltr'><strong>quem</strong></span> <span class='ocrx_word' id='word_1_246' title='bbox 1280 1762 1468 1807; x_wconf 83' lang='lat' dir='ltr'><strong>invenies,</strong></span> <span class='ocrx_word' id='word_1_247' title='bbox 1489 1760 1552 1799; x_wconf 90' lang='lat' dir='ltr'><strong>cui</strong></span> 
     </span>
     <span class='ocr_line' id='line_1_31' title="bbox 296 1814 1552 1865; baseline -0.001 -9"><span class='ocrx_word' id='word_1_248' title='bbox 296 1819 455 1857; x_wconf 88' lang='lat' dir='ltr'><strong>modum</strong></span> <span class='ocrx_word' id='word_1_249' title='bbox 484 1817 638 1865; x_wconf 88' lang='lat' dir='ltr'><strong>imperii</strong></span> <span class='ocrx_word' id='word_1_250' title='bbox 668 1818 828 1856; x_wconf 84' lang='lat' dir='ltr'><strong>satietas</strong></span> <span class='ocrx_word' id='word_1_251' title='bbox 849 1817 1011 1858; x_wconf 72' lang='lat' dir='ltr'><strong>fecerit?</strong></span> <span class='ocrx_word' id='word_1_252' title='bbox 1040 1817 1106 1865; x_wconf 87' lang='lat' dir='ltr'><strong>qui</strong></span> <span class='ocrx_word' id='word_1_253' title='bbox 1125 1826 1204 1855; x_wconf 89' lang='lat' dir='ltr'><strong>non</strong></span> <span class='ocrx_word' id='word_1_254' title='bbox 1224 1815 1342 1854; x_wconf 86' lang='lat' dir='ltr'><strong>vitam</strong></span> <span class='ocrx_word' id='word_1_255' title='bbox 1361 1815 1399 1852; x_wconf 93' lang='lat' dir='ltr'><strong>in</strong></span> <span class='ocrx_word' id='word_1_256' title='bbox 1419 1814 1552 1862; x_wconf 83' lang='lat' dir='ltr'><strong>aliqua</strong></span> 
     </span>
     <span class='ocr_line' id='line_1_32' title="bbox 294 1869 1552 1920; baseline -0.003 -8"><span class='ocrx_word' id='word_1_257' title='bbox 294 1873 458 1912; x_wconf 89' lang='lat' dir='ltr'><strong>ulterius</strong></span> <span class='ocrx_word' id='word_1_258' title='bbox 487 1872 730 1920; x_wconf 88' lang='lat' dir='ltr'><strong>procedendi</strong></span> <span class='ocrx_word' id='word_1_259' title='bbox 761 1872 996 1919; x_wconf 80' lang='lat' dir='ltr'><strong>cogitatione</strong></span> <span class='ocrx_word' id='word_1_260' title='bbox 1022 1871 1191 1911; x_wconf 72' lang='lat' dir='ltr'><strong>finierit?</strong></span> <span class='ocrx_word' id='word_1_261' title='bbox 1235 1880 1309 1909; x_wconf 90' lang='lat' dir='ltr'><strong>nec</strong></span> <span class='ocrx_word' id='word_1_262' title='bbox 1340 1869 1381 1907; x_wconf 87' lang='lat' dir='ltr'><strong>id</strong></span> <span class='ocrx_word' id='word_1_263' title='bbox 1413 1869 1552 1908; x_wconf 88' lang='lat' dir='ltr'><strong>mirum</strong></span> 
     </span>
     <span class='ocr_line' id='line_1_33' title="bbox 296 1923 1553 1975; baseline -0.003 -10"><span class='ocrx_word' id='word_1_264' title='bbox 296 1931 377 1966; x_wconf 85' lang='lat' dir='ltr'><strong>est:</strong></span> <span class='ocrx_word' id='word_1_265' title='bbox 417 1927 606 1975; x_wconf 88' lang='lat' dir='ltr'><strong>quicquid</strong></span> <span class='ocrx_word' id='word_1_266' title='bbox 641 1925 844 1974; x_wconf 84' lang='lat' dir='ltr'><strong>cupiditati</strong></span> <span class='ocrx_word' id='word_1_267' title='bbox 877 1925 1082 1973; x_wconf 84' lang='lat' dir='ltr'><strong>contingit,</strong></span> <span class='ocrx_word' id='word_1_268' title='bbox 1120 1926 1276 1973; x_wconf 85' lang='lat' dir='ltr'><strong>penitus</strong></span> <span class='ocrx_word' id='word_1_269' title='bbox 1307 1923 1482 1962; x_wconf 86' lang='lat' dir='ltr'><strong>hauritur</strong></span> <span class='ocrx_word' id='word_1_270' title='bbox 1513 1927 1553 1965; x_wconf 80' lang='lat' dir='ltr'><strong>et</strong></span> 
     </span>
     <span class='ocr_line' id='line_1_34' title="bbox 296 1977 1551 2029; baseline -0.004 -8"><span class='ocrx_word' id='word_1_271' title='bbox 296 1981 497 2027; x_wconf 87' lang='lat' dir='ltr'><strong>conditur,</strong></span> <span class='ocrx_word' id='word_1_272' title='bbox 535 1991 609 2019; x_wconf 90' lang='lat' dir='ltr'><strong>nec</strong></span> <span class='ocrx_word' id='word_1_273' title='bbox 635 1981 820 2028; x_wconf 84' lang='lat' dir='ltr'><strong>interest,</strong></span> <span class='ocrx_word' id='word_1_274' title='bbox 858 1986 1044 2029; x_wconf 86' lang='lat' dir='ltr'><strong>quantum</strong></span> <span class='ocrx_word' id='word_1_275' title='bbox 1072 1990 1138 2026; x_wconf 89' lang='lat' dir='ltr'><strong>eo,</strong></span> <span class='ocrx_word' id='word_1_276' title='bbox 1176 1978 1282 2027; x_wconf 90' lang='lat' dir='ltr'><strong>quod</strong></span> <span class='ocrx_word' id='word_1_277' title='bbox 1315 1977 1551 2026; x_wconf 86' lang='lat' dir='ltr'><strong>inexplebile</strong></span> 
     </span>
    </p>

    <p class='ocr_par' dir='ltr' id='par_1_8' title="bbox 252 2032 1551 2356">
     <span class='ocr_line' id='line_1_35' title="bbox 252 2032 1551 2083; baseline -0.002 -11"><span class='ocrx_word' id='word_1_278' title='bbox 252 2040 274 2072; x_wconf 82' lang='lat'><strong>2</strong></span> <span class='ocrx_word' id='word_1_279' title='bbox 294 2040 373 2083; x_wconf 88' lang='lat' dir='ltr'><strong>est,</strong></span> <span class='ocrx_word' id='word_1_280' title='bbox 399 2046 606 2083; x_wconf 83' lang='lat' dir='ltr'><strong>congeras.</strong></span> <span class='ocrx_word' id='word_1_281' title='bbox 649 2036 762 2075; x_wconf 85' lang='lat' dir='ltr'><strong>Unus</strong></span> <span class='ocrx_word' id='word_1_282' title='bbox 781 2039 842 2074; x_wconf 89' lang='lat' dir='ltr'><strong>est</strong></span> <span class='ocrx_word' id='word_1_283' title='bbox 860 2035 1040 2083; x_wconf 89' lang='lat' dir='ltr'><strong>sapiens,</strong></span> <span class='ocrx_word' id='word_1_284' title='bbox 1069 2034 1178 2074; x_wconf 90' lang='lat' dir='ltr'><strong>cuius</strong></span> <span class='ocrx_word' id='word_1_285' title='bbox 1199 2032 1329 2072; x_wconf 86' lang='lat' dir='ltr'><strong>omnia</strong></span> <span class='ocrx_word' id='word_1_286' title='bbox 1348 2038 1455 2080; x_wconf 90' lang='lat' dir='ltr'><strong>sunt,</strong></span> <span class='ocrx_word' id='word_1_287' title='bbox 1475 2042 1551 2070; x_wconf 85' lang='lat' dir='ltr'><strong>nee</strong></span> 
     </span>
     <span class='ocr_line' id='line_1_36' title="bbox 294 2085 1550 2136; baseline -0.003 -9"><span class='ocrx_word' id='word_1_288' title='bbox 294 2101 346 2128; x_wconf 87' lang='lat' dir='ltr'><strong>ex</strong></span> <span class='ocrx_word' id='word_1_289' title='bbox 366 2090 516 2136; x_wconf 80' lang='lat' dir='ltr'><strong>difficili</strong></span> <span class='ocrx_word' id='word_1_290' title='bbox 534 2090 694 2132; x_wconf 84' lang='lat' dir='ltr'><strong>tuenda.</strong></span> <span class='ocrx_word' id='word_1_291' title='bbox 723 2101 803 2128; x_wconf 87' lang='lat' dir='ltr'><strong>non</strong></span> <span class='ocrx_word' id='word_1_292' title='bbox 822 2089 941 2130; x_wconf 86' lang='lat' dir='ltr'><strong>habet</strong></span> <span class='ocrx_word' id='word_1_293' title='bbox 959 2089 1168 2131; x_wconf 84' lang='lat' dir='ltr'><strong>mittendos</strong></span> <span class='ocrx_word' id='word_1_294' title='bbox 1188 2092 1294 2127; x_wconf 88' lang='lat' dir='ltr'><strong>trans</strong></span> <span class='ocrx_word' id='word_1_295' title='bbox 1309 2085 1430 2125; x_wconf 86' lang='lat' dir='ltr'><strong>maria</strong></span> <span class='ocrx_word' id='word_1_296' title='bbox 1445 2088 1550 2133; x_wconf 86' lang='lat' dir='ltr'><strong>lega—</strong></span> 
     </span>
     <span class='ocr_line' id='line_1_37' title="bbox 292 2144 1548 2192; baseline -0.001 -10"><span class='ocrx_word' id='word_1_297' title='bbox 292 2149 356 2182; x_wconf 89' lang='lat' dir='ltr'><strong>tos</strong></span> <span class='ocrx_word' id='word_1_298' title='bbox 383 2155 456 2182; x_wconf 89' lang='lat' dir='ltr'><strong>nec</strong></span> <span class='ocrx_word' id='word_1_299' title='bbox 483 2145 667 2183; x_wconf 89' lang='lat' dir='ltr'><strong>metanda</strong></span> <span class='ocrx_word' id='word_1_300' title='bbox 691 2144 729 2183; x_wconf 93' lang='lat' dir='ltr'><strong>in</strong></span> <span class='ocrx_word' id='word_1_301' title='bbox 756 2144 855 2192; x_wconf 88' lang='lat' dir='ltr'><strong>ripis</strong></span> <span class='ocrx_word' id='word_1_302' title='bbox 882 2144 1089 2183; x_wconf 87' lang='lat' dir='ltr'><strong>hostilibus</strong></span> <span class='ocrx_word' id='word_1_303' title='bbox 1117 2146 1264 2187; x_wconf 87' lang='lat' dir='ltr'><strong>castra,</strong></span> <span class='ocrx_word' id='word_1_304' title='bbox 1303 2151 1382 2179; x_wconf 90' lang='lat' dir='ltr'><strong>non</strong></span> <span class='ocrx_word' id='word_1_305' title='bbox 1403 2151 1548 2189; x_wconf 87' lang='lat' dir='ltr'><strong>oppor-</strong></span> 
     </span>
     <span class='ocr_line' id='line_1_38' title="bbox 293 2195 1550 2246; baseline -0.001 -10"><span class='ocrx_word' id='word_1_306' title='bbox 293 2197 400 2236; x_wconf 86' lang='lat' dir='ltr'><strong>tunis</strong></span> <span class='ocrx_word' id='word_1_307' title='bbox 420 2199 592 2237; x_wconf 84' lang='lat' dir='ltr'><strong>castellis</strong></span> <span class='ocrx_word' id='word_1_308' title='bbox 614 2198 863 2246; x_wconf 88' lang='lat' dir='ltr'><strong>disponenda</strong></span> <span class='ocrx_word' id='word_1_309' title='bbox 877 2196 1087 2246; x_wconf 87' lang='lat' dir='ltr'><strong>praesidia.</strong></span> <span class='ocrx_word' id='word_1_310' title='bbox 1106 2206 1185 2234; x_wconf 91' lang='lat' dir='ltr'><strong>non</strong></span> <span class='ocrx_word' id='word_1_311' title='bbox 1200 2205 1303 2243; x_wconf 91' lang='lat' dir='ltr'><strong>opus</strong></span> <span class='ocrx_word' id='word_1_312' title='bbox 1320 2201 1380 2234; x_wconf 89' lang='lat' dir='ltr'><strong>est</strong></span> <span class='ocrx_word' id='word_1_313' title='bbox 1395 2195 1550 2242; x_wconf 77' lang='lat' dir='ltr'><strong>legione</strong></span> 
     </span>
     <span class='ocr_line' id='line_1_39' title="bbox 295 2249 1549 2300; baseline -0.003 -10"><span class='ocrx_word' id='word_1_314' title='bbox 295 2261 369 2296; x_wconf 81' lang='lat' dir='ltr'><strong>uec</strong></span> <span class='ocrx_word' id='word_1_315' title='bbox 399 2253 650 2300; x_wconf 88' lang='lat' dir='ltr'><strong>equestribus</strong></span> <span class='ocrx_word' id='word_1_316' title='bbox 683 2253 831 2291; x_wconf 89' lang='lat' dir='ltr'><strong>turmis.</strong></span> <span class='ocrx_word' id='word_1_317' title='bbox 887 2250 1221 2299; x_wconf 81' lang='lat' dir='ltr'><strong>Quemadmodum</strong></span> <span class='ocrx_word' id='word_1_318' title='bbox 1254 2249 1294 2288; x_wconf 93' lang='lat' dir='ltr'><strong>di</strong></span> <span class='ocrx_word' id='word_1_319' title='bbox 1325 2249 1549 2288; x_wconf 88' lang='lat' dir='ltr'><strong>inmortales</strong></span> 
     </span>
     <span class='ocr_line' id='line_1_40' title="bbox 295 2303 1549 2356; baseline -0.002 -12"><span class='ocrx_word' id='word_1_320' title='bbox 295 2316 458 2356; x_wconf 81' lang='lat' dir='ltr'><strong>regnum</strong></span> <span class='ocrx_word' id='word_1_321' title='bbox 485 2307 656 2352; x_wconf 85' lang='lat' dir='ltr'><strong>inermes</strong></span> <span class='ocrx_word' id='word_1_322' title='bbox 680 2312 823 2355; x_wconf 82' lang='lat' dir='ltr'><strong>regunt</strong></span> <span class='ocrx_word' id='word_1_323' title='bbox 846 2310 886 2345; x_wconf 91' lang='lat' dir='ltr'><strong>et</strong></span> <span class='ocrx_word' id='word_1_324' title='bbox 910 2306 986 2344; x_wconf 87' lang='lat' dir='ltr'><strong>illis</strong></span> <span class='ocrx_word' id='word_1_325' title='bbox 1012 2314 1142 2346; x_wconf 88' lang='lat' dir='ltr'><strong>rerum</strong></span> <span class='ocrx_word' id='word_1_326' title='bbox 1169 2314 1328 2344; x_wconf 88' lang='lat' dir='ltr'><strong>suarum</strong></span> <span class='ocrx_word' id='word_1_327' title='bbox 1362 2314 1412 2343; x_wconf 85' lang='lat' dir='ltr'><strong>ex</strong></span> <span class='ocrx_word' id='word_1_328' title='bbox 1444 2303 1549 2345; x_wconf 85' lang='lat' dir='ltr'><strong>edito</strong></span> 
     </span>
    </p>
   </div>
  </div>
 </body>
</html>
