1592 2580
316 177 400 219 262
692 176 737 215 L.
763 175 954 215 ANNAEI
982 175 1206 216 SENECAE

319 278 412 327 quia
430 285 605 325 superne
626 275 837 322 dimittitur,
865 275 959 314 etin
977 286 1051 315 nos
1071 276 1174 316 cadit
1187 275 1401 316 vehemens
1417 282 1456 318 et
1469 289 1572 328 acer,

318 331 428 382 quod
455 342 534 370 non
555 331 669 370 susus
690 341 821 379 neque
841 341 913 378 per
932 335 1106 379 apertum
1123 332 1247 380 venit,
1274 332 1346 370 sed
1366 332 1516 372 laborat
1535 338 1573 372 et

315 387 389 427 iter
418 386 492 424 sibi
521 386 558 423 vi
586 396 632 423 ac
661 395 795 433 pugna
822 389 944 433 parat.
993 385 1065 423 Hic
1092 386 1173 424 fere
1197 387 1329 427 brevis
1355 386 1472 426 flatus
1500 393 1572 436 est,

318 442 411 491 quia
429 442 683 489 receptacula
703 440 883 486 nubium,
914 449 985 488 per
1012 450 1114 488 quae
1141 441 1345 489 ferebatur,
1375 452 1422 479 ac
1449 443 1572 480 muni-

316 502 448 536 menta
468 494 698 544 perrumpit.
728 494 818 533 ideo
839 495 1101 533 tumultuosus
1118 494 1239 543 venit,
1263 496 1472 545 aliquando
1493 508 1573 536 non

281 553 303 587 3
318 552 403 591 sine
431 551 522 600 igne
550 561 597 589 ac
627 559 727 588 sono
747 549 859 588 coeli.
906 549 954 587 Hi
976 550 1080 589 venti
1099 550 1219 589 multo
1237 551 1405 590 maiores
1425 552 1573 590 diutur-

316 607 531 654 nioresque
560 609 670 654 sunt,
698 604 733 644 si
761 604 860 643 alios
890 614 1050 653 quoque
1076 604 1193 643 flatus
1223 615 1273 643 ex
1296 606 1432 644 eadem
1454 616 1574 645 causa

316 662 484 700 fluentes
513 661 551 698 in
579 670 623 699 se
653 659 898 698 abstulerunt
916 664 955 698 et
980 659 1017 697 in
1039 670 1161 698 unum
1180 659 1408 699 confluxere
1426 662 1572 709 plures,

316 716 417 755 sicut
440 720 633 754 torrentes
662 714 842 753 modicae
869 714 1145 762 magnitudinis
1166 719 1277 763 eunt,
1307 715 1492 763 quamdiu
1510 726 1573 754 se-

317 771 464 819 paratis
493 780 591 807 suus
623 779 764 807 cursus
794 773 872 807 est:
912 779 1000 807 cum
1026 779 1120 814 vero
1148 770 1282 817 plures
1310 769 1349 807 in
1377 780 1421 808 se
1448 780 1572 818 aquas

316 827 614 872 converterunt,
644 823 847 862 fluminum
868 824 1057 862 iustorum
1077 834 1122 862 ac
1139 824 1366 872 perennium
1381 825 1572 873 magnitu-

279 883 301 916 4
316 881 446 918 dinem
474 879 685 917 excedunt.
737 878 845 916 Idem
874 877 1058 916 credibile
1078 883 1138 917 est
1157 879 1241 917 fieri
1261 879 1355 917 etin
1375 879 1573 928 procellis,

314 940 357 973 ut
383 934 527 976 breves
554 934 650 980 sint,
681 933 866 981 quamdiu
895 933 1072 980 singulae
1100 938 1207 972 sunt:
1234 933 1301 971 ubi
1323 945 1417 972 vero
1445 934 1573 972 socia·

313 998 408 1027 vere
426 988 533 1027 vires
554 993 593 1026 et
612 999 662 1026 ex
682 987 860 1037 pluribus
881 989 980 1026 coeli
1001 987 1175 1035 partibus
1195 988 1315 1026 elisus
1333 989 1490 1036 spiritus
1505 998 1572 1027 eo·

278 1047 298 1080 5
316 1043 406 1081 dem
433 1052 479 1081 se
507 1044 687 1090 contulit,
718 1048 756 1081 et
781 1043 936 1091 inpetus
963 1043 1038 1080 illis
1067 1042 1221 1081 accedit
1240 1047 1277 1081 et
1302 1053 1424 1081 mora.
1466 1043 1574 1083 Facit

315 1107 409 1145 ergo
437 1102 597 1135 ventum
623 1098 799 1136 resoluta
825 1097 965 1135 nubes.
1006 1107 1107 1146 quae
1134 1096 1311 1145 pluribus
1339 1097 1466 1137 modis
1494 1098 1573 1136 sol-

313 1153 435 1189 vitur:
461 1162 756 1199 nonnumquam
776 1151 1115 1199 conglobationem
1137 1152 1240 1190 illam
1256 1153 1417 1200 spiritus
1431 1152 1575 1200 rumpit

315 1209 638 1253 [nonnumquam]
659 1206 799 1244 inclusi
821 1206 914 1244 etin
935 1206 1080 1244 exitum
1098 1206 1254 1245 nitentis
1275 1207 1453 1254 luctatio,
1476 1214 1571 1245 non—

313 1270 528 1308 numquam
554 1261 673 1307 calor‚
706 1270 821 1308 quem
848 1260 967 1298 modo
996 1261 1055 1299 sol
1083 1260 1192 1308 fecit,
1223 1262 1455 1312 modoipsa
1473 1262 1571 1299 arie-

312 1315 406 1353 tatio
427 1325 658 1362 magnorum
678 1313 779 1353 inter
799 1325 843 1353 se
867 1324 1078 1362 corporum
1098 1319 1136 1353 et
1154 1315 1330 1354 adtritus.

279 1376 298 1409 1
394 1368 495 1406 XIII.
534 1369 637 1408 Hoc
672 1370 802 1416 loco,
833 1369 867 1407 si
892 1369 960 1407 tibi
989 1369 1152 1416 videtur,
1183 1370 1356 1417 quaeri
1383 1374 1569 1419 potest,

315 1434 401 1462 cur
429 1423 574 1462 turbo
605 1425 621 1461 s
628 1424 706 1462 iat.
747 1423 915 1462 Evenire
930 1424 968 1461 in
985 1423 1210 1462 fluminibus
1228 1425 1340 1471 solet,
1360 1429 1414 1472 ut,
1436 1435 1570 1472 quam-

314 1478 382 1516 diu
401 1478 486 1515 sine
506 1478 772 1526 inpedimento
789 1478 975 1525 feruntur,
1004 1479 1170 1526 simplex
1187 1484 1225 1518 et
1243 1484 1392 1517 rectum
1410 1479 1485 1517 illis
1499 1479 1572 1517 iter

313 1533 381 1570 sit:
410 1532 478 1570 ubi
497 1533 744 1571 incurrerunt
761 1532 798 1570 in
819 1533 980 1581 aliquod
1000 1543 1139 1571 saxum
1159 1533 1209 1571 ad
1229 1535 1330 1572 latus
1351 1533 1462 1583 ripae
1481 1543 1571 1582 pro-

311 1587 486 1633 minens,
515 1591 818 1635 retorqueantur
845 1592 883 1626 et
909 1588 947 1626 in
971 1587 1103 1626 orbem
1123 1599 1249 1636 aquas
1270 1589 1355 1627 sine
1375 1589 1480 1627 exitu
1499 1588 1569 1626 sse-

313 1646 438 1689 ctant‚
467 1642 518 1679 ita
537 1646 579 1679 ut
598 1642 845 1680 circumlatae
865 1642 902 1679 in
924 1652 967 1680 se
984 1643 1216 1681 sorbeantur
1231 1648 1269 1682 et
1284 1643 1470 1682 vorticem
1485 1642 1569 1681 effi-

276 1701 297 1734 2
314 1696 429 1734 ciant.
488 1695 554 1734 Sic
581 1701 722 1734 ventus
736 1726 745 1743 ‚
785 1697 970 1744 quamdiu
996 1697 1090 1735 nihil
1125 1698 1296 1744 obstitit,
1336 1697 1440 1736 vires
1473 1707 1569 1735 suas

314 1750 498 1788 effundit:
528 1750 595 1787 ubi
623 1751 756 1799 aliquo
787 1751 1057 1799 promuntorio
1080 1762 1342 1800 repercussus
1367 1757 1428 1791 est
1446 1756 1512 1790 aut
1530 1750 1571 1790 vi

311 1805 491 1843 locorum
521 1805 742 1843 coeuntium
765 1805 803 1843 in
825 1807 999 1844 canalem
1021 1807 1216 1845 devexum
1235 1812 1469 1855 tenuemque
1490 1807 1570 1844 col-

311 1860 457 1907 lectus,
478 1859 639 1907 saepius
655 1860 694 1897 in
711 1869 756 1897 se
770 1860 966 1899 volutatur
981 1861 1224 1910 similemque
1241 1862 1333 1909 illis,
1355 1871 1453 1909 quas
1469 1860 1568 1898 dixi-

273 1918 398 1952 3mus
427 1914 602 1952 converti
622 1924 768 1961 aquas,
798 1915 890 1953 facit
908 1915 1107 1953 vorticem.
1152 1916 1224 1954 Hic
1242 1921 1382 1954 ventus
1403 1915 1568 1953 circum-

311 1973 424 2007 actus
445 1974 482 2007 et
502 1969 682 2007 eumdem
701 1969 877 2007 ambiens
897 1970 1026 2008 locum
1046 1981 1092 2008 ac
1108 1981 1152 2009 se
1166 1971 1255 2019 ipsa
1267 1969 1456 2018 vertigine
1474 1980 1568 2008 con·-

312 2023 436 2062 citans
458 2023 571 2062 turbo
594 2028 666 2062 est.
698 2023 764 2071 qui
785 2023 818 2061 si
834 2026 1052 2072 pugnacior
1066 2031 1127 2064 est
1140 2036 1187 2063 ac
1201 2025 1345 2063 diutius
1360 2026 1566 2072 volutatur,

310 2076 573 2115 inflammatur
591 2082 630 2116 et
652 2077 772 2116 efficit
789 2079 893 2125 quod
915 2085 1147 2127 prestera
1169 2080 1305 2118 Graeci
1323 2084 1481 2118 vocant:
1501 2079 1566 2117 hic

311 2136 372 2170 est
390 2133 531 2180 igneus
551 2133 678 2172 turbo.
724 2132 744 2156 *
758 2132 858 2171 Hinc
883 2135 966 2172 fere
986 2134 1115 2173 omnia
1129 2135 1303 2183 pericula
1319 2134 1423 2173 venti
1439 2134 1565 2181 erupti

311 2186 361 2225 de
381 2187 553 2225 nubibus
575 2186 811 2235 prodeunt*‚
843 2189 986 2235 quibus
1006 2193 1180 2228 armenta
1193 2189 1393 2238 rapiantur
1408 2193 1446 2227 et
1458 2192 1564 2227 totae

310 2251 435 2279 naves
456 2241 494 2279 in
515 2242 681 2280 sublime
705 2243 897 2280 tollantur.

270 2302 292 2337 4
389 2294 620 2335 Etiamnunc
651 2297 809 2345 quidam
835 2297 941 2336 venti
969 2297 1149 2336 diversos
1177 2308 1227 2337 ex
1252 2308 1296 2337 se
1323 2300 1510 2347 generant
1528 2298 1568 2335 et
