1592 2580
297 165 350 204 80
658 165 701 202 L.
726 164 914 203 ANNAEI
942 164 1164 204 SENECAE

295 265 439 302 maluit.
485 264 623 302 referri
642 263 696 301 illi
715 264 839 310 glatia
857 268 934 301 tam
954 265 1044 312 lon„
1024 275 1073 302 o
1094 265 1222 312 spatio
1242 275 1320 304 non
1340 266 1482 313 potuit·
1509 268 1548 305 in

292 320 395 356 illius
416 324 639 380 respectum
657 318 731 355 iste
753 318 898 365 populo
921 319 1159 366 praesideat,
1180 330 1256 357 non
1280 320 1371 367 quia
1390 321 1465 358 scit
1484 328 1549 359 aut

253 377 274 410 3
292 378 441 420 potest,
464 373 535 410 sed
557 373 648 419 quia
667 373 766 410 alius
786 382 857 419 pro
878 372 944 410 illo
964 373 1113 412 meruit.
1142 374 1213 411 Hic
1234 375 1400 421 corpore
1420 376 1548 414 defor-

291 427 364 464 mis
393 432 471 471 est,
501 427 695 474 adspectu
724 427 864 463 foedus
892 431 930 464 et
949 431 1175 465 ornamenta
1194 438 1265 465 sua
1284 430 1546 468 traducturus.

290 482 367 518 iam
395 491 459 518 me
482 481 662 519 homines
690 481 952 529 accusabunt,
981 488 1140 520 caecum
1167 487 1205 519 et
1224 484 1470 521 temerarium
1491 484 1548 521 di-

292 540 400 581 cent,
422 536 682 581 nescientem,
705 546 783 582 quo
804 535 892 573 loco
913 547 1014 584 quae
1034 536 1196 574 summis
1218 542 1335 593 atque
1355 539 1547 575 excellen-

293 590 452 627 tissimis
474 589 684 636 debentur,
707 600 870 637 ponam:
890 596 929 628 at
946 601 1019 638 ego
1041 590 1124 629 scio
1146 583 1235 628 alio'
1240 601 1302 628 me
1320 591 1423 629 istud
1443 593 1548 639 dar,e

250 645 272 677 4
292 644 367 681 alio
396 643 488 682 olim
516 644 686 681 debitum
709 645 876 682 solvere.
921 616 1034 684 Unode
1056 645 1119 683 isti
1139 650 1280 683 norunt
1299 646 1405 683 illum
1425 657 1548 694 quon-

292 699 380 735 dam
397 698 546 745 gloriae
563 699 766 745 sequentis
785 699 1097 746 fugacissimum,
1123 710 1170 737 eo
1186 701 1295 737 voltu
1309 700 1360 737 ad
1377 701 1551 747 pericula

293 757 468 799 euntem,
500 762 579 799 quo
603 753 668 790 alii
693 763 714 789 e
739 753 912 800 periculo
936 754 1127 791 redeunt?
1165 764 1378 801 numquam
1406 754 1551 793 bonum

293 817 406 844 suum
427 817 449 843 a
472 807 627 853 publico
649 807 977 854 distinguentem?
1003 808 1096 854 Ubi,
1117 808 1267 856 inquis,
1289 808 1362 846 iste
1382 813 1448 846 aut
1463 810 1551 856 quis

293 865 379 899 est?
414 861 519 899 unde
538 871 612 899 vos
633 861 770 899 scitis?
810 863 930 909 Apud
956 872 1018 899 me
1037 863 1135 900 istae
1156 872 1421 909 expensorum
1441 873 1551 901 acce-

292 921 530 963 ptorumque
548 916 721 954 rationes
744 916 1045 963 dispunguntur.
1083 927 1157 964 ego
1186 917 1280 964 quid
1306 917 1368 955 cui
1388 917 1552 955 debeam

294 969 391 1008 scio.
431 969 517 1007 aliis
539 976 629 1017 post
649 972 804 1018 longam
825 970 928 1008 diem
947 969 1121 1019 repono,
1141 971 1226 1009 aliis
1246 971 1284 1008 in
1305 977 1553 1010 antecessum

294 1034 339 1061 ac
356 1029 471 1072 prout
481 1025 640 1062 occasio
652 1030 690 1062 et
698 1025 938 1072 reipublicae
953 1035 1064 1063 meae
1081 1026 1245 1063 facultas
1262 1026 1383 1063 tulit.“
1397 1027 1552 1074 Ingrato

294 1088 388 1125 ergo
417 1079 630 1125 aliquando
660 1080 874 1126 quaedam,
907 1080 979 1117 sed
1006 1091 1082 1118 non
1106 1086 1266 1127 propter
1286 1080 1415 1128 ipsum
1437 1081 1552 1118 dabo.

254 1138 270 1169 1
373 1132 543 1170 XXXIII.
575 1133 709 1179 „Quid
731 1134 785 1179 si,
813 1133 956 1180 inquit,
985 1134 1135 1180 nescis,
1166 1140 1290 1172 utrum
1311 1135 1483 1182 ingratus
1505 1135 1555 1172 sit

296 1197 343 1223 an
359 1191 506 1234 gratus,
527 1187 780 1234 exspectabis
797 1187 925 1225 donec
941 1187 1046 1225 scias
1064 1199 1111 1225 an
1129 1188 1249 1226 dandi
1264 1189 1444 1227 beneficii
1459 1194 1554 1227 tem-

294 1251 371 1288 pus
400 1252 479 1279 non
506 1243 688 1279 amittes?
727 1241 972 1288 Exspectare
1001 1243 1159 1294 longum
1189 1247 1267 1289 est,
1301 1254 1407 1289 nam,
1434 1248 1476 1280 ut
1503 1244 1556 1280 ait

294 1295 450 1341 Platon,
487 1295 691 1342 „difficilis
719 1296 876 1334 humani
898 1296 1013 1333 animi
1034 1297 1258 1334 coniectura
1279 1302 1349 1334 est.
1386 1307 1464 1335 non
1486 1308 1567 1335 ex-·

294 1355 474 1398 spectare
490 1350 734 1387 temerarium
751 1354 849 1388 est.“
868 1350 967 1388 Huic
983 1350 1324 1398 respondebimus,
1341 1362 1553 1399 numquam

296 1410 532 1451 exspectare
571 1415 645 1443 nos
689 1404 945 1442 certissimam
987 1415 1116 1442 rerum
1159 1406 1552 1453 conprehensionem,

299 1459 483 1506 quoniam
511 1458 549 1495 in
579 1459 702 1496 arduo
733 1464 794 1497 est
823 1459 904 1496 veri
932 1460 1172 1507 exploratio,
1205 1460 1276 1497 sed
1298 1470 1344 1497 ea
1363 1461 1438 1505 ire,
1473 1470 1552 1507 qua

297 1514 403 1551 ducit
437 1512 522 1551 veri
551 1513 776 1551 similitudo.
823 1512 945 1551 Omne
971 1514 1044 1564 hac
1074 1514 1135 1551 via
1163 1515 1342 1562 procedit
1370 1514 1553 1553 officium.

297 1569 354 1604 sic
384 1568 571 1613 serimus,
601 1568 658 1605 sic
686 1567 937 1615 navigamuS,
966 1568 1023 1605 sic
1051 1568 1283 1616 militamus,
1318 1569 1375 1606 sic
1407 1579 1568 1607 uxores·

296 1622 497 1669 ducimus,
518 1622 575 1659 sic
595 1622 742 1661 liberos
761 1622 952 1661 tollimus:
973 1632 1060 1660 cum
1082 1623 1253 1660 omnium
1272 1623 1410 1661 horum
1431 1623 1554 1660 inccr-

296 1682 359 1714 tus
388 1676 438 1714 sit
464 1681 649 1722 eventuS‚
678 1677 729 1714 ad
757 1686 804 1714 ea
830 1677 1076 1724 accedimus,
1104 1677 1154 1714 de
1182 1677 1323 1725 quibus
1342 1677 1444 1714 bene
1465 1686 1553 1724 spe-

296 1731 462 1769 randum
483 1741 574 1768 esse
594 1731 805 1770 credimus.
844 1730 933 1778 quis
954 1731 1055 1768 enim
1075 1731 1282 1778 pofflcetur
1301 1732 1444 1770 serenti
1463 1741 1554 1779 pro-

296 1790 476 1830 ventum,
514 1785 712 1832 naviganti
744 1790 921 1833 portum,
955 1785 1129 1823 militanti
1163 1785 1383 1834 victoriam,
1417 1785 1554 1824 marito

299 1839 482 1887 pudicam
500 1849 684 1886 uxorem,
707 1840 807 1887 patri
824 1840 913 1888 pios
935 1840 1109 1878 liberos?
1136 1841 1336 1887 sequimur
1352 1850 1430 1888 qua
1442 1841 1552 1886 ratio,

260 1899 281 1932 3
302 1905 378 1932 non
407 1904 486 1942 qua
509 1894 810 1932 veritas'trahit.
853 1894 1072 1942 Exspecta,
1106 1899 1148 1932 ut
1174 1894 1248 1932 nisi
1268 1894 1369 1931 bene
1389 1904 1553 1932 cessura

300 1959 377 1985 non
399 1948 521 1987 facias
542 1953 581 1986 et
599 1947 674 1987 nisi
697 1953 885 1996 conperta
904 1950 1065 1987 veritate
1085 1948 1178 1986 nihil
1198 1949 1366 1986 moveris
1380 1963 1389 1981 r
1417 1948 1552 1986 relicto

301 2003 404 2039 omni
433 2008 523 2041 actu
542 2003 622 2040 vita
649 2003 840 2041 consistit.
885 2003 977 2040 Cum
1005 2002 1228 2041 verisimilia
1246 2012 1307 2040 me
1329 2004 1367 2039 in
1386 2002 1462 2040 hoc
1488 2007 1554 2039 aut

300 2057 336 2092 in
367 2058 460 2094 illud
489 2057 694 2105 inpellant,
723 2068 802 2095 non
827 2067 942 2104 vera,
974 2067 1010 2094 e1
1028 2057 1259 2095 beneficium
1279 2056 1402 2103 dabo,
1437 2067 1567 2104 quem·

302 2111 514 2149 verisimile
535 2112 607 2149 e1it
625 2117 775 2159 gratum
796 2121 900 2149 esse.

259 2170 278 2202 1
379 2165 550 2203 XXXIV.
579 2166 742 2212 „Multa‚
762 2166 905 2213 inquit,
925 2165 1197 2210 intervenient,
1221 2169 1379 2211 propter
1395 2173 1496 2211 quae
1516 2169 1554 2201 et

300 2220 425 2256 malus
455 2230 525 2266 pro
553 2220 658 2259 bono
687 2221 875 2268 subrepat
902 2226 940 2258 et
966 2220 1093 2258 bonus
1122 2229 1192 2266 pro
1213 2219 1313 2256 malo
1335 2217 1550 2266 displiceat.

301 2273 461 2312 fallaces
477 2276 579 2312 enim
598 2279 689 2314 sunt
702 2285 830 2313 rerum
846 2275 1022 2323 species,
1043 2273 1182 2321 quibus
1204 2273 1437 2311 credimus.“
1458 2271 1552 2320 Quis

252 1354 274 1386 N>
