1624 2626
470 86 489 103 η
562 80 577 97 Q

175 158 179 161 ¹
243 189 378 230 mAL.
407 189 458 228 v.
510 187 579 227 DE
606 186 698 225 IRA
723 185 819 224 Lm.
849 184 915 222 111.
948 187 1108 226 17—19.
1252 174 1340 221 95‘

28 297 186 332 natores
205 295 246 329 et
263 289 420 338 equites
438 288 645 328 Romanos
665 296 746 325 uno
768 285 831 324 die
846 283 1020 333 flagellis
1042 282 1197 332 cecidit,
1225 287 1305 322 tor—

26 349 88 395 sit,
109 358 190 386 non
217 344 477 395 quaestionis,
498 343 571 382 sed
587 341 707 381 animi
724 351 860 380 causa.
897 340 1045 379 deinde
1065 340 1169 380 adeo
1191 339 1306 388 inpa-
1326 342 1350 376 4

24 405 126 444 tiens
145 402 219 441 fuit
244 400 492 440 differendae
512 397 741 447 voluptatis,
770 407 887 446 quam
909 396 1110 445 ingentem
1135 394 1306 435 crudeli-

25 465 88 499 tas
110 459 196 497 cius
217 458 305 496 sine
325 456 514 496 dilatione
535 454 742 504 poscebat,
770 457 812 492 ut
830 453 869 491 in
888 458 1012 503 xysto
1035 458 1306 492 maternorum

24 514 242 559 hortorum,
265 513 333 562 qui
355 512 550 561 porticum
570 522 594 549 a
610 503 701 559 riba
717 513 889 558 separat,
907 508 1163 547 inambulans
1182 518 1307 558 quos·

26 571 118 609 dam
139 580 190 608 ex
212 568 288 608 illis
309 579 397 607 cum
417 567 610 606 matronis
641 573 762 615 atque
782 564 872 604 aliis
892 563 1147 604 senatoribus
1177 565 1229 603 ad
1248 563 1306 602 lu·

26 636 185 665 cernam
209 625 438 664 decollaret.
496 623 598 671 Quid
622 622 823 661 instabat?
852 620 964 670 quod
992 619 1213 670 periculum
1241 624 1310 658 aut

24 682 221 731 privatum
250 685 318 719 aut
343 680 549 729 publicum
575 689 655 718 una
681 689 764 717 nox
790 677 1042 716 minabatur?
1071 676 1309 725 quantulum

25 737 98 777 suit
113 738 241 776 lucem
272 741 510 785 exspectare
539 734 727 784 denique,
751 745 802 773 ne
832 738 1042 782 senatores
1063 731 1308 782 populiRo·

25 794 131 832 mani
151 793 328 832 soleatus
350 791 577 831 occideret?

102 849 204 888 XIX.
234 848 359 896 Quam
377 847 552 896 superba
568 846 684 885 fuerit
699 845 915 885 crudelitas
939 844 1026 884 eius
1043 844 1096 884 ad
1114 855 1197 883 rem
1219 854 1308 893 per-
1331 853 1349 886 1

27 904 124 943 tinet
145 905 260 952 scire,
283 914 524 953 quamquam
546 902 732 941 aberrare
758 900 876 940 alIcui
899 901 1103 950 possimus
1122 900 1252 939 videri
1272 904 1311 938 et

27 961 66 998 in
88 960 247 999 devium
267 959 395 998 exire:
427 959 498 997 sed
528 958 606 996 hoc
624 958 757 1007 ipsum
778 969 872 1006 pars
893 958 968 996 erit
996 958 1080 995 irae
1099 967 1222 1005 super
1243 967 1309 995 so-

27 1016 95 1055 lita
118 1015 345 1054 saevientis.
384 1014 589 1054 Ceciderat
609 1013 779 1062 flagellis
799 1019 1031 1052 senatores:
1052 1012 1142 1061 ipse
1163 1012 1309 1060 effecit,

26 1077 70 1111 ut
88 1071 165 1110 dici
185 1071 332 1120 possit:
362 1071 465 1109 solet
485 1069 584 1108 fieri.
621 1074 794 1108 torserat
812 1079 886 1117 per
906 1068 1039 1108 omnia
1063 1078 1168 1116 quae
1186 1067 1225 1106 in
1245 1079 1308 1106 re-

25 1138 112 1166 rum
139 1132 279 1165 natura
307 1125 534 1166 tristissima
564 1130 670 1173 sunt,
701 1125 889 1172 fidiculis,
915 1123 1122 1172 talaribus,
1153 1125 1307 1171 eculeo,

26 1183 129 1232 igne,
149 1183 258 1222 voltu
275 1193 360 1222 suo.
393 1182 442 1220 Et
456 1182 533 1221 hoc
550 1182 640 1221 loco
657 1181 983 1230 respondebitur:
1006 1191 1189 1229 magnam
1204 1185 1308 1218 rem!
1330 1184 1354 1217 2

27 1239 61 1278 si
81 1244 163 1277 tres
183 1243 389 1277 senatores
413 1238 529 1287 quasi
548 1248 722 1286 nequam
741 1237 942 1286 mancipia
960 1238 1062 1277 inter
1082 1237 1251 1275 verbera
1270 1242 1309 1276 et

28 1294 210 1334 flammas
233 1294 370 1333 divisit
387 1294 519 1341 homo,
551 1295 616 1342 qui
638 1294 689 1332 de
706 1299 789 1333 toto
816 1299 959 1332 senatu
977 1293 1216 1332 trucidando
1241 1302 1307 1331 co-

27 1350 186 1399 gitabat,
209 1350 276 1399 qui
297 1350 469 1399 optabat,
488 1355 532 1389 ut
551 1350 726 1398 populus
742 1350 950 1389 Romanus
968 1360 1088 1388 unam
1110 1350 1308 1387 cervicem

29 1405 202 1454 haberet,
223 1411 265 1444 ut
284 1408 437 1445 scelera
457 1416 531 1445 sua
549 1411 608 1445 tot
626 1406 726 1444 locis
747 1416 794 1444 ac
816 1406 1064 1454 temporibus
1085 1405 1247 1444 diducta
1269 1405 1307 1443 in

30 1472 151 1500 unum
171 1462 288 1500 ictum
318 1467 356 1501 et
373 1473 493 1501 unum
515 1462 620 1500 diem
641 1466 815 1510 cogeret.
859 1462 956 1511 quid
982 1466 1062 1500 tam
1087 1461 1307 1499 inauditum

33 1527 152 1565 quam
168 1522 402 1556 nocturnum
418 1518 686 1567 supplicium?
706 1529 796 1556 cum
809 1518 1017 1556 latrocinia
1029 1517 1204 1556 tenebris
1215 1517 1307 1555 abs-

32 1572 150 1612 condi
171 1573 337 1619 soleant,
367 1574 745 1622 animadversiones,
777 1584 857 1622 quo
878 1574 1057 1613 notiores
1082 1577 1185 1621 sunt,
1215 1574 1306 1621 plus

30 1629 70 1667 in
90 1628 317 1677 exemplum
336 1629 731 1678 emendationemque
758 1629 983 1679 proficiant.
1039 1629 1089 1668 Et
1115 1628 1194 1667 hoc
1216 1629 1309 1668 loco
1327 1632 1350 1666 3

30 1684 340 1733 respondebitur
360 1684 476 1722 m1hi=
503 1686 612 1733 quod
633 1690 742 1724 tanto
767 1696 890 1735 opere
910 1686 1133 1733 admiraris,
1154 1685 1219 1724 isti
1239 1685 1307 1724 be—

31 1740 119 1778 luae
141 1739 383 1779 cotidianum
404 1743 477 1778 est,
513 1741 564 1778 ad
581 1740 658 1779 hoc
672 1741 780 1790 vivit,
800 1742 852 1780 ad
871 1741 949 1780 hoc
973 1741 1122 1789 vigilat,
1151 1741 1202 1779 ad
1230 1740 1311 1779 hoc

30 1795 224 1834 lucubrat.
253 1796 376 1834 Nemo
388 1799 494 1834 certe
512 1796 733 1835 invenietur
748 1798 863 1845 alius,
881 1798 948 1846 qui
961 1797 1215 1846 imperaverit
1225 1807 1308 1835 om-

31 1850 147 1890 nibus
169 1851 230 1899 iis,
250 1852 288 1890 in
312 1862 414 1899 quos
431 1850 689 1891 animadverti
708 1853 878 1901 iubebat,
899 1864 947 1893 os
966 1854 1116 1891 inserta
1137 1852 1309 1901 spongia

30 1906 189 1956 includi,
210 1918 260 1946 ne
275 1907 389 1946 vocis
405 1907 640 1946 emittendae
659 1908 851 1947 haberent
866 1910 1104 1948 facultatem.
1136 1909 1199 1946 cui
1225 1919 1308 1947 um-

34 1973 152 2011 quam
173 1963 362 2002 morituro
389 1974 469 2002 non
490 1968 551 2001 est
568 1964 744 2002 relictum
771 1975 850 2013 qua
869 1969 1073 2013 gemeret?
1100 1964 1236 2011 timuit,
1259 1974 1309 2002 ne

33 2029 151 2067 quam
170 2018 395 2058 liberiorem
415 2029 556 2057 vocem
575 2024 777 2058 extremus
798 2021 914 2059 dolor
932 2020 1112 2066 mitteret,
1141 2029 1192 2058 ne
1212 2019 1308 2068 quid

33 2074 142 2122 quod
168 2075 290 2114 nollet
315 2075 480 2115 audiret.
536 2075 688 2114 sciebat
716 2081 846 2115 autem
873 2074 1175 2115 innumerabilia
1200 2085 1305 2125 esse,

34 2140 137 2178 quae
158 2130 318 2170 obicere
336 2130 392 2169 illi
412 2141 528 2170 nemo
549 2129 625 2168 nisi
642 2130 837 2179 periturus
858 2131 1036 2170 auderet.
1068 2131 1162 2170 Cum
1183 2141 1306 2180 spon-
1326 2137 1351 2173 4

33 2185 122 2233 giae
141 2196 222 2225 non
241 2186 522 2234 invenirentur,
545 2185 675 2225 scindi
697 2188 930 2226 vestimenta
951 2186 1186 2226 miserorum
1206 2193 1246 2227 et
1264 2188 1306 2227 in

33 2251 81 2279 os
101 2241 234 2280 sarciri
245 2252 403 2291 pannos
417 2242 647 2291 imperavit:
670 2253 774 2291 quae
791 2243 868 2281 ista
888 2242 1054 2281 saevitia
1072 2247 1161 2283 est?
1189 2243 1308 2283 liceat

33 2295 209 2336 ultimum
230 2296 410 2347 spiritum
430 2298 600 2337 trahere.
637 2297 688 2336 da
708 2296 886 2340 exiturae
905 2298 1058 2337 animae
1078 2299 1222 2339 locum.
1259 2299 1306 2338 li·

37 2356 122 2391 ceat
139 2352 245 2393 illam
265 2365 344 2394 non
371 2364 443 2405 per
461 2355 605 2395 volnus
631 2352 820 2394 emittere.
857 2354 1029 2394 Adicere
1055 2354 1118 2394 his
1145 2355 1305 2405 longum
1326 2363 1349 2396 5
