1592 2580
299 159 381 201 290
673 156 717 196 L.
743 123 931 196 RNNAEI
960 155 1184 196 SENECAE

300 263 412 310 parte
427 265 696 307 suppressam.
716 256 822 294 idem
833 255 980 295 Sidone
995 254 1190 294 accidisse
1198 253 1410 294 Posidonio
1424 253 1554 293 crede.

299 325 374 354 nec
393 314 443 352 ad
464 313 541 351 hoc
560 311 726 351 testibus
747 321 850 359 opus
871 315 949 348 est:
978 309 1221 348 meminimus
1242 309 1344 348 enim
1362 308 1475 348 terris
1497 308 1554 346 in·

298 376 410 409 terno
443 372 552 406 motu
584 366 751 405 divulsis
783 366 873 404 loca
904 364 1069 402 disiecta
1098 368 1136 401 et
1167 374 1327 413 campos
1359 363 1554 402 interisse.

300 423 431 473 quod
472 422 566 460 iam
607 421 788 471 dicam,
830 417 1240 494 quemadmodum
1273 418 1556 457 existimem

301 479 333 516 l*
324 488 429 516 ier1

265 540 283 572 1
322 552 324 555 ·
378 531 498 570 XXV.
529 530 624 569 Cum
646 527 807 577 spiritus
826 538 969 577 magna
987 528 1026 565 vi
1040 537 1207 566 vacuum
1222 531 1411 566 terrarum
1427 527 1557 565 locum

300 587 457 636 penitus
479 584 654 634 opplevit
672 583 885 631 coepitque
902 583 1021 621 rixari
1040 587 1079 621 et
1097 582 1147 620 de
1166 582 1273 620 exitu
1289 580 1479 629 cogitare,
1502 581 1556 618 la-

298 647 384 681 tera
404 641 511 689 ipsa,
539 640 639 677 inter
659 649 763 686 quae
781 638 890 686 latet,
917 637 1078 686 saepius
1101 636 1285 685 percutit,
1315 646 1436 683 supra
1456 643 1558 684 quae

299 696 420 735 urbes
441 694 635 733 interdum
655 693 753 731 sitae
773 696 876 731 sunt.
910 692 1009 730 haec
1030 701 1324 739 nonnumquam
1345 690 1444 728 adeo
1465 699 1557 727 con-

302 750 510 796 cutiuntur,
540 752 584 787 ut
601 747 782 786 aedificia
801 745 1056 796 superposita
1072 746 1347 794 procumbant,
1368 753 1557 782 nonnum-

302 815 421 852 quam
440 805 478 842 in
498 808 665 849 tantum,
683 807 726 840 ut
746 801 936 849 parietes,
959 801 1103 850 quibus
1124 800 1245 839 fertur
1261 809 1376 839 omne
1390 798 1560 847 tegimen

303 859 409 906 cavi,
439 857 623 896 decidant
650 857 689 894 in
717 856 822 894 illum
852 855 1194 894 subtervacantem
1220 855 1351 893 locum
1375 854 1560 899 totaeque

265 913 422 954 2urbes
448 913 487 950 in
515 911 734 950 inmensam
767 910 1010 949 altitudinem
1041 913 1217 957 vergant.
1272 908 1313 947 Si
1347 907 1444 946 velis
1477 916 1559 944 cre-

303 969 418 1015 dere,
447 967 555 1005 aiunt
572 965 785 1013 aliquando
806 965 946 1003 Ossam
963 964 1132 1014 Olympo
1149 963 1397 1009 cohaesisse,
1418 960 1561 1000 deinde

303 1029 494 1062 terrarum
521 1026 631 1059 motu
655 1020 877 1058 recessisse
903 1024 942 1058 et
966 1019 1103 1057 fissam
1120 1017 1237 1056 unius
1257 1016 1561 1065 magnitudinem

303 1076 447 1115 montis
474 1076 511 1113 in
541 1076 641 1114 duas
661 1079 805 1123 partes.
838 1079 931 1113 tunc
950 1073 1053 1121 effu
1033 1072 1139 1112 isse
1157 1072 1333 1118 Peneon,
1366 1070 1432 1119 qui
1447 1069 1562 1132 ‘palu

305 1133 398 1179 des,
427 1130 571 1178 quibus
599 1130 791 1168 laboravit
811 1128 1034 1174 Thessalia,
1065 1127 1227 1166 siccavit
1245 1125 1425 1164 abductis
1445 1125 1483 1162 in
1504 1134 1561 1170 se,

307 1195 410 1234 quae
430 1185 516 1223 sine
536 1185 642 1222 exitu
658 1187 952 1231 stagnaverant,
977 1182 1104 1230 aquis.
1149 1181 1287 1219 Ladon
1302 1180 1447 1218 flumen
1463 1179 1562 1217 inter

304 1240 391 1278 Elin
418 1243 458 1277 et
483 1238 773 1286 Megalenpolin
799 1237 952 1275 medius
979 1241 1058 1284 est,
1088 1246 1204 1284 quem
1223 1239 1413 1273 terrarum
1433 1237 1561 1271 motus

270 1294 455 1334 Seffudit.
500 1293 575 1331 Per
601 1292 677 1330 hoc
706 1292 801 1340 quid
828 1291 982 1340 probo?
1019 1290 1059 1328 in
1085 1291 1199 1328 laxos
1229 1299 1374 1338 specus
1392 1312 1448 1318 —
1468 1287 1563 1335 quid

307 1348 409 1387 enim
435 1347 539 1385 aliud
570 1347 766 1394 adpellem
793 1346 883 1385 loca
908 1355 1035 1384 vacua
1061 1345 1135 1383 sub
1163 1348 1363 1382 terra2—
1384 1342 1563 1390 spiritum

308 1403 532 1442 convenire.
570 1401 679 1449 quod
705 1401 780 1439 nisi
800 1403 926 1448 esset,
953 1409 1096 1446 magna
1113 1403 1303 1437 terrarum
1323 1397 1450 1445 spatia
1470 1406 1562 1434 con-

307 1461 560 1496 moverentur
581 1461 620 1495 et
644 1466 725 1494 una
750 1456 870 1494 multa
895 1454 1123 1495 titubarent:
1159 1462 1265 1491 nunc
1284 1451 1452 1501 exiguae
1474 1460 1562 1500 par-

307 1519 368 1552 tes
387 1511 567 1550 laborant
584 1520 658 1548 nec
677 1521 862 1559 umquam
884 1521 954 1558 per
973 1510 1142 1548 ducenta
1159 1509 1264 1546 milia
1281 1512 1410 1546 motus
1431 1511 1560 1545 exten-

310 1567 423 1606 ditur.
477 1566 582 1604 Ecce
607 1565 691 1613 hic,
728 1564 796 1614 qui
821 1565 983 1613 inplevit
1002 1564 1144 1602 fabulis
1165 1563 1316 1608 orbem,
1344 1572 1418 1600 nec
1437 1567 1563 1600 trans-

272 1621 463 1663 4scendit
490 1620 752 1668 Campaniam.
800 1619 899 1668 Quid
925 1620 1072 1666 dicam,
1103 1629 1192 1657 cum
1220 1617 1371 1657 Chalcis
1400 1616 1563 1662 tremuit,

309 1676 464 1714 Thebas
484 1675 669 1713 stetisse?
697 1685 784 1713 cum
803 1674 995 1713 laboravit
1011 1673 1197 1721 Aegium,
1222 1676 1300 1710 tam
1320 1671 1563 1720 propinquas

310 1731 364 1769 illi
389 1730 524 1768 Patras
552 1729 602 1767 de
633 1735 740 1768 motu
767 1729 862 1767 nihil
888 1729 1076 1768 audisse?
1109 1727 1175 1766 illa
1200 1731 1312 1765 vasta
1338 1724 1563 1771 concussio,

312 1796 414 1834 quae
436 1785 535 1823 duas
557 1786 780 1832 suppressit
797 1784 937 1830 urbes,
964 1783 1124 1821 Helicen
1146 1787 1185 1821 et
1201 1781 1338 1829 Burin,
1366 1781 1470 1819 eirca
1486 1781 1562 1816 Ae-

311 1841 415 1889 gium
438 1839 621 1878 constitit.
667 1839 844 1886 Adparet
865 1848 976 1886 ergo,
1004 1838 1043 1875 in
1064 1842 1212 1876 tantum
1231 1837 1406 1897 spatium·
1418 1839 1564 1872 motum

310 1894 567 1944 protendere,
591 1898 778 1942 quantum
796 1893 862 1931 illa
881 1893 955 1933 sub
974 1892 1088 1931 terris
1106 1892 1284 1930 vacantis
1305 1889 1382 1929 ioci
1395 1888 1564 1928 inanitas

312 1953 454 1998 pateat.

275 2011 295 2044 1
390 2003 529 2042 XXVI.
563 2002 742 2042 Poteram
771 2002 821 2041 ad
847 2001 924 2040 hoc
947 2001 1192 2050 probandum
1213 1999 1317 2038 abuti
1336 1997 1565 2036 auctoritate

311 2068 541 2107 magnorum
567 2057 764 2105 virorum,
794 2057 861 2106 qui
884 2057 1109 2106 Aegyptum
1129 2064 1338 2102 numquam
1357 2052 1565 2091 uemuisse

311 2113 481 2152 tradunt.
508 2113 699 2151 rationem
718 2117 846 2151 autem
861 2111 977 2150 huius
992 2112 1048 2149 rei
1063 2111 1164 2149 hanc
1177 2109 1366 2155 reddunt,
1389 2107 1498 2155 quod
1513 2116 1565 2144 ex

311 2168 404 2206 limo
422 2172 505 2206 tota
524 2167 779 2206 concreverit.
812 2171 958 2205 tantum
978 2166 1100 2213 enim,
1116 2165 1162 2203 ‚si
1180 2164 1349 2202 Homero
1370 2162 1470 2200 fides
1492 2165 1564 2208 est,

286 2251 287 2254 η
314 2221 448 2261 aberat
475 2233 499 2260 a
525 2222 736 2260 continenti
755 2222 924 2268 Pharos,
952 2225 1137 2270 quantum
1155 2218 1266 2257 navis
1287 2217 1426 2255 diurno
1446 2226 1565 2254 cursu

314 2276 440 2316 metiri
456 2276 585 2327 plenis
605 2278 683 2317 lata
703 2277 799 2316 velis
818 2279 970 2326 potest,
997 2275 1070 2315 sed
1089 2272 1299 2314 continenti
1315 2272 1470 2311 admota
1484 2274 1563 2310 est:
