1598 2606
360 137 427 177 DE
454 134 735 176 BENEFICIIS
762 133 921 174 LIB.II.
950 140 985 174 1.
1003 139 1039 174 2.
1290 131 1343 174 15

71 242 191 289 cito,
228 239 336 279 sine
370 239 476 278 ulla
513 237 843 277 dubitatione.
898 236 1102 286 Ingratum
1132 241 1195 277 est
1220 236 1381 276 bene-2

70 296 222 345 ficium,
257 294 368 344 quod
395 294 465 333 diu
491 293 592 332 inter
623 304 766 333 manus
793 292 923 332 dantis
943 293 1094 342 haesit,
1123 293 1233 342 quod
1253 294 1342 343 quis

69 362 189 402 aegre
213 350 407 400 dimittere
432 349 546 388 visus
575 353 637 392 est
663 355 702 389 et
725 349 783 389 sic
802 348 899 388 dare
917 353 1121 398 tamquam
1140 349 1248 399 [sibi]
1269 349 1343 387 eri—

68 412 242 458 peretur.
286 406 414 445 Etiam
435 405 469 445 si
491 405 587 454 quid
605 416 744 445 morae
766 405 995 454 intervenit,
1025 405 1220 444 evitemus
1237 405 1344 445 omni

68 464 190 503 modo
220 472 271 501 ne
293 461 542 501 deliberasse
560 461 781 500 videamur.
818 461 1027 510 proximus
1048 464 1112 499 est
1130 471 1154 499 a
1172 465 1346 509 negante

71 520 140 569 qui
167 517 379 565 dubitavit,
404 518 636 566 nullamque
663 516 759 556 iniet
778 516 956 565 gratiam.
991 527 1084 555 nam
1106 527 1197 555 cum
1218 517 1258 554 in
1279 516 1346 554 be-

69 574 213 614 neficio
232 573 521 613 iucundissima
541 573 593 612 sit
610 571 819 611 tribuentis
832 572 1039 621 voluntas,
1062 572 1130 621 qui
1146 572 1347 611 nolentem

70 641 116 670 se
133 630 322 669 tribuisse
341 628 433 677 ipsa
452 626 706 667 cunctatione
724 632 893 667 testatus
915 633 996 676 est,
1026 639 1108 667 non
1124 628 1251 675 dedit,
1274 627 1349 666 sed

70 686 266 725 adversus
287 685 499 723 ducentem
518 684 622 722 male
642 684 822 723 retinuit:
851 684 962 722 multi
978 688 1110 723 autem
1130 689 1223 722 sunt
1244 694 1347 732 quos

70 741 244 781 liberalis
266 740 360 779 facit
376 741 517 779 frontis
533 739 757 779 infirmitas.
796 738 1031 779 Gratissima
1047 743 1140 778 sunt
1152 738 1350 778 beneficia
1363 740 1387 775 3

72 802 229 846 parata,
267 795 418 843 facilia,
457 794 726 843 occurrentia,
763 795 832 834 ubi
860 796 970 834 nulla
988 805 1101 833 mora
1119 795 1193 834 fuit
1211 794 1290 833 nisi
1309 794 1351 832 in

73 851 306 900 accipientis
334 851 590 890 verecundia.
643 850 842 899 Optimum
876 856 939 890 est
972 850 1212 890 antecedere
1245 850 1350 889 desi-

74 909 224 947 derium
248 902 462 955 cuiusque,
492 906 718 955 proximum
748 906 876 955 sequi.
914 907 1012 945 illud
1032 906 1195 955 melius,
1231 916 1352 946 occu-

73 974 171 1012 pare
191 968 404 1012 antequam
421 973 627 1011 rogemur,
658 962 769 1011 quia,
800 972 888 1000 cum
908 962 1059 1001 homini
1075 963 1204 1011 probo
1220 962 1272 1000 ad
1286 973 1351 1001 ro-

73 1019 248 1068 gandum
268 1029 315 1057 os
336 1022 548 1057 concurrat
567 1023 605 1057 et
625 1017 891 1057 subsundatur
910 1018 1055 1064 rubor,
1087 1018 1155 1067 qui
1175 1018 1253 1057 hoc
1271 1022 1350 1057 tor-

73 1080 248 1114 mentum
261 1073 431 1121 remittit,
451 1072 686 1121 multiplicat
700 1083 845 1111 munus
863 1084 992 1112 suum.
1025 1073 1113 1112 Non
1129 1074 1216 1112 tulit
1231 1074 1353 1121 gratis
1368 1076 1391 1109 4

75 1130 161 1178 qui,
194 1141 282 1169 cum
301 1133 506 1177 rogasset,
537 1129 713 1177 accepit,
745 1128 934 1178 quoniam
955 1129 1137 1178 quidem,
1165 1134 1210 1168 ut
1228 1130 1351 1169 maio-

73 1186 184 1225 ribus
218 1185 388 1233 nostris,
427 1184 677 1234 gravissimis
709 1185 828 1232 viris,
865 1184 999 1223 visum
1027 1190 1109 1233 est,
1143 1186 1252 1224 nulla
1284 1196 1351 1224 res

75 1242 206 1280 carius
230 1245 386 1280 constat
406 1251 525 1288 quam
546 1250 650 1289 quae
669 1240 858 1290 precibus
879 1244 1014 1289 empta
1033 1245 1107 1280 est.
1154 1241 1262 1280 Vota
1279 1241 1351 1280 ho-

72 1297 201 1336 mines
230 1297 391 1345 parcius
416 1298 612 1344 facerent,
640 1297 675 1335 si
693 1296 827 1345 palam
846 1295 1032 1335 facienda
1053 1301 1211 1335 essent:
1248 1296 1351 1335 adeo

76 1353 191 1392 etiam
218 1354 344 1400 deos,
384 1352 532 1400 quibus
565 1351 852 1391 honestissime
887 1352 1190 1401 supplicamus,
1233 1353 1352 1391 tacite

75 1410 270 1447 malumus
290 1413 329 1446 et
349 1409 452 1446 intra
469 1408 742 1457 nosmetipsos
763 1407 934 1456 precari.

157 1464 206 1500 ll.
240 1463 453 1502 Molestum
479 1463 647 1501 verbum
668 1468 749 1510 est,
778 1473 1015 1510 onerosum,
1046 1463 1224 1502 demisso
1243 1466 1354 1503 voltu
1372 1472 1389 1503 1

79 1518 309 1566 dicendum,
327 1529 381 1557 ro
393 1529 467 1566 go.
494 1517 614 1557 huius
634 1519 820 1558 facienda
838 1524 901 1558 est
920 1519 1048 1567 gratia
1067 1520 1195 1558 amico
1215 1524 1254 1558 et
1274 1521 1354 1558 cui-

79 1583 261 1622 cumque,
280 1584 398 1622 quem
413 1572 584 1612 amicum
599 1574 657 1612 sis
672 1574 939 1623 promerendo
955 1575 1145 1614 facturus.
1163 1581 1356 1624 properet

78 1630 189 1677 licet,
218 1639 310 1668 sero
337 1629 578 1667 beneficium
605 1629 715 1669 dedit
735 1630 802 1679 qui
829 1631 987 1678 roganti
1007 1630 1129 1670 dedit.
1179 1632 1275 1670 Ideo
1295 1631 1354 1669 di-

77 1685 253 1723 vinanda
274 1685 470 1733 cuiusque
491 1685 674 1724 voluntas
696 1690 754 1733 et,
786 1695 876 1724 cum
891 1685 1090 1725 intellecta
1105 1692 1184 1735 est,
1214 1697 1355 1725 neces-

80 1740 195 1779 sitate
215 1740 454 1788 gravissima
473 1739 644 1788 rogandi
662 1740 871 1779 liberanda
890 1746 969 1780 est:
999 1741 1096 1780 illud
1115 1743 1356 1781 beneficium

80 1797 297 1835 iucundum
314 1796 593 1844 victurumque
611 1795 650 1833 in
671 1796 801 1835 animo
823 1797 950 1846 sciaS,
979 1798 1090 1846 quod
1109 1797 1269 1836 obviam
1286 1808 1354 1836 ve-

80 1853 148 1891 nit.
206 1851 248 1890 Si
277 1862 358 1890 non
388 1851 581 1899 contingit
607 1852 862 1901 praevenire,
889 1852 1007 1901 plura
1032 1854 1212 1901 rogantis
1231 1853 1392 1895 verba2

79 1907 382 1953 intercidamus,
420 1917 471 1945 ne
491 1907 632 1955 rogati
663 1906 890 1956 videamur,
929 1908 1003 1947 sed
1036 1909 1228 1948 certiores
1262 1909 1356 1948 facti

82 1964 212 2002 statim
245 1964 545 2011 promittamus,
586 1963 846 2012 facturosque
880 1974 956 2002 nos
990 1963 1109 2003 etiam
1142 1969 1355 2014 antequam

82 2019 378 2067 interpellemur
394 2049 404 2067 ,
447 2018 538 2067 ipsa
576 2018 828 2058 festinatione
865 2019 1151 2068 adprobemus.
1212 2020 1354 2069 Quem-

83 2074 298 2113 admodum
317 2074 357 2112 in
379 2074 510 2122 aegris
531 2074 809 2122 opportunitas
825 2074 902 2113 cibi
918 2076 1103 2114 salutaris
1119 2081 1181 2115 est
1197 2082 1236 2115 et
1251 2087 1355 2125 aqua

83 2131 317 2178 tempestive
353 2130 447 2168 data
481 2129 648 2168 remedii
679 2130 811 2168 locum
840 2130 1025 2178 obtinuit,
1061 2132 1132 2180 ita,
1172 2128 1352 2181 quamvis

84 2186 171 2223 leve
198 2190 237 2224 et
261 2186 424 2234 volgare
442 2184 683 2224 beneficium
706 2185 775 2233 sit,
805 2185 840 2224 si
859 2190 1022 2234 praesto
1043 2187 1134 2236 fuit,
1165 2188 1199 2226 si
1217 2190 1353 2237 proxi—

85 2251 187 2279 mam
217 2251 419 2289 quamque
445 2240 586 2280 horam
612 2252 693 2280 non
722 2241 915 2290 perdidit,
949 2243 1113 2282 multum
1141 2243 1216 2283 sibi
1234 2244 1355 2283 adicit

87 2296 333 2346 gratiamque
351 2297 519 2347 pretiosi
539 2298 613 2337 sed
634 2295 728 2337 lenti
748 2301 788 2338 et
807 2296 876 2339 diu
895 2297 1054 2348 cogitati
1073 2300 1248 2340 muneris
1270 2301 1355 2338 vin-
