1592 2580
308 165 360 205 82
677 163 720 201 L.
749 151 935 201 ANNAEI
965 162 1188 205 SENECAE

306 264 538 313 peregrinus
557 262 794 312 adparuisti:
822 274 902 302 non
930 268 992 302 est
1007 262 1101 301 mihi
1119 273 1205 301 cum
1225 268 1386 302 externo
1407 273 1552 302 connu-

265 324 285 356 2
305 320 424 357 bium.
469 318 607 356 eadem
633 328 697 355 res
723 327 785 355 me
813 317 987 356 defendit
1012 327 1113 366 quae
1139 322 1255 356 vetat.
1302 319 1410 356 Tunc
1435 318 1552 356 fidem

307 373 455 419 saliam,
475 378 568 411 tunc
586 371 871 411 inconstantiae
891 372 1035 410 crimen
1049 372 1222 418 audiam,
1244 372 1296 419 si,
1317 382 1405 410 cum
1424 373 1553 410 omnia

277 432 279 437 ·
306 426 447 465 eadem
477 427 555 465 sint
583 436 687 475 quae
714 430 824 464 eraut
842 426 1089 474 promittente
1109 436 1190 473 me,
1220 437 1298 465 non
1319 427 1551 474 praestitero

303 481 765 528 promissum==alioquin
794 480 981 529 quicquid
1007 484 1192 527 mutatur,
1220 480 1433 518 libertatern
1464 481 1554 518 facit

305 536 355 574 de
383 535 533 583 integro
562 535 795 573 consulendi
824 540 862 573 et
879 544 942 573 me
961 534 1039 572 fide
1057 534 1204 574 liberat.
1246 534 1411 572 Promisi
1431 535 1551 572 advo-

305 590 516 628 cationem:
555 594 696 637 postea
729 589 910 636 adparuit
940 598 1012 637 per
1043 589 1146 626 illam
1174 599 1334 627 causam
1360 589 1552 636 praeiudi-

305 645 406 682 cium
433 644 471 681 in
498 650 647 692 patrem
666 653 794 681 meum
823 643 970 691 quaeri.
1009 642 1172 691 promisi
1197 653 1259 680 me
1286 652 1449 690 peregre
1475 653 1555 681 una

305 698 516 736 exiturum:
554 698 626 736 sed
653 697 725 735 iter
750 698 924 736 infestari
944 696 1152 735 latrociniis
1175 697 1379 735 nuntiatur.
1415 695 1454 733 in
1473 707 1554 733 rein

304 757 552 799 praesentem
586 758 774 790 venturus
808 752 881 790 fui:
917 752 989 790 sed
1021 761 1139 799 aeger
1165 751 1268 789 filius
1295 756 1333 788 et
1359 761 1553 798 puerpera

260 815 281 848 3
303 817 403 844 uxor
420 811 536 844 tenet.
559 805 696 844 Omnia
716 817 807 844 esse
826 806 980 852 debent,
998 816 1099 854 quae
1116 806 1269 843 suerunt
1288 815 1376 843 cum
1397 806 1552 852 promit-

304 867 445 906 terem,
472 865 514 898 ut
541 860 799 908 promittentis
827 861 944 898 fidem
974 865 1122 898 teneas.
1164 870 1266 907 quae
1285 863 1412 897 autem
1432 860 1555 897 maior

302 914 386 952 fieri
406 915 563 953 mutatio
582 919 731 962 potest,
754 925 871 963 quam
891 915 924 953 si
944 919 982 952 te
1002 915 1143 952 malum
1162 913 1288 951 virum
1308 919 1345 951 et
1364 914 1554 961 ingratum

304 967 492 1016 conperi2
530 969 637 1017 quod
666 974 862 1017 tamquam
893 969 1011 1017 digno
1032 968 1192 1016 dabam,
1222 968 1380 1015 indigno
1401 967 1552 1015 negabo

303 1028 340 1060 et
358 1023 557 1060 irascendi
579 1033 738 1071 quoque
758 1033 916 1061 causam
933 1023 1088 1062 habebo
1112 1023 1315 1070 deceptus.

265 1081 282 1111 1
382 1076 556 1114 XXXVI.
599 1077 809 1124 Inspiciam
841 1082 970 1115 tamen
1003 1082 1042 1115 et
1074 1081 1259 1125 quantum
1293 1077 1361 1123 sit,
1394 1077 1444 1113 de
1475 1087 1552 1124 quo

305 1131 451 1177 agitur:
485 1130 592 1168 dabit
622 1131 716 1168 mihi
743 1131 949 1169 consilium
977 1131 1197 1178 promissae
1228 1131 1284 1168 rei
1317 1131 1470 1181 modus.
1513 1129 1551 1167 Si

305 1185 489 1232 exiguum
515 1189 594 1231 est,
623 1185 745 1230 dabo,
774 1195 851 1223 non
880 1185 972 1232 quia
998 1185 1140 1232 dignus
1166 1195 1229 1231 es,
1260 1185 1329 1222 sed
1352 1185 1442 1232 quia
1463 1194 1553 1232 pro-

303 1238 404 1276 misi.
435 1248 508 1276 nec
523 1244 719 1286 tamquam
735 1249 875 1277 munus
891 1239 993 1276 dabo
1004 1269 1013 1285 ‚
1034 1239 1106 1276 sed
1121 1239 1243 1276 verba
1262 1249 1349 1276 mea
1365 1238 1554 1276 redimam

304 1298 342 1330 et
365 1303 500 1330 aurem
518 1292 611 1330 mihi
638 1294 862 1341 perveliam.
903 1292 1045 1331 damno
1073 1292 1274 1340 castigabo
1295 1292 1553 1340 promittentis

302 1347 576 1384 temeritatem:
598 1357 718 1394 „ecce
732 1352 775 1385 ut
793 1347 922 1384 doleat
938 1347 1028 1394 tibi,
1049 1352 1092 1385 ut
1109 1353 1250 1394 postea
1269 1346 1553 1385 consideratius

302 1402 489 1449 loquaris,
504 1401 630 1448 (quod
647 1401 778 1439 dicere
794 1402 997 1448 solemus‚)
1013 1401 1240 1448 linguarium
1259 1401 1401 1438 dabo.“
1420 1400 1460 1438 Si
1474 1411 1553 1438 ma-

303 1456 365 1493 ius
381 1456 471 1502 erit,
492 1465 568 1493 non
587 1456 838 1501 committam,
860 1455 1189 1504 quemadmodum
1203 1455 1411 1492 Maecenas
1426 1455 1496 1501 ait,
1515 1460 1556 1491 ut

299 1511 468 1548 ‘sestertio
491 1512 628 1548 centies
647 1510 865 1558 obiurqatus
885 1511 966 1548 sim.
999 1510 1097 1547 inter
1120 1519 1210 1548 sese
1233 1509 1335 1547 enim
1350 1513 1554 1557 utrumque

304 1564 543 1612 conparabo.
582 1563 654 1601 Est
672 1564 835 1612 aliquid,
858 1565 898 1601 in
926 1575 974 1603 eo
996 1564 1103 1612 quod
1123 1563 1349 1612 promiseris
1369 1573 1553 1610 perseve-

303 1629 402 1656 rare.
432 1623 493 1658 est
506 1628 644 1656 rursus
660 1619 818 1657 multum
838 1618 875 1656 in
893 1629 960 1666 eo,
976 1629 1024 1656 ne
1040 1618 1198 1666 indigno
1219 1617 1448 1655 beneficium
1469 1618 1552 1655 des.

303 1673 379 1711 hoc
399 1676 528 1710 tamen
549 1677 735 1720 quantum
756 1677 840 1710 est?
875 1673 909 1710 si
931 1674 1036 1718 leve,
1065 1673 1354 1710 conniveamus.
1399 1672 1432 1709 si
1458 1681 1552 1708 vero

304 1737 446 1774 magno
465 1726 558 1764 mihi
578 1731 645 1765 aut
670 1727 900 1765 detrimento
921 1732 986 1766 aut
1007 1726 1139 1765 rubori
1158 1727 1348 1773 futurum,
1367 1727 1468 1763 malo
1491 1736 1551 1762 se-
1589 1736 1592 1780 j

304 1782 379 1818 mel
400 1790 612 1827 excusare,
647 1791 768 1829 quare
795 1781 1039 1830 negaverim,
1073 1791 1189 1828 quam
1218 1790 1396 1827 semper,
1431 1790 1552 1827 quare
1588 1781 1590 1831 g

262 1846 283 1879 3
304 1836 491 1873 dederim.
520 1836 679 1882 Totum,
701 1836 876 1883 inquam,
898 1837 935 1873 in
956 1847 1004 1874 eo
1023 1840 1100 1882 est,
1123 1835 1254 1882 quanti
1273 1834 1456 1881 promissi
1477 1833 1551 1870 mei
1586 1835 1589 1888 J

302 1890 423 1927 verba
454 1894 653 1927 taxentur:
696 1901 773 1928 non
799 1895 946 1928 tantum
974 1889 1080 1938 quod
1107 1894 1251 1927 temere
1278 1888 1438 1935 promisi
1463 1887 1552 1924 reti-

301 1943 416 1989 nebo,
440 1944 512 1982 sed
533 1945 637 1991 quod
658 1955 736 1983 non
755 1949 862 1983 recte
882 1944 972 1982 dedi
990 1948 1174 1992 repetam.
1202 1943 1363 1980 demens
1382 1946 1462 1987 est,
1485 1942 1550 1988 qui
1583 1941 1586 1990 1

302 1999 420 2035 fidem
443 2003 617 2045 praestat
636 1999 771 2037 errori.
1582 2010 1584 2043 μ

263 2066 281 2096 1
382 2051 569 2090 XXXVII.
608 2053 810 2101 Philippus
829 2053 1087 2091 Macedonum
1114 2062 1184 2090 rex
1203 2051 1372 2089 habebat
1392 2050 1549 2087 militem
1581 2057 1583 2063 ‘

305 2117 421 2144 manu
445 2107 601 2153 sortem,
634 2108 746 2145 cuius
771 2107 810 2145 in
834 2107 963 2145 multis
989 2104 1299 2154 expeditionibus
1328 2105 1457 2142 utilem
1483 2114 1549 2140 ex·
1579 2139 1580 2142 ,

304 2166 439 2207 pertus
475 2171 634 2209 operam
667 2161 833 2200 subinde
873 2171 923 2199 ex
956 2161 1102 2208 praeda
1132 2158 1278 2207 aliquid
1313 2158 1366 2196 illi
1398 2157 1549 2195 virtutis
1577 2143 1580 2189 Ι

307 2224 427 2251 causa
455 2215 670 2253 donaverat
697 2221 735 2254 et
761 2215 955 2254 hominem
972 2214 1121 2252 venalis
1141 2213 1291 2250 animae
1314 2212 1460 2250 crebris
1482 2222 1548 2249 au-
1576 2196 1592 2236 '=

306 2271 552 2308 ctoramentis
583 2270 831 2309 accendebat.
873 2270 945 2308 Hic
972 2268 1181 2316 naufragus
1210 2268 1246 2305 in
1268 2265 1548 2315 possessiones

261 1411 282 1442 [Q
