1592 2580
312 103 497 143 NATUR.
520 101 734 150 QUAEST.
759 102 854 141 LIB.
872 103 918 140 Π.
946 108 1004 144 58.
1024 108 1082 144 59.
1258 103 1338 144 211

60 210 337 243 contemneres
356 213 464 250 eum,
497 203 565 252 qui
588 204 690 242 inter
708 203 909 253 perituros
930 202 1170 244 constitutus
1189 204 1340 244 benefi-

59 261 108 298 cii
128 261 217 299 loco
238 263 412 308 peteret,
432 264 475 298 ut
496 259 656 298 ultimus
679 258 876 298 cervicem
893 260 1129 308 praeberet?
1153 260 1263 299 Idem
1284 261 1340 299 sa-

59 316 206 354 cimus:
235 325 380 363 magno
407 315 666 354 aestimamus
694 314 980 354 tardius-mori.
1019 315 1063 354 In
1084 326 1224 355 omnes
1247 326 1344 355 con-
1361 322 1383 355 8

59 371 234 410 stitutum
262 375 325 409 est
352 369 522 419 capitale
550 371 790 420 supplicium
819 374 858 409 et
877 370 1038 420 quidem
1059 372 1342 411 constitutione

56 425 288 466 iustissima.
327 437 438 472 nam,
475 427 586 475 quod
611 436 799 474 magnum
828 428 932 466 solet
950 437 1045 465 esse
1065 427 1251 466 solatium
1272 438 1341 466 ex-

54 487 182 521 trema
201 483 406 530 passuris,
430 493 601 530 quorum
619 483 758 521 eadem
774 492 919 530 causa,
941 486 980 521 et
998 493 1089 534 sors
1104 482 1246 531 eadem
1267 488 1340 522 est.

53 536 99 576 si
129 546 393 586 sequeremur
418 537 550 576 traditi
573 549 597 576 a
624 538 757 576 iudice
783 542 852 576 aut
873 537 1128 586 magistratu,
1163 537 1341 578 carnifici

54 598 194 632 nostro
222 598 519 642 praestaremus
551 593 812 643 obsequium:
842 593 938 642 quid
966 594 1132 633 interest
1157 594 1210 633 ad
1235 606 1339 634 mor-

54 654 134 688 tem
157 649 258 688 iussi
279 659 416 687 eamus
437 660 486 686 an
509 648 617 686 nati?
655 647 685 687 Ο
713 654 753 687 te
773 649 997 687 dementem
1018 654 1058 688 et
1077 648 1242 694 oblitum
1262 651 1338 689 fra·
1361 657 1382 692 9

54 704 213 753 gilitatis
233 709 324 743 tuae
337 735 347 752 ‚
369 704 404 743 si
424 709 518 742 tunc
538 709 706 743 mortem
724 705 862 752 times,
893 714 982 743 cum
1003 709 1133 744 tonat!
1171 705 1281 744 Itane
1299 707 1338 744 in

52 759 131 798 hoc
152 761 262 799 salus
283 765 350 798 tua
369 760 560 799 vertitur?
589 758 724 807 vives,
746 760 780 798 si
801 761 947 800 fulmen
966 759 1183 809 effugeris?
1209 761 1340 810 Repe-

53 820 109 854 tet
129 820 165 854 te
185 816 355 864 gladius,
378 820 487 864 petet
508 814 633 864 lapis,
656 816 800 864 perdet
819 815 929 854 bilis:
959 826 1039 854 non
1058 816 1272 856 maximum
1289 828 1338 856 ex

55 871 243 920 periculis
264 871 363 918 tuis,
385 871 459 910 sed
479 871 828 920 speciosissimum
848 871 996 909 fulmen
1016 875 1089 910 est.
1123 871 1230 911 Male
1257 874 1333 912 sci·
1352 879 1396 912 10

53 927 144 966 licet
169 931 301 966 actum
333 925 408 966 erit
434 932 584 974 tecum,
613 926 649 965 si
675 937 841 966 sensum
868 926 1008 966 mortis
1042 931 1135 966 tuae
1157 928 1338 967 celeritas

53 982 207 1021 infinita
234 982 485 1032 praeveniet,
516 982 551 1020 si
577 993 687 1021 mors
716 987 785 1022 tua
811 987 1070 1032 procuratur,
1104 983 1139 1022 si
1166 993 1218 1022 ne
1246 988 1339 1025 tunc

0 1039 1 1076 ξ
53 1038 236 1087 quidem,
268 1048 359 1076 cum
386 1038 594 1086 exspiras,
621 1047 923 1086 supervacuus,
957 1038 1033 1076 sed
1059 1038 1227 1078 alicuius
1255 1050 1337 1078 ma-

52 1104 156 1141 gnae
183 1094 240 1132 rei
269 1093 428 1142 signum
454 1104 512 1132 es.
554 1092 659 1131 Male
688 1092 842 1132 scilicet
858 1093 987 1142 agitur
1006 1098 1156 1143 tecum,
1191 1094 1336 1134 sicum

53 1148 217 1188 fulmine
237 1149 437 1188 conderis.
477 1148 559 1187 Sed
579 1148 768 1197 pavescis
797 1148 847 1187 ad
878 1148 980 1188 coeli
1009 1149 1206 1199 fragorem
1229 1155 1267 1189 et
1286 1151 1392 1192 adli

51 1205 170 1243 inane
192 1203 371 1243 nubilum
389 1204 567 1254 trepidas
589 1208 648 1252 et,
678 1203 863 1253 quotiens
892 1204 1045 1253 aliquid
1071 1204 1239 1253 effulsit,
1268 1217 1336 1245 ex-

52 1260 198 1310 spiras.
250 1260 348 1310 quid
380 1255 506 1309 ergo?
546 1259 756 1305 honestius
785 1265 903 1308 putas
937 1259 1171 1308 defectione
1203 1262 1338 1310 perire

53 1319 172 1366 quam
201 1316 391 1354 fulmine?
434 1326 483 1354 eo
512 1315 647 1363 itaque
676 1314 816 1354 sortior
845 1315 1043 1355 adversus
1073 1316 1176 1355 coeli
1207 1317 1336 1356 minas

54 1381 175 1420 surge
196 1375 253 1418 et,
283 1382 373 1410 cum
390 1371 570 1419 undique
590 1371 763 1409 mundus
793 1371 963 1418 exarsit,
999 1372 1132 1420 cogita
1151 1371 1248 1410 nihil
1266 1371 1335 1411 ha-

52 1427 148 1466 bere
169 1431 206 1465 te
225 1431 334 1465 tanta
353 1431 480 1465 morte
501 1425 764 1474 perdendum.
813 1425 930 1474 Quod
949 1426 985 1465 si
1007 1426 1074 1466 tibi
1097 1427 1232 1476 parari
1251 1438 1335 1469 cre-
1346 1432 1391 1466 12

53 1483 117 1521 dis
145 1481 251 1520 illam
280 1480 384 1522 coeli
412 1481 718 1529 confusionem,
744 1481 851 1519 illam
879 1486 1161 1537 tempestatum
1180 1483 1331 1524 discor-

53 1538 178 1584 diam,
199 1537 234 1576 si
254 1542 418 1587 propter
435 1542 474 1575 te
492 1536 674 1585 ingestae
692 1536 916 1585 inlisaeque
930 1538 1060 1577 nubes
1075 1542 1277 1588 strepunt,
1299 1540 1333 1578 si

52 1594 92 1632 in
120 1598 231 1632 tuum
259 1593 423 1631 exitium
449 1596 558 1632 tanta
584 1591 733 1640 ignium
754 1592 814 1630 vis
835 1593 1052 1632 excutitur:
1082 1598 1123 1632 at
1135 1599 1182 1634 vtu
1202 1594 1334 1634 solatii

51 1649 143 1687 loco
174 1659 339 1687 numera
366 1648 461 1687 tanti
482 1657 576 1686 esse
602 1652 768 1686 mortem
794 1651 916 1686 tuam.
946 1647 1027 1687 Sed
1050 1659 1130 1688 non
1150 1650 1224 1689 erit
1240 1649 1333 1690 huic
1346 1654 1389 1689 13

54 1703 284 1752 cogitationi
309 1705 446 1744 locus:
475 1713 597 1742 casus
615 1703 693 1742 isle
713 1702 837 1742 donat
854 1707 1004 1743 metum
1023 1708 1063 1743 et
1078 1704 1181 1744 inter
1200 1710 1333 1744 cetera

23 1781 26 1783 >
51 1759 129 1799 hoc
158 1770 322 1808 quoque
353 1757 607 1798 commodum
635 1762 698 1797 est
723 1758 832 1807 eius,
859 1760 971 1808 quod
990 1761 1332 1810 exspectationem

51 1826 166 1911 suram
187 1815 398 1855 antecedit.
434 1814 559 1853 Nemo
581 1825 769 1863 umquam
787 1814 915 1854 timuit
933 1815 1102 1864 fulmen,
1122 1816 1201 1856 nisi
1221 1818 1330 1867 quod

53 1881 77 1909 e
110 1871 205 1920 ugit.

1055 2322 1127 2362 14*
