1598 2606
283 191 336 232 14
656 190 699 229 L.
729 189 916 228 ANNAEI
944 189 1167 229 SENECAE

283 304 308 330 a
325 298 433 330 recta
451 290 652 343 voluntotc
670 288 833 337 incepit,
854 288 930 327 nisi
946 299 1062 337 quam
1076 288 1256 328 virtutem
1271 289 1411 329 modus
1426 288 1528 337 fecit,

282 351 373 385 veto
400 345 667 383 liberalitatem
693 343 885 391 nepotari.
931 343 1036 382 Tunc
1057 344 1164 382 iuvat
1185 345 1390 392 accepisse
1411 344 1527 382 bene—

283 400 415 439 ficIum
450 403 489 438 et
520 398 673 447 supinis
709 398 867 446 quidem
893 398 1099 446 manibus,
1133 398 1200 436 ubi
1229 398 1324 436 iliud
1353 399 1452 437 ratio
1479 399 1530 437 ad

282 455 424 502 dignos
444 453 643 503 perducit,
671 464 750 491 non
773 463 851 501 quo
871 452 964 490 libet
985 461 1103 491 casus
1122 458 1161 491 ct
1178 453 1328 491 consilii
1347 452 1529 501 indigens

281 510 438 557 inpetus
465 508 605 546 differt.
649 507 758 556 quod
785 511 982 545 ostentare
1006 507 1099 546 libet
1125 512 1163 546 et
1192 507 1408 546 inscribere
1428 508 1527 546 sibi.

243 570 266 604 4
279 563 479 601 Beneficia
496 567 539 601 tu
556 573 680 601 vocas
702 572 868 610 quorum
887 565 1085 600 auctorem
1105 562 1215 600 fateri
1234 563 1382 610 pudet?
1409 567 1448 600 at
1463 562 1530 599 illa

282 622 429 666 quanto
449 618 620 665 gratiora
640 622 731 655 sunt
746 620 973 664 quantoque
991 615 1030 654 in
1046 621 1196 664 partem
1211 615 1433 655 interiorem
1448 616 1528 654 ani-

279 673 332 710 mi
351 682 553 719 nunquam
572 671 724 709 exitura
744 671 1006 716 descendunt,
1038 681 1123 709 cum
1145 671 1338 709 delectant
1357 671 1528 718 cogitan-

243 731 356 766 5tem
382 726 508 774 magis
537 737 560 764 a
589 736 668 774 quo
697 735 815 774 quam
843 724 938 773 quid
965 725 1200 773 acceperis?
1246 724 1407 772 Crispus
1434 724 1529 762 Pas-

281 782 416 819 sienus
433 781 586 819 solebat
601 780 733 818 dicere
749 779 1006 828 quorumdam
1023 789 1068 817 56
1083 779 1267 817 iudicium
1282 780 1396 817 malle
1413 789 1530 826 quam

278 835 524 883 beneficium,
546 834 806 883 quorumdam
819 834 1053 872 beneficium
1068 834 1183 871 malle
1201 844 1316 881 quam
1331 833 1528 871 iudicium.

279 895 317 928 et
338 890 557 928 subiciebat
578 890 777 937 exempla:
814 891 933 935 malo,
966 888 1112 935 aiebat,
1143 889 1224 927 divi
1241 888 1402 935 Anquste·
1421 889 1529 926 iudi-

243 946 398 991 6cium‚
433 947 535 984 malo
563 945 717 982 Claudii
741 944 969 990 beneficium.
1024 942 1109 990 Ego
1135 952 1231 981 vero
1259 943 1403 980 nullius
1433 947 1528 990 puto

279 999 544 1047 expetendum
557 1009 648 1037 6556
663 997 910 1045 beneficium,
929 996 1041 1036 cuius
1052 996 1128 1034 vile
1143 997 1330 1035 iudicium
1341 1001 1413 1035 est.
1435 997 1531 1044 quid

278 1058 401 1101 ergo?
439 1063 518 1091 non
545 1058 628 1091 erat
655 1051 928 1100 accipiendum
955 1062 979 1090 a
1005 1051 1166 1092 claudio
1197 1051 1306 1099 quod
1338 1051 1531 1090 dabatur?

279 1112 379 1155 erat,
409 1107 482 1145 sed
510 1107 612 1145 sicut
630 1117 653 1144 a
673 1107 846 1153 fortuna,
878 1116 995 1154 quam
1014 1106 1137 1143 scires
1159 1107 1287 1144 statim
1307 1116 1429 1154 posse
1449 1116 1529 1143 ma-

277 1163 353 1199 lam
380 1161 478 1199 fieri.
524 1162 625 1209 Quid
651 1161 728 1198 ista
753 1160 852 1198 inter
879 1171 924 1198 se
949 1160 1070 1197 mixta
1097 1160 1334 1199 dividimus?
1368 1171 1448 1199 non
1470 1165 1531 1199 est

275 1216 532 1263 beneficium,
561 1217 623 1254 cui
652 1215 765 1252 deest
790 1224 884 1262 pars
905 1214 1070 1262 optima,
1099 1214 1232 1252 datum
1253 1225 1345 1253 6556
1363 1215 1528 1254 iudicio:

278 1270 451 1318 alioquin
473 1270 642 1318 pecunia
661 1269 819 1316 ingens,
850 1268 884 1306 si
904 1279 982 1306 non
1002 1268 1153 1307 ratione
1172 1279 1246 1306 nec
1264 1274 1373 1308 recta
1393 1270 1528 1307 volun-

278 1330 356 1363 tate
383 1325 528 1364 donata
549 1330 628 1371 est,
659 1334 738 1361 non
757 1323 882 1370 magis
901 1323 1137 1361 beneficium
1156 1328 1216 1362 est
1236 1334 1353 1371 quam
1371 1323 1528 1361 thesau-

277 1390 358 1418 rus.
387 1380 508 1419 multa
527 1384 617 1418 sunt
632 1383 772 1425 autem,
796 1387 898 1425 quae
915 1382 1069 1425 oportet
1083 1377 1266 1426 accipere
1282 1387 1355 1416 nec
1371 1378 1527 1416 debere.

651 1618 694 1670 L.
725 1616 904 1670 ᾹΝΝΑΕΙ
937 1615 1156 1670 SENECAE

558 1717 620 1749 AD
658 1717 927 1767 AEBUTIUM*
958 1716 1251 1749 LIBERALEM

418 1795 546 1856 DE
633 1793 1386 1880 BEN-EFlclls

771 1901 1082 1952 menan„
1595 1912 1597 1937 ι

245 2097 261 2128 1
360 2087 388 2123 Ι.
419 2087 698 2134 Inspiciamus,
727 2085 916 2124 Liberalis
938 2086 1107 2124 virorum
1131 2084 1294 2132 optime,
1329 2084 1370 2121 id
1397 2085 1527 2131 quod

281 2151 338 2178 ex
368 2140 528 2189 priori
555 2146 695 2189 parte
723 2140 884 2178 adhuc
921 2143 1173 2188 superest,
1213 2138 1525 2186 quemadmo-
1597 2156 1598 2188 i

280 2195 389 2232 dum
418 2195 630 2233 dandum
660 2196 726 2234 sit
754 2195 1073 2242 beneficium,
1103 2193 1215 2231 cuius
1238 2193 1294 2230 rei
1313 2193 1526 2241 expeditis-
1596 2203 1598 2237 5

281 2249 420 2286 simam
444 2250 583 2289 videor
608 2255 893 2289 monstraturus
918 2249 1039 2287 viam:
1077 2247 1148 2285 sic
1181 2248 1370 2294 demus,
1407 2258 1524 2295 quo-

280 2303 422 2342 modo
442 2305 684 2344 vellemus
703 2305 946 2353 accipere.
973 2302 1522 2349 anteomnialibenter,
1584 2326 1586 2347 χ
