1624 2626
293 204 345 245 48
666 206 709 243 L.
735 205 924 243 ANNAEI
952 204 1179 245 SENECAE

293 307 358 341 net
377 301 634 350 verecundia,
652 301 758 341 hunc
779 302 1052 353 peregrinatio,
1072 302 1177 341 hunc
1196 303 1321 351 dolor,
1338 302 1446 342 hunc
1465 314 1555 352 ege·

255 364 277 394 ὃ
294 362 395 403 stas,
422 356 526 394 hunc
546 357 704 395 serrum.
733 358 888 404 ltaque,
916 356 990 395 etsi
1010 368 1200 404 perversa
1218 358 1419 396 induenda
1436 360 1557 406 magi-

292 411 428 449 stratui
445 410 566 449 vestis
582 415 620 449 et
636 412 894 450 convocanda
910 411 1079 450 classico
1095 412 1233 451 concio
1251 418 1323 459 est,
1344 414 1558 460 procedam

292 467 331 503 in
349 465 519 511 ,tribunal
539 476 617 503 non
640 467 774 505 furens
795 477 868 503 nec
888 465 1076 508 infestus,
1098 466 1171 504 sed
1193 468 1301 504 voltu
1319 467 1418 514 legis
1439 472 1475 505 et
1493 468 1558 507 illa

292 520 499 559 sollemnia
520 521 643 558 verba
670 521 748 559 leni
775 520 899 567 magis
927 519 1118 567 gravique
1147 531 1264 568 quam
1291 521 1430 559 rabida
1455 531 1557 558 voce

292 575 515 622 concipiam
534 579 572 612 et
590 575 652 622 agi
671 575 815 613 iubebo
836 585 915 612 non
935 575 1077 621 iratus,
1103 575 1176 612 sed
1196 585 1373 613 severus.
1412 581 1449 615 et
1469 585 1558 613 cum

292 629 486 667 cervicem
514 630 633 668 noxio
662 630 864 678 imperabo
895 629 1068 676 praecidi
1095 633 1240 668 etcum
1260 630 1479 678 parricidas
1500 631 1556 668 in—

292 693 403 722 suam
424 685 535 722 culeo
564 689 602 722 et
629 694 716 722 cum
741 684 887 722 mittam
914 684 952 722 in
972 683 1210 732 supplicium
1229 684 1393 723 militare
1412 690 1450 723 et
1470 695 1558 722 cum

290 738 456 785 Tarpeio
485 738 725 785 proditorem
759 739 965 776 hostemve
991 738 1191 786 publicum
1227 739 1435 787 inponam,
1471 739 1558 777 sine

291 793 349 830 ira
368 802 415 830 eo
436 793 545 830 voltu
563 793 773 840 animoque
793 803 881 840 ero,
904 803 983 841 quo
1004 798 1210 841 serpentes
1231 799 1269 832 et
1287 794 1470 831 animalia
1487 805 1554 831 ve-

252 851 275 885 6
292 851 431 884 nenata
460 846 649 894 percutio.
702 847 943 894 „Iracundia
971 858 1073 896 opus
1102 852 1162 886 est
1188 848 1557 896 ad'puniendumf‘

291 901 418 947 Quid?
437 901 505 939 tibi
526 902 590 939 lex
607 900 761 939 videtur
780 901 897 940 irasci
915 902 976 948 iis,
996 913 1097 950 quos
1117 912 1195 941 non
1215 902 1334 950 novit,
1356 913 1457 950 quos
1478 913 1557 941 non

288 954 397 1000 vidit,
420 967 521 1003 quos
541 966 620 994 non
639 957 793 995 futuros
814 961 975 1004 sperat?
993 957 1096 996 illius
1116 957 1248 1004 itaque
1265 958 1481 996 sumendus
1498 962 1559 995 est

290 1010 463 1056 animus,
485 1021 588 1058 quae
608 1020 687 1048 non
707 1011 910 1058 irascitur,
940 1011 1012 1049 sed
1033 1011 1246 1050 constituit.
1284 1023 1375 1050 nam
1396 1012 1429 1050 si
1448 1011 1556 1051 bono

290 1064 375 1102 viro
396 1064 446 1102 ob
467 1065 569 1102 mala
590 1064 765 1103 facinora
784 1065 900 1103 irasci
921 1065 1123 1114 convenit,
1146 1072 1184 1105 et
1203 1067 1254 1105 ob
1274 1067 1472 1106 secundas
1491 1077 1558 1104 res

289 1119 480 1157 malorum
498 1119 699 1158 hominum
718 1120 894 1158 invidere
914 1122 1134 1159 conveniet.
1172 1121 1268 1169 quid
1287 1122 1390 1160 enim
1415 1126 1476 1159 est
1500 1122 1556 1158 in-

289 1173 446 1220 dignius
468 1184 585 1221 quam
605 1173 749 1212 florere
766 1174 961 1222 quosdam
977 1180 1015 1213 et
1030 1186 1101 1213 eos
1121 1175 1362 1223 indulgentia
1378 1177 1559 1214 fortunae

289 1227 405 1274 abuti,
428 1228 571 1276 quibus
593 1229 697 1266 nulla
716 1234 848 1277 potest
866 1230 962 1267 satis
978 1231 1080 1268 mala
1095 1230 1259 1268 inveniri
1275 1231 1458 1269 fortuna?
1478 1229 1559 1268 Sed

290 1287 368 1319 tam
389 1283 596 1321 commoda
623 1283 776 1322 illorum
806 1283 892 1321 sine
918 1283 1064 1322 invidia
1082 1284 1232 1323 videbit
1259 1296 1376 1333 quam
1405 1286 1558 1322 scelera

252 1337 270 1371 7
290 1337 375 1374 sine
394 1337 463 1375 ira.
493 1338 628 1376 Bonus
647 1338 768 1376 iudex
784 1339 942 1376 damnat
959 1338 1224 1387 inprobanda,
1245 1350 1324 1377 non
1341 1338 1435 1378 odit.
1457 1339 1557 1385 Quid

290 1396 413 1438 ergo?
439 1402 537 1438 non,
567 1402 655 1430 cum
675 1393 870 1431 eiusmodi
890 1392 1039 1441 aliquid
1059 1395 1218 1442 sapiens
1238 1393 1398 1432 habebit
1415 1394 1454 1432 in
1475 1403 1556 1430 ma·

290 1445 426 1492 nibus,
462 1451 646 1494 tangetur
673 1446 826 1486 animus
861 1447 947 1486 eius
974 1448 1127 1495 eritque
1155 1449 1270 1487 solito
1300 1448 1558 1486 commotior?

288 1500 444 1538 Fateor.
472 1501 614 1539 sentiet
631 1502 757 1540 levem
778 1503 988 1550 quemdam
1008 1508 1243 1552 tenuemque
1262 1508 1422 1541 motum.
1452 1513 1554 1548 nam,

288 1560 331 1591 ut
351 1554 444 1594 dicit
462 1556 595 1594 Zenon
608 1585 618 1603 ,
639 1559 679 1595 in
700 1559 883 1605 sapientis
902 1568 1047 1605 quoque
1066 1560 1211 1606 animo,
1239 1560 1350 1596 etiam
1368 1568 1454 1596 cum
1473 1559 1556 1596 vol-

289 1621 360 1647 nus
378 1615 554 1649 sanatum
572 1615 644 1658 est,
671 1614 837 1650 cicatrix
854 1617 990 1650 manet.
1030 1611 1178 1651 Sentiet
1205 1613 1339 1660 itaque
1359 1612 1554 1659 suspicio-

291 1674 362 1701 nes
381 1666 574 1711 quasdam
591 1670 629 1703 et
646 1666 807 1704 umbras
828 1667 1071 1705 adfectuum:
1095 1668 1194 1715 ipsis
1217 1667 1374 1715 quidem
1395 1667 1553 1704 carebit.

256 1727 274 1759 1
372 1719 492 1757 XVll.
528 1721 762 1759 Aristoteles
792 1721 845 1759 ait
869 1722 1046 1768 adfectus
1074 1723 1277 1769 quosdam,
1313 1723 1348 1759 si
1371 1723 1455 1769 quis
1480 1723 1556 1758 illis

290 1775 382 1812 bene
407 1779 552 1821 utatur,
571 1786 650 1823 pro
677 1778 796 1814 armis
820 1788 911 1814 esse.
951 1777 1059 1824 quod
1087 1787 1222 1814 verum
1248 1777 1366 1822 foret,
1397 1776 1430 1813 si
1451 1776 1556 1813 velut

289 1829 431 1866 bellica
450 1830 708 1868 instrumenta
727 1832 828 1868 sumi
847 1831 1073 1878 deponique
1094 1835 1258 1879 possent
1276 1830 1472 1868 induentis
1493 1841 1553 1867 ar-

289 1883 417 1921 bitrio.
453 1884 561 1922 Haec
588 1895 696 1922 arma
724 1896 827 1934 quae
846 1886 1079 1924 Aristoteles
1102 1885 1229 1924 virtuti
1254 1885 1337 1931 dat,
1366 1885 1456 1932 ipsa
1483 1895 1555 1932 per

291 1947 335 1974 se
351 1943 537 1985 pugnant,
553 1949 632 1977 non
647 1945 880 1988 exspectant
894 1951 1062 1987 manum,
1079 1945 1116 1978 et
1135 1940 1288 1985 hahent,
1311 1950 1390 1977 non
1407 1938 1553 1976 haben—

253 1996 274 2028 2
289 1997 362 2029 tur.
390 1993 448 2030 Nil
469 1994 554 2031 aliis
575 1994 842 2033 instrumentis
863 2006 963 2043 opus
984 2000 1062 2033 est:
1083 1993 1178 2033 satis
1194 2005 1268 2032 nos
1290 1994 1473 2032 instruxit
1490 2004 1552 2031 ra-

290 2047 395 2085 tione
416 2052 565 2086 natura.
593 2049 670 2087 hoc
691 2049 798 2090 dedit
817 2050 951 2095 telum,
973 2050 1144 2095 firmum,
1166 2053 1416 2096 perpetuum,
1439 2048 1554 2085 obse-

292 2111 438 2149 quens,
466 2112 540 2139 nec
566 2114 714 2151 anceps
742 2114 815 2143 nec
835 2106 942 2152 quod
969 2105 1007 2142 in
1027 2104 1224 2142 dominum
1244 2104 1382 2142 remitti
1402 2107 1553 2150 posset.

289 2156 376 2194 Non
405 2156 456 2194 ad
484 2158 770 2204 providendum
798 2163 964 2207 tantum,
994 2159 1066 2196 sed
1085 2158 1136 2196 ad
1155 2168 1220 2196 res
1241 2159 1436 2205 gerendas
1457 2157 1553 2195 satis

291 2215 353 2248 est
373 2221 444 2258 per
464 2221 508 2249 se
528 2210 617 2259 ipsa
634 2214 745 2251 ratio.
784 2215 926 2252 etenim
947 2213 1041 2262 quid
1060 2217 1120 2250 est
1139 2213 1294 2251 stultius
1316 2223 1432 2260 quam
1451 2211 1554 2249 hanc

292 2265 341 2303 ab
361 2266 563 2304 iracundia
582 2271 716 2314 petere
737 2268 994 2315 praesidium,
1021 2278 1103 2305 rem
1125 2267 1304 2307 stabilem
1326 2268 1374 2305 ab
1394 2267 1553 2312 incerta,

254 2325 277 2359 3
292 2320 448 2358 fidelem
467 2320 516 2358 ab
535 2321 675 2369 infida,
699 2333 834 2361 sanam
856 2324 905 2362 ab
921 2327 1067 2370 aegra?
1095 2322 1213 2369 Quid,
1237 2322 1343 2370 quod
1364 2323 1414 2360 ad
1435 2320 1553 2360 actio-
