<?xml version="1.0" encoding="UTF-8"?>
<!DOCTYPE html PUBLIC "-//W3C//DTD XHTML 1.0 Transitional//EN"
    "http://www.w3.org/TR/xhtml1/DTD/xhtml1-transitional.dtd">
<html xmlns="http://www.w3.org/1999/xhtml" xml:lang="en" lang="en">
 <head>
  <title>
</title>
<meta http-equiv="Content-Type" content="text/html;charset=utf-8" />
  <meta name='ocr-system' content='tesseract 3.04.00' />
  <meta name='ocr-capabilities' content='ocr_page ocr_carea ocr_par ocr_line ocrx_word'/>
</head>
<body>
  <div class='ocr_page' id='page_1' title='image "./operaquaesupersu01seneuoft/operaquaesupersu01seneuoft_0036.png"; bbox 0 0 1624 2626; ppageno 0'>
   <div class='ocr_carea' id='block_1_1' title="bbox 287 182 1444 229">
    <p class='ocr_par' dir='ltr' id='par_1_1' title="bbox 287 182 1444 229">
     <span class='ocr_line' id='line_1_1' title="bbox 287 182 1444 229; baseline -0.006 0"><span class='ocrx_word' id='word_1_1' title='bbox 287 189 339 229; x_wconf 74' lang='lat'>22</span> <span class='ocrx_word' id='word_1_2' title='bbox 410 188 539 227; x_wconf 86' lang='lat' dir='ltr'><strong>DIAL.</strong></span> <span class='ocrx_word' id='word_1_3' title='bbox 563 188 609 225; x_wconf 87' lang='grc' dir='ltr'>ΙΙ.</span> <span class='ocrx_word' id='word_1_4' title='bbox 638 186 706 225; x_wconf 90' lang='grc' dir='ltr'>ΑΙ)</span> <span class='ocrx_word' id='word_1_5' title='bbox 728 184 965 225; x_wconf 88' lang='lat' dir='ltr'>SERENUM</span> <span class='ocrx_word' id='word_1_6' title='bbox 982 184 1077 223; x_wconf 90' lang='lat' dir='ltr'>NEC</span> <span class='ocrx_word' id='word_1_7' title='bbox 1096 182 1331 223; x_wconf 85' lang='lat' dir='ltr'>INlURlAM</span> <span class='ocrx_word' id='word_1_8' title='bbox 1350 184 1444 222; x_wconf 81' lang='lat' dir='ltr'>NEC</span> 
     </span>
    </p>
   </div>
   <div class='ocr_carea' id='block_1_2' title="bbox 252 283 1560 2361">
    <p class='ocr_par' dir='ltr' id='par_1_2' title="bbox 252 283 1560 2361">
     <span class='ocr_line' id='line_1_2' title="bbox 288 283 1553 338; baseline -0.006 -10"><span class='ocrx_word' id='word_1_9' title='bbox 288 296 368 338; x_wconf 84' lang='lat' dir='ltr'>tur,</span> <span class='ocrx_word' id='word_1_10' title='bbox 387 299 466 328; x_wconf 88' lang='lat' dir='ltr'>non</span> <span class='ocrx_word' id='word_1_11' title='bbox 487 286 685 326; x_wconf 87' lang='lat' dir='ltr'>iudicabat</span> <span class='ocrx_word' id='word_1_12' title='bbox 710 296 802 332; x_wconf 85' lang='lat' dir='ltr'>sua,</span> <span class='ocrx_word' id='word_1_13' title='bbox 831 284 903 323; x_wconf 89' lang='lat' dir='ltr'>sed</span> <span class='ocrx_word' id='word_1_14' title='bbox 922 283 1142 322; x_wconf 88' lang='lat' dir='ltr'>adventicia</span> <span class='ocrx_word' id='word_1_15' title='bbox 1161 288 1199 322; x_wconf 92' lang='lat' dir='ltr'>et</span> <span class='ocrx_word' id='word_1_16' title='bbox 1217 287 1351 321; x_wconf 88' lang='lat' dir='ltr'>nutum</span> <span class='ocrx_word' id='word_1_17' title='bbox 1374 283 1553 321; x_wconf 77' lang='lat' dir='ltr'>fortunae</span> 
     </span>
     <span class='ocr_line' id='line_1_3' title="bbox 289 337 1552 393; baseline -0.007 -10"><span class='ocrx_word' id='word_1_18' title='bbox 289 344 506 393; x_wconf 83' lang='lat' dir='ltr'>sequentia.</span> <span class='ocrx_word' id='word_1_19' title='bbox 542 341 632 380; x_wconf 88' lang='lat' dir='ltr'>ideo</span> <span class='ocrx_word' id='word_1_20' title='bbox 652 346 695 380; x_wconf 91' lang='lat' dir='ltr'>ut</span> <span class='ocrx_word' id='word_1_21' title='bbox 722 351 802 379; x_wconf 89' lang='lat' dir='ltr'>non</span> <span class='ocrx_word' id='word_1_22' title='bbox 832 338 992 387; x_wconf 86' lang='lat' dir='ltr'>propria</span> <span class='ocrx_word' id='word_1_23' title='bbox 1012 339 1213 376; x_wconf 82' lang='lat' dir='ltr'>dilexerat.</span> <span class='ocrx_word' id='word_1_24' title='bbox 1252 337 1431 375; x_wconf 87' lang='lat' dir='ltr'>Omnium</span> <span class='ocrx_word' id='word_1_25' title='bbox 1451 338 1552 375; x_wconf 87' lang='lat' dir='ltr'>enim</span> 
     </span>
     <span class='ocr_line' id='line_1_4' title="bbox 289 393 1528 440; baseline -0.006 -3"><span class='ocrx_word' id='word_1_26' title='bbox 289 399 535 437; x_wconf 88' lang='lat' dir='ltr'>extrinsecus</span> <span class='ocrx_word' id='word_1_27' title='bbox 559 396 815 435; x_wconf 87' lang='lat' dir='ltr'>adfluentium</span> <span class='ocrx_word' id='word_1_28' title='bbox 835 393 983 431; x_wconf 88' lang='lat' dir='ltr'>lubrica</span> <span class='ocrx_word' id='word_1_29' title='bbox 1002 398 1039 431; x_wconf 90' lang='lat' dir='ltr'>et</span> <span class='ocrx_word' id='word_1_30' title='bbox 1058 393 1206 430; x_wconf 88' lang='lat' dir='ltr'>incerta</span> <span class='ocrx_word' id='word_1_31' title='bbox 1226 393 1435 440; x_wconf 84' lang='lat' dir='ltr'>possessio</span> <span class='ocrx_word' id='word_1_32' title='bbox 1455 398 1528 431; x_wconf 91' lang='lat' dir='ltr'>est.</span> 
     </span>
     <span class='ocr_line' id='line_1_5' title="bbox 256 446 1553 499; baseline -0.005 -8"><span class='ocrx_word' id='word_1_33' title='bbox 256 459 274 491; x_wconf 92' lang='lat'>1</span> <span class='ocrx_word' id='word_1_34' title='bbox 367 454 433 491; x_wconf 85' lang='lat' dir='ltr'>Vl.</span> <span class='ocrx_word' id='word_1_35' title='bbox 464 451 597 499; x_wconf 85' lang='lat' dir='ltr'>Cogita</span> <span class='ocrx_word' id='word_1_36' title='bbox 623 462 746 497; x_wconf 89' lang='lat' dir='ltr'>nunc,</span> <span class='ocrx_word' id='word_1_37' title='bbox 775 461 823 488; x_wconf 89' lang='lat' dir='ltr'>an</span> <span class='ocrx_word' id='word_1_38' title='bbox 852 448 942 485; x_wconf 90' lang='lat' dir='ltr'>huic</span> <span class='ocrx_word' id='word_1_39' title='bbox 966 448 1028 485; x_wconf 83' lang='lat' dir='ltr'>sur</span> <span class='ocrx_word' id='word_1_40' title='bbox 1053 451 1119 484; x_wconf 88' lang='lat' dir='ltr'>aut</span> <span class='ocrx_word' id='word_1_41' title='bbox 1139 446 1395 485; x_wconf 73' lang='lat' dir='ltr'>calumniator</span> <span class='ocrx_word' id='word_1_42' title='bbox 1414 452 1480 485; x_wconf 86' lang='lat' dir='ltr'>aut</span> <span class='ocrx_word' id='word_1_43' title='bbox 1499 447 1553 485; x_wconf 92' lang='lat' dir='ltr'>vi-</span> 
     </span>
     <span class='ocr_line' id='line_1_6' title="bbox 290 501 1555 555; baseline -0.006 -9"><span class='ocrx_word' id='word_1_44' title='bbox 290 509 402 546; x_wconf 87' lang='lat' dir='ltr'>cinus</span> <span class='ocrx_word' id='word_1_45' title='bbox 429 507 613 555; x_wconf 81' lang='lat' dir='ltr'>inpotens</span> <span class='ocrx_word' id='word_1_46' title='bbox 634 511 701 544; x_wconf 87' lang='lat' dir='ltr'>aut</span> <span class='ocrx_word' id='word_1_47' title='bbox 720 505 831 543; x_wconf 87' lang='lat' dir='ltr'>dives</span> <span class='ocrx_word' id='word_1_48' title='bbox 852 502 994 550; x_wconf 90' lang='lat' dir='ltr'>aliquis</span> <span class='ocrx_word' id='word_1_49' title='bbox 1015 511 1179 549; x_wconf 80' lang='lat' dir='ltr'>regnum</span> <span class='ocrx_word' id='word_1_50' title='bbox 1201 501 1321 540; x_wconf 86' lang='lat' dir='ltr'>orbae</span> <span class='ocrx_word' id='word_1_51' title='bbox 1342 502 1555 540; x_wconf 82' lang='lat' dir='ltr'>senectutis</span> 
     </span>
     <span class='ocr_line' id='line_1_7' title="bbox 291 556 1557 605; baseline -0.006 -4"><span class='ocrx_word' id='word_1_52' title='bbox 291 573 481 601; x_wconf 85' lang='lat' dir='ltr'>exercens</span> <span class='ocrx_word' id='word_1_53' title='bbox 510 563 639 599; x_wconf 84' lang='lat' dir='ltr'>facere</span> <span class='ocrx_word' id='word_1_54' title='bbox 667 559 846 598; x_wconf 77' lang='lat' dir='ltr'>iniurIam</span> <span class='ocrx_word' id='word_1_55' title='bbox 875 557 1024 605; x_wconf 85' lang='lat' dir='ltr'>possit,</span> <span class='ocrx_word' id='word_1_56' title='bbox 1051 556 1114 594; x_wconf 91' lang='lat' dir='ltr'>cui</span> <span class='ocrx_word' id='word_1_57' title='bbox 1142 556 1285 594; x_wconf 90' lang='lat' dir='ltr'>bellum</span> <span class='ocrx_word' id='word_1_58' title='bbox 1314 561 1352 594; x_wconf 91' lang='lat' dir='ltr'>et</span> <span class='ocrx_word' id='word_1_59' title='bbox 1371 556 1498 595; x_wconf 90' lang='lat' dir='ltr'>hostis</span> <span class='ocrx_word' id='word_1_60' title='bbox 1519 560 1557 594; x_wconf 90' lang='lat' dir='ltr'>et</span> 
     </span>
     <span class='ocr_line' id='line_1_8' title="bbox 289 611 1554 665; baseline -0.006 -10"><span class='ocrx_word' id='word_1_61' title='bbox 289 619 353 655; x_wconf 87' lang='lat' dir='ltr'>illc</span> <span class='ocrx_word' id='word_1_62' title='bbox 373 617 570 665; x_wconf 81' lang='lat' dir='ltr'>egregiam</span> <span class='ocrx_word' id='word_1_63' title='bbox 597 620 719 654; x_wconf 86' lang='lat' dir='ltr'>artem</span> <span class='ocrx_word' id='word_1_64' title='bbox 741 612 1055 663; x_wconf 78' lang='lat' dir='ltr'>quassandarum</span> <span class='ocrx_word' id='word_1_65' title='bbox 1075 611 1228 649; x_wconf 86' lang='lat' dir='ltr'>urbium</span> <span class='ocrx_word' id='word_1_66' title='bbox 1251 613 1459 659; x_wconf 80' lang='lat' dir='ltr'>professus</span> <span class='ocrx_word' id='word_1_67' title='bbox 1481 611 1554 648; x_wconf 88' lang='lat' dir='ltr'>eri-</span> 
     </span>
     <span class='ocr_line' id='line_1_9' title="bbox 252 666 1555 720; baseline -0.006 -9"><span class='ocrx_word' id='word_1_68' title='bbox 252 677 273 710; x_wconf 83' lang='lat'><strong>2</strong></span> <span class='ocrx_word' id='word_1_69' title='bbox 291 682 385 720; x_wconf 90' lang='lat' dir='ltr'>pere</span> <span class='ocrx_word' id='word_1_70' title='bbox 403 671 496 709; x_wconf 89' lang='lat' dir='ltr'>nihil</span> <span class='ocrx_word' id='word_1_71' title='bbox 517 670 652 719; x_wconf 90' lang='lat' dir='ltr'>potuit.</span> <span class='ocrx_word' id='word_1_72' title='bbox 688 670 791 707; x_wconf 88' lang='lat' dir='ltr'>Inter</span> <span class='ocrx_word' id='word_1_73' title='bbox 810 668 999 705; x_wconf 85' lang='lat' dir='ltr'>micantes</span> <span class='ocrx_word' id='word_1_74' title='bbox 1019 666 1167 714; x_wconf 88' lang='lat' dir='ltr'>ubique</span> <span class='ocrx_word' id='word_1_75' title='bbox 1187 667 1341 714; x_wconf 82' lang='lat' dir='ltr'>gladios</span> <span class='ocrx_word' id='word_1_76' title='bbox 1363 671 1400 704; x_wconf 86' lang='lat' dir='ltr'>et</span> <span class='ocrx_word' id='word_1_77' title='bbox 1419 666 1555 704; x_wconf 83' lang='lat' dir='ltr'>milita·</span> 
     </span>
     <span class='ocr_line' id='line_1_10' title="bbox 289 720 1555 773; baseline -0.006 -8"><span class='ocrx_word' id='word_1_78' title='bbox 289 738 371 765; x_wconf 84' lang='lat' dir='ltr'>rem</span> <span class='ocrx_word' id='word_1_79' title='bbox 391 727 429 764; x_wconf 93' lang='lat' dir='ltr'>in</span> <span class='ocrx_word' id='word_1_80' title='bbox 448 725 588 773; x_wconf 82' lang='lat' dir='ltr'>rapina</span> <span class='ocrx_word' id='word_1_81' title='bbox 607 725 821 769; x_wconf 89' lang='lat' dir='ltr'>tumultum,</span> <span class='ocrx_word' id='word_1_82' title='bbox 843 723 942 760; x_wconf 90' lang='lat' dir='ltr'>inter</span> <span class='ocrx_word' id='word_1_83' title='bbox 961 721 1139 759; x_wconf 85' lang='lat' dir='ltr'>flammas</span> <span class='ocrx_word' id='word_1_84' title='bbox 1156 727 1194 760; x_wconf 91' lang='lat' dir='ltr'>et</span> <span class='ocrx_word' id='word_1_85' title='bbox 1210 720 1441 769; x_wconf 87' lang='lat' dir='ltr'>sanguinem</span> <span class='ocrx_word' id='word_1_86' title='bbox 1459 726 1555 758; x_wconf 75' lang='lat' dir='ltr'>stra·</span> 
     </span>
     <span class='ocr_line' id='line_1_11' title="bbox 289 777 1553 829; baseline -0.005 -10"><span class='ocrx_word' id='word_1_87' title='bbox 289 791 458 829; x_wconf 85' lang='lat' dir='ltr'>gemque</span> <span class='ocrx_word' id='word_1_88' title='bbox 478 780 672 828; x_wconf 85' lang='lat' dir='ltr'>impulsae</span> <span class='ocrx_word' id='word_1_89' title='bbox 692 778 874 823; x_wconf 86' lang='lat' dir='ltr'>civitatis,</span> <span class='ocrx_word' id='word_1_90' title='bbox 903 777 1004 816; x_wconf 87' lang='lat' dir='ltr'>inter</span> <span class='ocrx_word' id='word_1_91' title='bbox 1025 777 1217 823; x_wconf 78' lang='lat' dir='ltr'>fragorem</span> <span class='ocrx_word' id='word_1_92' title='bbox 1237 777 1470 824; x_wconf 85' lang='lat' dir='ltr'>templorum</span> <span class='ocrx_word' id='word_1_93' title='bbox 1491 785 1553 813; x_wconf 91' lang='lat' dir='ltr'>su-</span> 
     </span>
     <span class='ocr_line' id='line_1_12' title="bbox 290 831 1555 884; baseline -0.006 -10"><span class='ocrx_word' id='word_1_94' title='bbox 290 847 361 884; x_wconf 89' lang='lat' dir='ltr'>per</span> <span class='ocrx_word' id='word_1_95' title='bbox 388 837 485 873; x_wconf 91' lang='lat' dir='ltr'>deos</span> <span class='ocrx_word' id='word_1_96' title='bbox 515 834 735 872; x_wconf 83' lang='lat' dir='ltr'>cadentium</span> <span class='ocrx_word' id='word_1_97' title='bbox 760 833 827 871; x_wconf 89' lang='lat' dir='ltr'>uni</span> <span class='ocrx_word' id='word_1_98' title='bbox 848 831 995 870; x_wconf 86' lang='lat' dir='ltr'>homini</span> <span class='ocrx_word' id='word_1_99' title='bbox 1017 842 1094 880; x_wconf 85' lang='lat' dir='ltr'>pax</span> <span class='ocrx_word' id='word_1_100' title='bbox 1115 831 1204 870; x_wconf 80' lang='lat' dir='ltr'>fuit:</span> <span class='ocrx_word' id='word_1_101' title='bbox 1232 841 1310 868; x_wconf 90' lang='lat' dir='ltr'>non</span> <span class='ocrx_word' id='word_1_102' title='bbox 1330 835 1392 869; x_wconf 90' lang='lat' dir='ltr'>est</span> <span class='ocrx_word' id='word_1_103' title='bbox 1410 831 1555 878; x_wconf 87' lang='lat' dir='ltr'>itaque,</span> 
     </span>
     <span class='ocr_line' id='line_1_13' title="bbox 291 885 1556 938; baseline -0.005 -10"><span class='ocrx_word' id='word_1_104' title='bbox 291 891 398 938; x_wconf 82' lang='lat' dir='ltr'>quod</span> <span class='ocrx_word' id='word_1_105' title='bbox 418 889 549 927; x_wconf 83' lang='lat' dir='ltr'>audax</span> <span class='ocrx_word' id='word_1_106' title='bbox 569 889 720 926; x_wconf 89' lang='lat' dir='ltr'>iudices</span> <span class='ocrx_word' id='word_1_107' title='bbox 741 887 998 936; x_wconf 90' lang='lat' dir='ltr'>promissum,</span> <span class='ocrx_word' id='word_1_108' title='bbox 1021 886 1133 925; x_wconf 89' lang='lat' dir='ltr'>cuius</span> <span class='ocrx_word' id='word_1_109' title='bbox 1153 885 1240 933; x_wconf 88' lang='lat' dir='ltr'>tibi,</span> <span class='ocrx_word' id='word_1_110' title='bbox 1261 885 1294 923; x_wconf 91' lang='lat' dir='ltr'>si</span> <span class='ocrx_word' id='word_1_111' title='bbox 1312 895 1448 933; x_wconf 88' lang='lat' dir='ltr'>parum</span> <span class='ocrx_word' id='word_1_112' title='bbox 1464 885 1556 922; x_wconf 90' lang='lat' dir='ltr'>fidei</span> 
     </span>
     <span class='ocr_line' id='line_1_14' title="bbox 290 938 1557 992; baseline -0.003 -11"><span class='ocrx_word' id='word_1_113' title='bbox 290 945 436 991; x_wconf 88' lang='lat' dir='ltr'>habeo,</span> <span class='ocrx_word' id='word_1_114' title='bbox 458 953 692 992; x_wconf 87' lang='lat' dir='ltr'>sponsorem</span> <span class='ocrx_word' id='word_1_115' title='bbox 711 943 826 981; x_wconf 84' lang='lat' dir='ltr'>dabo.</span> <span class='ocrx_word' id='word_1_116' title='bbox 854 942 920 979; x_wconf 85' lang='lat' dir='ltr'>vix</span> <span class='ocrx_word' id='word_1_117' title='bbox 936 942 1037 979; x_wconf 90' lang='lat' dir='ltr'>enim</span> <span class='ocrx_word' id='word_1_118' title='bbox 1055 941 1184 979; x_wconf 89' lang='lat' dir='ltr'>credis</span> <span class='ocrx_word' id='word_1_119' title='bbox 1199 945 1347 981; x_wconf 87' lang='lat' dir='ltr'>tantum</span> <span class='ocrx_word' id='word_1_120' title='bbox 1366 938 1557 978; x_wconf 86' lang='lat' dir='ltr'>firmitatis</span> 
     </span>
     <span class='ocr_line' id='line_1_15' title="bbox 290 994 1558 1044; baseline -0.004 -7"><span class='ocrx_word' id='word_1_121' title='bbox 290 1000 328 1037; x_wconf 90' lang='lat' dir='ltr'>in</span> <span class='ocrx_word' id='word_1_122' title='bbox 350 999 548 1037; x_wconf 89' lang='lat' dir='ltr'>hominem</span> <span class='ocrx_word' id='word_1_123' title='bbox 577 1003 644 1036; x_wconf 87' lang='lat' dir='ltr'>aut</span> <span class='ocrx_word' id='word_1_124' title='bbox 662 1002 806 1036; x_wconf 90' lang='lat' dir='ltr'>tantam</span> <span class='ocrx_word' id='word_1_125' title='bbox 827 996 946 1034; x_wconf 89' lang='lat' dir='ltr'>animi</span> <span class='ocrx_word' id='word_1_126' title='bbox 965 995 1269 1044; x_wconf 80' lang='lat' dir='ltr'>magnitudinem</span> <span class='ocrx_word' id='word_1_127' title='bbox 1293 995 1446 1033; x_wconf 88' lang='lat' dir='ltr'>cadere.</span> <span class='ocrx_word' id='word_1_128' title='bbox 1485 994 1558 1032; x_wconf 91' lang='lat' dir='ltr'>sed</span> 
     </span>
     <span class='ocr_line' id='line_1_16' title="bbox 252 1050 1555 1102; baseline -0.004 -11"><span class='ocrx_word' id='word_1_129' title='bbox 252 1058 273 1091; x_wconf 87' lang='lat'><strong>3</strong></span> <span class='ocrx_word' id='word_1_130' title='bbox 290 1055 323 1092; x_wconf 88' lang='lat' dir='ltr'>si</span> <span class='ocrx_word' id='word_1_131' title='bbox 343 1054 474 1102; x_wconf 89' lang='lat' dir='ltr'>prodit</span> <span class='ocrx_word' id='word_1_132' title='bbox 492 1054 529 1090; x_wconf 90' lang='lat' dir='ltr'>in</span> <span class='ocrx_word' id='word_1_133' title='bbox 551 1053 722 1090; x_wconf 89' lang='lat' dir='ltr'>medium</span> <span class='ocrx_word' id='word_1_134' title='bbox 743 1052 809 1100; x_wconf 90' lang='lat' dir='ltr'>qui</span> <span class='ocrx_word' id='word_1_135' title='bbox 829 1052 952 1089; x_wconf 81' lang='lat' dir='ltr'>dicat:</span> <span class='ocrx_word' id='word_1_136' title='bbox 972 1061 1077 1098; x_wconf 87' lang='lat' dir='ltr'>„non</span> <span class='ocrx_word' id='word_1_137' title='bbox 1099 1055 1160 1088; x_wconf 89' lang='lat' dir='ltr'>est</span> <span class='ocrx_word' id='word_1_138' title='bbox 1181 1050 1289 1098; x_wconf 90' lang='lat' dir='ltr'>quod</span> <span class='ocrx_word' id='word_1_139' title='bbox 1309 1050 1485 1096; x_wconf 85' lang='lat' dir='ltr'>dubites,</span> <span class='ocrx_word' id='word_1_140' title='bbox 1507 1059 1555 1087; x_wconf 91' lang='lat' dir='ltr'>an</span> 
     </span>
     <span class='ocr_line' id='line_1_17' title="bbox 290 1103 1555 1154; baseline -0.004 -8"><span class='ocrx_word' id='word_1_141' title='bbox 290 1108 480 1147; x_wconf 84' lang='lat' dir='ltr'>adtollere</span> <span class='ocrx_word' id='word_1_142' title='bbox 511 1118 554 1146; x_wconf 88' lang='lat' dir='ltr'>se</span> <span class='ocrx_word' id='word_1_143' title='bbox 582 1107 699 1146; x_wconf 90' lang='lat' dir='ltr'>homo</span> <span class='ocrx_word' id='word_1_144' title='bbox 727 1111 843 1145; x_wconf 89' lang='lat' dir='ltr'>natus</span> <span class='ocrx_word' id='word_1_145' title='bbox 864 1116 985 1154; x_wconf 87' lang='lat' dir='ltr'>supra</span> <span class='ocrx_word' id='word_1_146' title='bbox 1006 1105 1177 1144; x_wconf 81' lang='lat' dir='ltr'>humana</span> <span class='ocrx_word' id='word_1_147' title='bbox 1196 1103 1343 1153; x_wconf 89' lang='lat' dir='ltr'>possit,</span> <span class='ocrx_word' id='word_1_148' title='bbox 1374 1115 1423 1142; x_wconf 91' lang='lat' dir='ltr'>an</span> <span class='ocrx_word' id='word_1_149' title='bbox 1445 1104 1555 1142; x_wconf 89' lang='lat' dir='ltr'>dolo-</span> 
     </span>
     <span class='ocr_line' id='line_1_18' title="bbox 289 1162 1558 1210; baseline -0.005 -9"><span class='ocrx_word' id='word_1_150' title='bbox 289 1174 354 1201; x_wconf 89' lang='lat' dir='ltr'>res</span> <span class='ocrx_word' id='word_1_151' title='bbox 368 1193 377 1210; x_wconf 90' lang='lat'>,</span> <span class='ocrx_word' id='word_1_152' title='bbox 399 1164 560 1210; x_wconf 88' lang='lat' dir='ltr'>damna,</span> <span class='ocrx_word' id='word_1_153' title='bbox 579 1162 860 1208; x_wconf 87' lang='lat' dir='ltr'>ulcerationes,</span> <span class='ocrx_word' id='word_1_154' title='bbox 879 1162 1061 1206; x_wconf 88' lang='lat' dir='ltr'>volnera,</span> <span class='ocrx_word' id='word_1_155' title='bbox 1090 1170 1256 1208; x_wconf 83' lang='lat' dir='ltr'>magnos</span> <span class='ocrx_word' id='word_1_156' title='bbox 1277 1164 1406 1198; x_wconf 89' lang='lat' dir='ltr'>motus</span> <span class='ocrx_word' id='word_1_157' title='bbox 1427 1169 1558 1196; x_wconf 85' lang='lat' dir='ltr'>rerum</span> 
     </span>
     <span class='ocr_line' id='line_1_19' title="bbox 291 1213 1556 1263; baseline -0.003 -8"><span class='ocrx_word' id='word_1_158' title='bbox 291 1219 396 1256; x_wconf 84' lang='lat' dir='ltr'>circa</span> <span class='ocrx_word' id='word_1_159' title='bbox 416 1228 460 1256; x_wconf 92' lang='lat' dir='ltr'>se</span> <span class='ocrx_word' id='word_1_160' title='bbox 481 1217 724 1256; x_wconf 79' lang='lat' dir='ltr'>frementium</span> <span class='ocrx_word' id='word_1_161' title='bbox 744 1226 910 1255; x_wconf 85' lang='lat' dir='ltr'>securus</span> <span class='ocrx_word' id='word_1_162' title='bbox 931 1215 1124 1263; x_wconf 87' lang='lat' dir='ltr'>adspiciat</span> <span class='ocrx_word' id='word_1_163' title='bbox 1151 1219 1189 1253; x_wconf 90' lang='lat' dir='ltr'>et</span> <span class='ocrx_word' id='word_1_164' title='bbox 1209 1215 1308 1253; x_wconf 89' lang='lat' dir='ltr'>dura</span> <span class='ocrx_word' id='word_1_165' title='bbox 1327 1213 1482 1262; x_wconf 85' lang='lat' dir='ltr'>placide</span> <span class='ocrx_word' id='word_1_166' title='bbox 1503 1215 1556 1251; x_wconf 83' lang='lat' dir='ltr'>fe·</span> 
     </span>
     <span class='ocr_line' id='line_1_20' title="bbox 289 1269 1555 1318; baseline -0.003 -8"><span class='ocrx_word' id='word_1_167' title='bbox 289 1278 351 1311; x_wconf 88' lang='lat' dir='ltr'>rat</span> <span class='ocrx_word' id='word_1_168' title='bbox 371 1277 409 1310; x_wconf 89' lang='lat' dir='ltr'>et</span> <span class='ocrx_word' id='word_1_169' title='bbox 428 1273 604 1310; x_wconf 89' lang='lat' dir='ltr'>secunda</span> <span class='ocrx_word' id='word_1_170' title='bbox 622 1271 847 1318; x_wconf 87' lang='lat' dir='ltr'>moderate,</span> <span class='ocrx_word' id='word_1_171' title='bbox 875 1281 949 1308; x_wconf 90' lang='lat' dir='ltr'>nec</span> <span class='ocrx_word' id='word_1_172' title='bbox 976 1269 1051 1308; x_wconf 90' lang='lat' dir='ltr'>illis</span> <span class='ocrx_word' id='word_1_173' title='bbox 1077 1270 1225 1308; x_wconf 91' lang='lat' dir='ltr'>cedens</span> <span class='ocrx_word' id='word_1_174' title='bbox 1245 1279 1317 1307; x_wconf 89' lang='lat' dir='ltr'>nec</span> <span class='ocrx_word' id='word_1_175' title='bbox 1337 1269 1398 1307; x_wconf 88' lang='lat' dir='ltr'>his</span> <span class='ocrx_word' id='word_1_176' title='bbox 1420 1270 1555 1311; x_wconf 84' lang='lat' dir='ltr'>fretus,</span> 
     </span>
     <span class='ocr_line' id='line_1_21' title="bbox 290 1321 1558 1375; baseline -0.004 -10"><span class='ocrx_word' id='word_1_177' title='bbox 290 1338 393 1366; x_wconf 90' lang='lat' dir='ltr'>unus</span> <span class='ocrx_word' id='word_1_178' title='bbox 417 1328 601 1375; x_wconf 88' lang='lat' dir='ltr'>idemque</span> <span class='ocrx_word' id='word_1_179' title='bbox 627 1327 728 1364; x_wconf 90' lang='lat' dir='ltr'>inter</span> <span class='ocrx_word' id='word_1_180' title='bbox 756 1326 914 1364; x_wconf 89' lang='lat' dir='ltr'>diversa</span> <span class='ocrx_word' id='word_1_181' title='bbox 941 1325 991 1363; x_wconf 90' lang='lat' dir='ltr'>sit</span> <span class='ocrx_word' id='word_1_182' title='bbox 1012 1335 1083 1362; x_wconf 84' lang='lat' dir='ltr'>nec</span> <span class='ocrx_word' id='word_1_183' title='bbox 1113 1324 1325 1373; x_wconf 88' lang='lat' dir='ltr'>quicquam</span> <span class='ocrx_word' id='word_1_184' title='bbox 1346 1335 1462 1362; x_wconf 90' lang='lat' dir='ltr'>suum</span> <span class='ocrx_word' id='word_1_185' title='bbox 1483 1321 1558 1361; x_wconf 88' lang='lat' dir='ltr'>nisi</span> 
     </span>
     <span class='ocr_line' id='line_1_22' title="bbox 255 1379 1557 1430; baseline -0.003 -12"><span class='ocrx_word' id='word_1_186' title='bbox 255 1382 335 1420; x_wconf 82' lang='lat' dir='ltr'>4se</span> <span class='ocrx_word' id='word_1_187' title='bbox 365 1386 474 1430; x_wconf 87' lang='lat' dir='ltr'>putet</span> <span class='ocrx_word' id='word_1_188' title='bbox 501 1391 612 1426; x_wconf 86' lang='lat' dir='ltr'>esse,</span> <span class='ocrx_word' id='word_1_189' title='bbox 645 1382 688 1419; x_wconf 80' lang='lat' dir='ltr'>id</span> <span class='ocrx_word' id='word_1_190' title='bbox 715 1390 877 1429; x_wconf 91' lang='lat' dir='ltr'>quoque</span> <span class='ocrx_word' id='word_1_191' title='bbox 904 1390 951 1417; x_wconf 88' lang='lat' dir='ltr'>ea</span> <span class='ocrx_word' id='word_1_192' title='bbox 978 1384 1107 1428; x_wconf 87' lang='lat' dir='ltr'>parte,</span> <span class='ocrx_word' id='word_1_193' title='bbox 1138 1390 1216 1427; x_wconf 85' lang='lat' dir='ltr'>qua</span> <span class='ocrx_word' id='word_1_194' title='bbox 1236 1379 1374 1417; x_wconf 87' lang='lat' dir='ltr'>melior</span> <span class='ocrx_word' id='word_1_195' title='bbox 1401 1383 1479 1416; x_wconf 87' lang='lat' dir='ltr'>est:</span> <span class='ocrx_word' id='word_1_196' title='bbox 1509 1388 1557 1415; x_wconf 89' lang='lat' dir='ltr'>en</span> 
     </span>
     <span class='ocr_line' id='line_1_23' title="bbox 290 1434 1558 1484; baseline -0.004 -10"><span class='ocrx_word' id='word_1_197' title='bbox 290 1437 430 1475; x_wconf 88' lang='lat' dir='ltr'>adsum</span> <span class='ocrx_word' id='word_1_198' title='bbox 450 1436 524 1474; x_wconf 90' lang='lat' dir='ltr'>hoc</span> <span class='ocrx_word' id='word_1_199' title='bbox 546 1435 659 1474; x_wconf 87' lang='lat' dir='ltr'>vobis</span> <span class='ocrx_word' id='word_1_200' title='bbox 680 1436 935 1484; x_wconf 88' lang='lat' dir='ltr'>probaturus,</span> <span class='ocrx_word' id='word_1_201' title='bbox 965 1434 1038 1473; x_wconf 91' lang='lat' dir='ltr'>sub</span> <span class='ocrx_word' id='word_1_202' title='bbox 1057 1434 1132 1472; x_wconf 91' lang='lat' dir='ltr'>isto</span> <span class='ocrx_word' id='word_1_203' title='bbox 1153 1438 1210 1473; x_wconf 85' lang='lat' dir='ltr'>tot</span> <span class='ocrx_word' id='word_1_204' title='bbox 1229 1434 1424 1472; x_wconf 89' lang='lat' dir='ltr'>civitatum</span> <span class='ocrx_word' id='word_1_205' title='bbox 1445 1442 1558 1470; x_wconf 89' lang='lat' dir='ltr'>ever—</span> 
     </span>
     <span class='ocr_line' id='line_1_24' title="bbox 291 1487 1556 1530; baseline -0.005 0"><span class='ocrx_word' id='word_1_206' title='bbox 291 1502 382 1530; x_wconf 86' lang='lat' dir='ltr'>sore</span> <span class='ocrx_word' id='word_1_207' title='bbox 402 1492 640 1530; x_wconf 89' lang='lat' dir='ltr'>munimenta</span> <span class='ocrx_word' id='word_1_208' title='bbox 659 1491 823 1529; x_wconf 83' lang='lat' dir='ltr'>incussu</span> <span class='ocrx_word' id='word_1_209' title='bbox 842 1490 972 1528; x_wconf 88' lang='lat' dir='ltr'>arietis</span> <span class='ocrx_word' id='word_1_210' title='bbox 992 1489 1167 1527; x_wconf 85' lang='lat' dir='ltr'>labefieri</span> <span class='ocrx_word' id='word_1_211' title='bbox 1187 1494 1225 1527; x_wconf 90' lang='lat' dir='ltr'>et</span> <span class='ocrx_word' id='word_1_212' title='bbox 1247 1489 1409 1527; x_wconf 81' lang='lat' dir='ltr'>turrium</span> <span class='ocrx_word' id='word_1_213' title='bbox 1430 1487 1556 1525; x_wconf 57' lang='lat' dir='ltr'>altituss</span> 
     </span>
     <span class='ocr_line' id='line_1_25' title="bbox 291 1542 1559 1592; baseline -0.003 -8"><span class='ocrx_word' id='word_1_214' title='bbox 291 1546 422 1584; x_wconf 91' lang='lat' dir='ltr'>dinem</span> <span class='ocrx_word' id='word_1_215' title='bbox 450 1546 641 1584; x_wconf 87' lang='lat' dir='ltr'>cuniculis</span> <span class='ocrx_word' id='word_1_216' title='bbox 669 1555 716 1583; x_wconf 92' lang='lat' dir='ltr'>ac</span> <span class='ocrx_word' id='word_1_217' title='bbox 743 1544 951 1583; x_wconf 87' lang='lat' dir='ltr'>latentibus</span> <span class='ocrx_word' id='word_1_218' title='bbox 979 1544 1100 1582; x_wconf 85' lang='lat' dir='ltr'>fossis</span> <span class='ocrx_word' id='word_1_219' title='bbox 1127 1548 1289 1592; x_wconf 90' lang='lat' dir='ltr'>repente</span> <span class='ocrx_word' id='word_1_220' title='bbox 1318 1542 1501 1581; x_wconf 86' lang='lat' dir='ltr'>desidere</span> <span class='ocrx_word' id='word_1_221' title='bbox 1521 1546 1559 1580; x_wconf 87' lang='lat' dir='ltr'>et</span> 
     </span>
     <span class='ocr_line' id='line_1_26' title="bbox 292 1597 1559 1649; baseline -0.005 -10"><span class='ocrx_word' id='word_1_222' title='bbox 292 1606 549 1649; x_wconf 84' lang='lat' dir='ltr'>aequaturum</span> <span class='ocrx_word' id='word_1_223' title='bbox 571 1601 808 1639; x_wconf 88' lang='lat' dir='ltr'>editissimas</span> <span class='ocrx_word' id='word_1_224' title='bbox 829 1609 942 1638; x_wconf 86' lang='lat' dir='ltr'>arces</span> <span class='ocrx_word' id='word_1_225' title='bbox 963 1609 1146 1647; x_wconf 83' lang='lat' dir='ltr'>aggerem</span> <span class='ocrx_word' id='word_1_226' title='bbox 1167 1608 1367 1645; x_wconf 87' lang='lat' dir='ltr'>crescere,</span> <span class='ocrx_word' id='word_1_227' title='bbox 1396 1601 1434 1635; x_wconf 90' lang='lat' dir='ltr'>at</span> <span class='ocrx_word' id='word_1_228' title='bbox 1452 1597 1559 1635; x_wconf 88' lang='lat' dir='ltr'>nulla</span> 
     </span>
     <span class='ocr_line' id='line_1_27' title="bbox 292 1650 1557 1703; baseline -0.005 -9"><span class='ocrx_word' id='word_1_229' title='bbox 292 1656 606 1694; x_wconf 85' lang='lat' dir='ltr'>machinamenta</span> <span class='ocrx_word' id='word_1_230' title='bbox 634 1665 754 1703; x_wconf 89' lang='lat' dir='ltr'>posse</span> <span class='ocrx_word' id='word_1_231' title='bbox 784 1654 967 1703; x_wconf 87' lang='lat' dir='ltr'>reperiri,</span> <span class='ocrx_word' id='word_1_232' title='bbox 996 1663 1098 1702; x_wconf 85' lang='lat' dir='ltr'>quae</span> <span class='ocrx_word' id='word_1_233' title='bbox 1125 1654 1226 1692; x_wconf 89' lang='lat' dir='ltr'>bene</span> <span class='ocrx_word' id='word_1_234' title='bbox 1254 1654 1454 1691; x_wconf 82' lang='lat' dir='ltr'>fundatum</span> <span class='ocrx_word' id='word_1_235' title='bbox 1476 1650 1557 1689; x_wconf 89' lang='lat' dir='ltr'>ani—</span> 
     </span>
     <span class='ocr_line' id='line_1_28' title="bbox 255 1706 1558 1759; baseline -0.004 -11"><span class='ocrx_word' id='word_1_236' title='bbox 255 1715 393 1749; x_wconf 85' lang='lat' dir='ltr'>5mum</span> <span class='ocrx_word' id='word_1_237' title='bbox 417 1712 573 1759; x_wconf 81' lang='lat' dir='ltr'>agitent.</span> <span class='ocrx_word' id='word_1_238' title='bbox 615 1710 756 1758; x_wconf 91' lang='lat' dir='ltr'>Erepsi</span> <span class='ocrx_word' id='word_1_239' title='bbox 784 1710 902 1748; x_wconf 89' lang='lat' dir='ltr'>modo</span> <span class='ocrx_word' id='word_1_240' title='bbox 924 1719 945 1747; x_wconf 91' lang='lat' dir='ltr'>e</span> <span class='ocrx_word' id='word_1_241' title='bbox 965 1709 1087 1747; x_wconf 89' lang='lat' dir='ltr'>ruinis</span> <span class='ocrx_word' id='word_1_242' title='bbox 1116 1709 1277 1755; x_wconf 91' lang='lat' dir='ltr'>domus,</span> <span class='ocrx_word' id='word_1_243' title='bbox 1306 1711 1344 1745; x_wconf 88' lang='lat' dir='ltr'>et</span> <span class='ocrx_word' id='word_1_244' title='bbox 1362 1706 1558 1744; x_wconf 88' lang='lat' dir='ltr'>incendiis</span> 
     </span>
     <span class='ocr_line' id='line_1_29' title="bbox 290 1762 1555 1814; baseline -0.005 -10"><span class='ocrx_word' id='word_1_245' title='bbox 290 1766 468 1814; x_wconf 90' lang='lat' dir='ltr'>undique</span> <span class='ocrx_word' id='word_1_246' title='bbox 493 1765 761 1804; x_wconf 87' lang='lat' dir='ltr'>relucentibus</span> <span class='ocrx_word' id='word_1_247' title='bbox 782 1764 962 1802; x_wconf 82' lang='lat' dir='ltr'>flammas</span> <span class='ocrx_word' id='word_1_248' title='bbox 984 1774 1054 1812; x_wconf 91' lang='lat' dir='ltr'>per</span> <span class='ocrx_word' id='word_1_249' title='bbox 1074 1764 1306 1811; x_wconf 83' lang='lat' dir='ltr'>sanguinem</span> <span class='ocrx_word' id='word_1_250' title='bbox 1328 1762 1419 1809; x_wconf 79' lang='lat' dir='ltr'>lugi.</span> <span class='ocrx_word' id='word_1_251' title='bbox 1455 1762 1555 1799; x_wconf 86' lang='lat' dir='ltr'>filias</span> 
     </span>
     <span class='ocr_line' id='line_1_30' title="bbox 290 1816 1558 1869; baseline -0.005 -10"><span class='ocrx_word' id='word_1_252' title='bbox 290 1831 400 1859; x_wconf 86' lang='lat' dir='ltr'>meas</span> <span class='ocrx_word' id='word_1_253' title='bbox 431 1821 519 1869; x_wconf 80' lang='lat' dir='ltr'>qu1s</span> <span class='ocrx_word' id='word_1_254' title='bbox 541 1831 659 1859; x_wconf 86' lang='lat' dir='ltr'>casus</span> <span class='ocrx_word' id='word_1_255' title='bbox 679 1820 840 1865; x_wconf 74' lang='lat' dir='ltr'>habeat,</span> <span class='ocrx_word' id='word_1_256' title='bbox 870 1829 918 1856; x_wconf 86' lang='lat' dir='ltr'>an</span> <span class='ocrx_word' id='word_1_257' title='bbox 949 1819 1060 1867; x_wconf 91' lang='lat' dir='ltr'>peior</span> <span class='ocrx_word' id='word_1_258' title='bbox 1082 1819 1238 1867; x_wconf 89' lang='lat' dir='ltr'>publico</span> <span class='ocrx_word' id='word_1_259' title='bbox 1259 1817 1407 1855; x_wconf 91' lang='lat' dir='ltr'>nescio.</span> <span class='ocrx_word' id='word_1_260' title='bbox 1446 1816 1558 1855; x_wconf 88' lang='lat' dir='ltr'>solus</span> 
     </span>
     <span class='ocr_line' id='line_1_31' title="bbox 292 1871 1558 1919; baseline -0.006 -5"><span class='ocrx_word' id='word_1_261' title='bbox 292 1881 330 1914; x_wconf 87' lang='lat' dir='ltr'>et</span> <span class='ocrx_word' id='word_1_262' title='bbox 349 1876 482 1914; x_wconf 87' lang='lat' dir='ltr'>senior</span> <span class='ocrx_word' id='word_1_263' title='bbox 498 1881 535 1914; x_wconf 93' lang='lat' dir='ltr'>et</span> <span class='ocrx_word' id='word_1_264' title='bbox 550 1875 707 1914; x_wconf 87' lang='lat' dir='ltr'>hostilia</span> <span class='ocrx_word' id='word_1_265' title='bbox 722 1874 826 1912; x_wconf 87' lang='lat' dir='ltr'>circa</span> <span class='ocrx_word' id='word_1_266' title='bbox 842 1884 903 1912; x_wconf 91' lang='lat' dir='ltr'>me</span> <span class='ocrx_word' id='word_1_267' title='bbox 921 1874 1051 1912; x_wconf 88' lang='lat' dir='ltr'>omnia</span> <span class='ocrx_word' id='word_1_268' title='bbox 1069 1872 1206 1912; x_wconf 87' lang='lat' dir='ltr'>videns</span> <span class='ocrx_word' id='word_1_269' title='bbox 1222 1877 1348 1910; x_wconf 88' lang='lat' dir='ltr'>tamen</span> <span class='ocrx_word' id='word_1_270' title='bbox 1365 1871 1558 1919; x_wconf 79' lang='lat' dir='ltr'>integrum</span> 
     </span>
     <span class='ocr_line' id='line_1_32' title="bbox 291 1927 1559 1978; baseline -0.003 -11"><span class='ocrx_word' id='word_1_271' title='bbox 291 1930 604 1978; x_wconf 89' lang='lat' dir='ltr'>incolumemque</span> <span class='ocrx_word' id='word_1_272' title='bbox 625 1940 716 1968; x_wconf 90' lang='lat' dir='ltr'>esse</span> <span class='ocrx_word' id='word_1_273' title='bbox 733 1939 896 1967; x_wconf 89' lang='lat' dir='ltr'>censum</span> <span class='ocrx_word' id='word_1_274' title='bbox 915 1939 1044 1967; x_wconf 88' lang='lat' dir='ltr'>meum</span> <span class='ocrx_word' id='word_1_275' title='bbox 1067 1928 1269 1977; x_wconf 82' lang='lat' dir='ltr'>profiteor:</span> <span class='ocrx_word' id='word_1_276' title='bbox 1285 1931 1412 1975; x_wconf 89' lang='lat' dir='ltr'>teneo,</span> <span class='ocrx_word' id='word_1_277' title='bbox 1429 1927 1559 1964; x_wconf 90' lang='lat' dir='ltr'>habeo</span> 
     </span>
     <span class='ocr_line' id='line_1_33' title="bbox 256 1982 1558 2032; baseline -0.005 -9"><span class='ocrx_word' id='word_1_278' title='bbox 256 1993 277 2027; x_wconf 88' lang='lat'><strong>6</strong></span> <span class='ocrx_word' id='word_1_279' title='bbox 293 1984 479 2032; x_wconf 89' lang='lat' dir='ltr'>quicquid</span> <span class='ocrx_word' id='word_1_280' title='bbox 495 1986 571 2023; x_wconf 89' lang='lat' dir='ltr'>mei</span> <span class='ocrx_word' id='word_1_281' title='bbox 586 1984 717 2023; x_wconf 85' lang='lat' dir='ltr'>habui.</span> <span class='ocrx_word' id='word_1_282' title='bbox 747 1984 833 2022; x_wconf 92' lang='lat' dir='ltr'>Non</span> <span class='ocrx_word' id='word_1_283' title='bbox 849 1988 910 2022; x_wconf 87' lang='lat' dir='ltr'>est</span> <span class='ocrx_word' id='word_1_284' title='bbox 925 1984 1031 2032; x_wconf 86' lang='lat' dir='ltr'>quod</span> <span class='ocrx_word' id='word_1_285' title='bbox 1052 1994 1113 2022; x_wconf 92' lang='lat' dir='ltr'>me</span> <span class='ocrx_word' id='word_1_286' title='bbox 1131 1983 1272 2020; x_wconf 90' lang='lat' dir='ltr'>victum</span> <span class='ocrx_word' id='word_1_287' title='bbox 1290 1982 1558 2029; x_wconf 89' lang='lat' dir='ltr'>victoremque</span> 
     </span>
     <span class='ocr_line' id='line_1_34' title="bbox 291 2037 1560 2078; baseline -0.004 -1"><span class='ocrx_word' id='word_1_288' title='bbox 291 2044 330 2077; x_wconf 86' lang='lat' dir='ltr'>te</span> <span class='ocrx_word' id='word_1_289' title='bbox 346 2040 504 2077; x_wconf 89' lang='lat' dir='ltr'>credas:</span> <span class='ocrx_word' id='word_1_290' title='bbox 523 2040 617 2078; x_wconf 88' lang='lat' dir='ltr'>vicit</span> <span class='ocrx_word' id='word_1_291' title='bbox 632 2041 786 2078; x_wconf 81' lang='lat' dir='ltr'>fortuna</span> <span class='ocrx_word' id='word_1_292' title='bbox 805 2045 870 2078; x_wconf 88' lang='lat' dir='ltr'>tua</span> <span class='ocrx_word' id='word_1_293' title='bbox 889 2039 1084 2077; x_wconf 82' lang='lat' dir='ltr'>fortunam</span> <span class='ocrx_word' id='word_1_294' title='bbox 1100 2047 1238 2075; x_wconf 86' lang='lat' dir='ltr'>meam.</span> <span class='ocrx_word' id='word_1_295' title='bbox 1268 2037 1419 2076; x_wconf 91' lang='lat' dir='ltr'>caduca</span> <span class='ocrx_word' id='word_1_296' title='bbox 1437 2038 1503 2075; x_wconf 90' lang='lat' dir='ltr'>illa</span> <span class='ocrx_word' id='word_1_297' title='bbox 1521 2039 1560 2073; x_wconf 84' lang='lat' dir='ltr'>et</span> 
     </span>
     <span class='ocr_line' id='line_1_35' title="bbox 294 2091 1558 2140; baseline -0.003 -9"><span class='ocrx_word' id='word_1_298' title='bbox 294 2093 495 2132; x_wconf 92' lang='lat' dir='ltr'>dominum</span> <span class='ocrx_word' id='word_1_299' title='bbox 521 2095 710 2133; x_wconf 85' lang='lat' dir='ltr'>mutantia</span> <span class='ocrx_word' id='word_1_300' title='bbox 736 2094 801 2132; x_wconf 88' lang='lat' dir='ltr'>ubi</span> <span class='ocrx_word' id='word_1_301' title='bbox 830 2095 909 2132; x_wconf 90' lang='lat' dir='ltr'>sint</span> <span class='ocrx_word' id='word_1_302' title='bbox 936 2094 1090 2132; x_wconf 78' lang='lat' dir='ltr'>nescio:</span> <span class='ocrx_word' id='word_1_303' title='bbox 1129 2091 1237 2140; x_wconf 90' lang='lat' dir='ltr'>quod</span> <span class='ocrx_word' id='word_1_304' title='bbox 1272 2092 1322 2129; x_wconf 88' lang='lat' dir='ltr'>ad</span> <span class='ocrx_word' id='word_1_305' title='bbox 1356 2103 1421 2131; x_wconf 90' lang='lat' dir='ltr'>res</span> <span class='ocrx_word' id='word_1_306' title='bbox 1449 2100 1558 2129; x_wconf 88' lang='lat' dir='ltr'>meas</span> 
     </span>
     <span class='ocr_line' id='line_1_36' title="bbox 256 2145 1557 2196; baseline -0.002 -10"><span class='ocrx_word' id='word_1_307' title='bbox 256 2157 277 2192; x_wconf 89' lang='lat'><strong>7</strong></span> <span class='ocrx_word' id='word_1_308' title='bbox 294 2149 480 2196; x_wconf 88' lang='lat' dir='ltr'>pertinet,</span> <span class='ocrx_word' id='word_1_309' title='bbox 500 2159 651 2187; x_wconf 87' lang='lat' dir='ltr'>mecum</span> <span class='ocrx_word' id='word_1_310' title='bbox 675 2154 784 2196; x_wconf 88' lang='lat' dir='ltr'>sunt,</span> <span class='ocrx_word' id='word_1_311' title='bbox 803 2160 958 2187; x_wconf 87' lang='lat' dir='ltr'>mecum</span> <span class='ocrx_word' id='word_1_312' title='bbox 978 2152 1100 2186; x_wconf 88' lang='lat' dir='ltr'>erunt.</span> <span class='ocrx_word' id='word_1_313' title='bbox 1138 2145 1398 2186; x_wconf 85' lang='lat' dir='ltr'>Perdiderunt</span> <span class='ocrx_word' id='word_1_314' title='bbox 1417 2146 1480 2185; x_wconf 89' lang='lat' dir='ltr'>isti</span> <span class='ocrx_word' id='word_1_315' title='bbox 1501 2145 1557 2183; x_wconf 90' lang='lat' dir='ltr'>di-</span> 
     </span>
     <span class='ocr_line' id='line_1_37' title="bbox 293 2201 1556 2251; baseline -0.002 -11"><span class='ocrx_word' id='word_1_316' title='bbox 293 2203 393 2241; x_wconf 87' lang='lat' dir='ltr'>vites</span> <span class='ocrx_word' id='word_1_317' title='bbox 416 2203 667 2251; x_wconf 86' lang='lat' dir='ltr'>patrimonia,</span> <span class='ocrx_word' id='word_1_318' title='bbox 694 2204 894 2243; x_wconf 89' lang='lat' dir='ltr'>libidinosi</span> <span class='ocrx_word' id='word_1_319' title='bbox 919 2212 1071 2242; x_wconf 85' lang='lat' dir='ltr'>amores</span> <span class='ocrx_word' id='word_1_320' title='bbox 1093 2211 1188 2240; x_wconf 88' lang='lat' dir='ltr'>suos</span> <span class='ocrx_word' id='word_1_321' title='bbox 1210 2205 1247 2239; x_wconf 91' lang='lat' dir='ltr'>et</span> <span class='ocrx_word' id='word_1_322' title='bbox 1266 2211 1407 2249; x_wconf 77' lang='lat' dir='ltr'>mag-no</span> <span class='ocrx_word' id='word_1_323' title='bbox 1430 2201 1556 2249; x_wconf 84' lang='lat' dir='ltr'>pudo-</span> 
     </span>
     <span class='ocr_line' id='line_1_38' title="bbox 291 2252 1559 2306; baseline -0.003 -10"><span class='ocrx_word' id='word_1_324' title='bbox 291 2256 347 2296; x_wconf 89' lang='lat' dir='ltr'>ris</span> <span class='ocrx_word' id='word_1_325' title='bbox 374 2257 562 2306; x_wconf 90' lang='lat' dir='ltr'>inpendio</span> <span class='ocrx_word' id='word_1_326' title='bbox 590 2258 730 2296; x_wconf 87' lang='lat' dir='ltr'>dilecta</span> <span class='ocrx_word' id='word_1_327' title='bbox 750 2263 903 2306; x_wconf 84' lang='lat' dir='ltr'>scorta,</span> <span class='ocrx_word' id='word_1_328' title='bbox 931 2252 1126 2301; x_wconf 84' lang='lat' dir='ltr'>ambitiosi</span> <span class='ocrx_word' id='word_1_329' title='bbox 1148 2255 1294 2294; x_wconf 85' lang='lat' dir='ltr'>curiam</span> <span class='ocrx_word' id='word_1_330' title='bbox 1316 2261 1354 2294; x_wconf 88' lang='lat' dir='ltr'>et</span> <span class='ocrx_word' id='word_1_331' title='bbox 1373 2256 1500 2295; x_wconf 79' lang='lat' dir='ltr'>forum</span> <span class='ocrx_word' id='word_1_332' title='bbox 1521 2259 1559 2293; x_wconf 90' lang='lat' dir='ltr'>et</span> 
     </span>
     <span class='ocr_line' id='line_1_39' title="bbox 293 2312 1559 2361; baseline -0.003 -10"><span class='ocrx_word' id='word_1_333' title='bbox 293 2313 382 2351; x_wconf 91' lang='lat' dir='ltr'>loca</span> <span class='ocrx_word' id='word_1_334' title='bbox 397 2312 630 2351; x_wconf 85' lang='lat' dir='ltr'>exercendis</span> <span class='ocrx_word' id='word_1_335' title='bbox 647 2313 683 2350; x_wconf 91' lang='lat' dir='ltr'>in</span> <span class='ocrx_word' id='word_1_336' title='bbox 702 2314 860 2361; x_wconf 87' lang='lat' dir='ltr'>publico</span> <span class='ocrx_word' id='word_1_337' title='bbox 871 2312 972 2352; x_wconf 88' lang='lat' dir='ltr'>vitiis</span> <span class='ocrx_word' id='word_1_338' title='bbox 989 2312 1193 2351; x_wconf 86' lang='lat' dir='ltr'>destinata.</span> <span class='ocrx_word' id='word_1_339' title='bbox 1215 2312 1457 2350; x_wconf 83' lang='lat' dir='ltr'>feneratores</span> <span class='ocrx_word' id='word_1_340' title='bbox 1471 2320 1559 2359; x_wconf 87' lang='lat' dir='ltr'>per·</span> 
     </span>
    </p>
   </div>
  </div>
 </body>
</html>
