1592 2580
292 162 476 202 NATUR.
497 160 710 210 QUAEST.
738 160 834 201 LIB.
850 161 918 201 VI.
947 166 1120 204 27—30.
1265 161 1348 203 293

151 264 287 304 XXIX.
322 264 436 303 Nam
464 263 596 312 quod
624 263 822 312 aliquot
847 262 1046 303 insanis
1075 263 1385 310 adtonitis—1

75 331 170 371 que
198 318 394 360 similes
423 319 733 367 discurrere,
769 319 893 359 fecit
920 323 1101 367 metus,
1138 318 1208 368 qui
1227 330 1348 360 excu-

74 378 118 416 tit
134 380 306 421 mentes,
342 374 412 414 ubi
439 374 618 423 privatus
639 384 686 413 ac
705 374 888 414 modicus
906 379 981 414 εει.
1014 375 1081 423 qui
1101 374 1169 413 ubi
1191 375 1351 425 publice

71 436 210 479 terret,
236 430 306 470 ubi
326 431 474 470 cadunt
494 424 635 477 urbes‘,
664 429 804 479 populi
820 430 1110 479 opprimuntur,
1133 434 1349 471 terracon-
1378 446 1381 447 ⁷

72 487 225 535 emitur,
259 486 356 535 quid
383 486 524 524 mirum
551 491 615 525 est
641 486 796 525 animos
823 486 924 524 inter
943 486 1124 525 dolorem
1145 492 1184 526 et
1202 491 1350 526 metum

71 542 280 582 destitutos
308 542 551 580 aberrasse?
601 541 689 580 Non
715 545 777 580 est
802 541 919 580 facile
947 541 1048 580 inter
1073 552 1217 590 magna
1244 544 1384 586 mala2

70 609 151 638 non
170 597 370 646 desipere.
399 597 534 646 itaque
554 597 758 636 levissima
776 597 859 636 sere
878 597 1038 645 ingenia
1055 596 1096 636 in
1115 602 1264 637 tantum
1278 608 1347 636 ve·

69 664 165 693 nere
192 652 435 701 formidinis,
463 657 507 691 ut
534 653 611 691 sibi
639 653 882 692 exciderent.
929 653 1053 692 Nemo
1075 653 1234 702 quidem
1261 653 1349 693 sine

69 710 205 757 aliqua
243 709 396 747 iactura
436 707 616 748 sanitatis
658 707 823 757 expavit
854 708 1074 757 similisque
1108 713 1170 747 est
1205 709 1350 748 furenti

71 765 254 814 quisquis
274 765 416 803 timuit:
445 765 519 803 sed
540 765 639 803 alios
659 764 736 803 cito
758 764 875 802 timor
895 763 971 803 sibi
990 764 1141 811 reddit,
1163 764 1264 804 alios
1279 775 1348 804 ve-

70 820 292 859 hementius
310 820 514 868 perturbat
530 824 569 859 et
583 820 622 858 in
640 819 877 858 dementiam
892 820 1092 858 transfert.
1136 820 1234 858 Inde
1250 820 1351 859 inter
1363 828 1386 864 3

70 876 175 915 bella
194 886 379 914 erravere
402 875 633 926 lymphatici
653 885 728 913 nec
746 886 920 923 usquam
941 876 1056 924 plura
1075 876 1261 924 exempla
1280 886 1348 915 va·

69 931 312 971 ticinantium
331 930 534 979 invenies,
565 941 684 980 quam
703 931 772 970 ubi
794 930 964 970 formido
983 936 1136 971 mentes
1155 931 1350 980 religione

68 987 192 1026 mixta
213 986 424 1035 percussit.

149 1042 268 1082 XXX.
305 1042 526 1082 Statuam
555 1042 770 1081 divisam
800 1052 894 1080 non
926 1040 1097 1090 miror,
1129 1052 1219 1080 cum
1238 1041 1348 1080 dixe·
1366 1051 1385 1085 1

67 1098 141 1138 rim
160 1103 317 1138 montes
337 1108 361 1136 a
380 1097 580 1138 montibus
596 1098 821 1137 recessisse
837 1102 876 1136 et
889 1097 1021 1147 ipsum
1036 1097 1237 1148 diruptum
1254 1107 1363 1137 esse„

69 1154 119 1193 ab
137 1154 216 1193 imo
238 1155 381 1193 solum.

175 1210 288 1249 Haec
306 1212 393 1249 loca
411 1210 451 1248 vi
464 1208 661 1258 quondam
678 1213 717 1249 et
732 1214 843 1248 vasta
861 1210 1039 1248 convolsa
1056 1210 1176 1248 ruina

178 1268 342 1312 (tantum
362 1267 450 1304 aevi
465 1267 678 1314 lonqinqua
696 1268 800 1304 valet
817 1269 968 1304 mutare
990 1268 1174 1311 vetustas)

175 1321 387 1360 desiluisse
401 1321 558 1369 ferunt,
588 1332 676 1360 cum
687 1323 870 1371 protinus
888 1326 1054 1369 utraque
1073 1323 1184 1361 tellus

175 1387 258 1416 una
273 1377 391 1424 soret.
450 1378 560 1416 Venit
576 1378 724 1425 inqenti
742 1379 781 1416 vi
789 1381 934 1426 pontus
953 1382 991 1415 et
1007 1378 1145 1424 inqens

176 1432 407 1481 Hesperium
427 1432 558 1472 Siculo
579 1435 681 1471 latus
700 1433 864 1472 abscidit
881 1443 1058 1480 aruaque
1075 1437 1113 1471 et
1130 1432 1244 1472 urbes

176 1498 346 1536 aequore
365 1489 543 1527 diductas
563 1493 726 1536 anqusto
744 1490 917 1527 interluit
935 1492 1055 1526 aestu.

66 1541 195 1582 Vides
222 1547 327 1582 totas
349 1544 536 1592 regiones
557 1553 582 1581 a
601 1543 686 1582 suis
707 1544 872 1582 sedibus
893 1543 1031 1582 revelli
1051 1547 1090 1582 et
1108 1548 1217 1582 trans
1237 1553 1346 1582 mare
1362 1554 1384 1588 2

67 1597 216 1645 iacere,
248 1599 358 1648 quod
377 1599 415 1638 in
433 1598 606 1638 confinio
623 1599 763 1638 fuerat.
793 1599 909 1638 vides
923 1604 962 1639 et
975 1598 1130 1638 urbium
1148 1598 1235 1638 fieri
1251 1609 1346 1647 gen-

67 1654 246 1702 tiumque
276 1654 507 1702 discidium,
539 1665 629 1693 cum
651 1666 746 1704 pars
778 1659 942 1694 naturae
971 1655 1126 1694 concita
1154 1659 1218 1693 εει
1236 1655 1287 1694 de
1305 1666 1348 1694 se

67 1714 108 1748 et
133 1709 265 1758 aliquo
294 1721 423 1757 mare,
459 1710 610 1759 ignem,
646 1711 826 1760 spiritum
853 1710 1023 1759 inpegit,
1052 1721 1224 1759 quorum
1248 1710 1348 1750 mira

66 1769 109 1804 ut
126 1775 178 1804 ex
197 1770 280 1805 toto
299 1767 362 1805 vis
383 1770 462 1805 est:
495 1767 677 1816 quamvis
699 1767 803 1805 enim
823 1776 874 1805 ex
892 1771 1002 1815 parte
1018 1766 1188 1813 saeviat,
1210 1765 1347 1806 mundi

66 1826 199 1860 tamen
220 1821 370 1861 viribus
389 1822 528 1862 saevit.
578 1821 643 1861 Sic
660 1826 698 1861 et
711 1822 928 1871 Hispanias
943 1833 967 1861 a
982 1827 1172 1863 contextu
1184 1821 1346 1861 Africae
1360 1828 1383 1864 3

7 1878 9 1880 ’
66 1887 177 1915 mare
197 1876 353 1926 eripuit.
384 1878 442 1916 sic
457 1889 530 1927 per
544 1877 651 1917 hanc·
662 1877 980 1926 inundationem,
1002 1889 1120 1927 quam
1138 1882 1347 1927 poetarum

67 1932 227 1971 maximi
247 1933 465 1980 celebrant,
495 1933 545 1972 ab
564 1933 674 1972 Italia
694 1933 828 1972 Sicilia
842 1935 990 1973 reiecta
1004 1938 1079 1972 est.
1127 1934 1345 1982 Aliquanto

67 1992 196 2027 autem
214 1988 305 2037 plus
321 1989 480 2038 inpetus
496 1989 655 2037 habent,
677 1999 780 2039 quae
797 2000 847 2029 ex
862 1989 996 2029 infimo
1012 1988 1189 2028 veniunt.
1217 1989 1346 2028 acrio-

66 2043 237 2082 raenim
255 2049 366 2092 sunt,
390 2045 536 2093 quibus
556 2043 669 2084 nisus
689 2050 750 2084 εει
771 2056 843 2094 per
858 2049 1039 2094 angusta.
1089 2044 1264 2093 Quantas
1279 2054 1345 2084 res
1361 2053 1385 2087 4

66 2097 109 2137 hi
126 2102 320 2139 terrarum
342 2105 532 2140 tremores
550 2111 750 2150 quamque
771 2101 870 2140 mira
889 2101 1121 2150 spectacula
1136 2100 1345 2149 ediderint,

69 2154 167 2193 satis
193 2155 339 2196 dictum
368 2161 449 2195 est:
487 2167 557 2196 cur
584 2165 680 2204 ergo
708 2156 853 2206 aliquis
881 2157 933 2195 ad
952 2156 1030 2196 hoc
1054 2161 1206 2205 stupet,
1235 2157 1346 2206 quod

70 2211 276 2251 aes-unius
300 2217 455 2251 statuae
482 2223 532 2252 ne
555 2212 727 2252 solidum
750 2213 930 2261 quidem,
961 2212 1035 2251 sed
1055 2223 1276 2252 concavum
1297 2222 1354 2252 ac*

68 2268 190 2304 tenue
207 2266 404 2316 diruptum
422 2272 494 2315 est,
517 2278 607 2307 cum
624 2268 795 2307 fortasse
811 2267 850 2307 in
867 2268 963 2307 illud
979 2268 1345 2318 serspiritusquae·

68 2329 163 2361 rens
190 2322 324 2372 fugam
350 2324 582 2364 incluserit?
624 2324 726 2364 Illud
753 2335 851 2364 vero
873 2323 962 2373 quis
990 2325 1151 2366 nescit!
1171 2324 1353 2366 diductis*
