1624 2626
110 191 478 235 CONTUMELIAM
495 191 747 232 ACCIPERE
767 191 1069 233 SAPIENTEM.
1098 190 1254 230 1—111.
1296 189 1349 230 19

55 299 186 347 cibum
206 297 366 336 deesse.
407 299 497 334 cum
517 293 741 344 sapientem
761 294 939 343 negastis
959 291 1158 342 insanire,
1179 303 1260 332 non
1280 303 1348 331 ne-

21 403 28 407 ,
53 354 155 404 gatis
176 359 215 392 et
233 352 398 392 alienari
417 357 456 391 et
476 362 616 401 parum
638 361 738 390 sana
755 350 878 390 verba
897 350 1076 391 emittere
1096 354 1135 388 et
1156 348 1357 399 quiequid·

52 411 114 449 vis
136 408 273 449 morbi,
293 408 400 457 cogit
426 407 590 447 audere.
629 417 720 446 cum
740 406 965 456 sapientem
984 406 1164 454 negastis
1185 414 1351 445 servum

54 477 168 514 esse,
195 465 314 504 iidem
345 475 426 504 non
453 463 520 505 itis
539 463 688 503 infitias
710 468 750 503 et
772 463 998 502 veniturum
1017 467 1058 501 et
1075 462 1272 511 imperata
1292 461 1348 499 fa-

55 528 209 562 cturum
238 525 277 559 et
306 521 469 560 domino
491 530 567 559 suo
598 519 760 559 servilia
787 524 1080 568 praestaturum
1108 516 1349 556 ministeria:

53 580 107 618 ita
126 578 284 618 sublato
304 578 382 625 alte
403 576 619 626 supercilio
644 576 683 614 in
704 576 847 614 eadem
867 586 972 624 quae
993 574 1114 613 ceteri
1136 573 1350 613 descendi-

55 635 103 675 tis
119 634 279 677 mutatis
298 642 433 672 rerum
452 632 694 671 nominibus.
724 632 818 670 Tale
836 631 971 681 itaque
985 630 1135 680 aliquid
1158 634 1197 669 et
1215 629 1256 668 in
1271 629 1350 668 hoe
1368 633 1390 667 2

54 701 147 730 esse
167 689 368 738 suspicor,
391 689 499 738 quod
522 689 649 737 prima
669 687 808 737 specie
830 687 1039 736 pulchrum
1057 691 1178 735 atque
1199 685 1350 734 magni-

54 747 174 786 fieum
194 750 268 793 est,
288 756 364 784 nec
383 745 565 785 iniuriam
587 755 662 784 nec
679 744 959 783 contumeliam
978 748 1237 792 accepturum
1257 751 1352 780 esse

0 822 1 835 ÷
54 803 290 852 sapientem.
316 802 482 840 multum
503 804 635 839 autem
655 801 832 848 interest,
853 804 982 839 utrum
998 800 1220 847 sapientem
1238 802 1353 836 extra

0 881 1 888 κ
53 858 366 907 indignationem
394 868 444 896 an
473 861 587 896 extra
614 856 798 896 iniuriam
825 866 970 905 ponas.
1007 866 1100 895 nam
1129 853 1164 893 si
1184 854 1285 893 dieis
1306 853 1350 892 il-

53 917 136 954 lum
170 924 304 963 aequo
340 913 472 952 animo
506 914 697 960 laturum,
743 914 895 952 nullum
929 911 1052 950 habet
1083 910 1353 960 privilegium.

58 970 222 1019 contigit
248 969 304 1008 illi
331 980 398 1008 res
427 967 602 1016 volgaris
631 973 671 1007 et
696 978 802 1017 quae
822 968 990 1006 discitur
1009 967 1101 1016 ipsa
1120 966 1354 1006 iniuriarum

57 1025 320 1073 adsiduitate,
347 1024 550 1073 patientia.
599 1024 633 1063 si
653 1034 779 1072 negas
799 1028 1060 1072 accepturum
1079 1022 1283 1068 iniuriam,
1313 1021 1354 1060 id

57 1088 119 1123 est
138 1082 336 1121 neminem
357 1080 412 1119 illi
431 1084 716 1129 temptaturum
737 1081 884 1127 facere,
906 1079 1092 1119 omnibus
1112 1078 1262 1117 relictis
1285 1087 1352 1115 ne-

55 1139 173 1189 gotiis
202 1137 364 1177 Stoicus
391 1137 486 1176 fio.“
528 1136 615 1184 Ego
643 1146 740 1175 vero
764 1136 988 1184 sapientem
1015 1146 1097 1173 non
1118 1133 1352 1183 imaginario
1373 1139 1395 1174 3

55 1197 210 1235 honore
229 1193 445 1233 verborum
464 1203 663 1231 exornare
685 1191 887 1238 constitui,
908 1192 983 1230 sed
1004 1201 1052 1230 eo
1074 1192 1165 1230 loeo
1187 1199 1353 1239 ponere,

0 1293 2 1299 k
57 1262 138 1301 quo
161 1250 271 1289 nulla
290 1249 538 1300 permittatur
565 1248 720 1287 iniuria.
766 1248 864 1297 quid
892 1251 1017 1296 ergo?
1045 1257 1162 1286 nemo
1192 1247 1265 1285 erit
1286 1245 1355 1294 qui

0 1312 3 1340 ἱ
59 1310 250 1353 lacessat,
282 1305 350 1355 qui
378 1309 570 1354 temptet?
596 1304 689 1343 nihil
719 1304 758 1342 in
781 1314 914 1342 rerum
933 1309 1075 1342 natura
1094 1307 1173 1341 tam
1194 1312 1356 1341 sacrum

58 1368 140 1411 est,
171 1363 283 1412 quod
311 1362 550 1409 sacrilegum
578 1371 660 1400 non
680 1360 875 1408 inveniat,
907 1360 980 1398 sed
1005 1370 1085 1398 non
1106 1358 1198 1398 ideo
1220 1357 1357 1397 divina

0 1425 5 1473 χ’
57 1419 190 1458 minus
226 1419 265 1457 in
303 1417 462 1457 sublimi
496 1421 608 1464 sunt,
645 1416 680 1455 si
717 1416 916 1454 exsistunt
945 1415 1015 1464 qui
1041 1414 1356 1463 magnitudinem

4 1483 5 1486 ’
59 1477 222 1514 multum
248 1474 351 1513 ultra
380 1484 425 1512 se
453 1472 625 1522 positam
654 1483 733 1511 non
762 1473 903 1511 tacturi
932 1472 1134 1520 adpetant.
1171 1471 1355 1509 Involne-

57 1530 184 1570 rabile
210 1535 272 1568 est
298 1540 379 1569 non
401 1529 510 1578 quod
531 1540 611 1567 non
634 1529 790 1575 seritur,
819 1529 892 1567 sed
915 1528 1026 1577 quod
1053 1538 1133 1565 non
1162 1526 1354 1565 laeditur:

60 1597 112 1626 ex
133 1585 209 1624 hae
236 1585 306 1624 tibi
334 1590 428 1624 nota
457 1584 680 1633 sapientem
708 1583 922 1623 exhibebo.
962 1583 1166 1632 Numquid
1191 1582 1392 1628 dubium-4

61 1647 142 1689 est,
174 1642 268 1689 quin
289 1640 434 1679 certius
461 1641 585 1679 robur
605 1641 656 1679 sit
677 1641 787 1689 quod
808 1651 888 1679 non
908 1639 1081 1679 vincitur
1101 1650 1221 1688 quam
1244 1638 1354 1687 quod

62 1709 140 1738 non
164 1697 395 1744 lacessitur,
425 1706 515 1734 oum
537 1697 681 1735 dubiae
701 1696 781 1735 sint
799 1697 907 1735 vires
928 1696 1182 1745 inexpertae,
1214 1699 1252 1734 at
1271 1705 1353 1734 me*

6 1780 9 1787 n
58 1755 134 1793 rito
170 1753 393 1792 certissima
422 1751 585 1791 firmitas
614 1752 830 1802 habeatur,
862 1763 967 1802 quae
1000 1751 1130 1791 omnis
1166 1751 1353 1790 incursus

25 1817 30 1822 “
61 1810 243 1859 respuit?
271 1809 329 1848 sic
356 1814 396 1848 tu
425 1809 647 1857 sapientem
672 1808 848 1848 melioris
869 1809 969 1848 seito
990 1818 1084 1847 esse
1105 1812 1290 1854 naturae,
1320 1807 1354 1844 si

64 1923 190 1961 virum
218 1921 370 1969 dicam,
400 1930 517 1969 quem
545 1919 650 1958 bella
678 1931 756 1959 non
782 1919 972 1968 subigunt
998 1930 1074 1959 nec
1103 1919 1265 1957 admota
1291 1917 1354 1956 vis

61 1978 218 2017 hostilis
247 1981 439 2024 exterret,
469 1987 548 2015 non
577 1976 640 2014 cui
669 1976 814 2024 pingue
844 1977 966 2015 otium
987 1980 1050 2014 est
1067 1975 1170 2013 inter
1189 1973 1352 2013 desides

18 2062 22 2064 ἡ
65 2035 253 2084 populos.
290 2034 377 2072 Hoc
405 2032 524 2080 igitur
551 2032 662 2078 dico,
693 2031 917 2080 sapientem
945 2031 1042 2070 nulli
1071 2040 1164 2069 esse
1186 2029 1389 2078 iniuriae5

27 2112 29 2114 ·
65 2091 294 2130 obnoxium.
334 2089 469 2137 itaque
499 2099 578 2126 non
607 2088 747 2134 refert,
779 2099 899 2136 quam
927 2088 1049 2126 multa
1075 2085 1113 2124 in
1142 2086 1251 2125 illum
1271 2086 1351 2125 eoi-

64 2147 218 2186 eiantur
236 2145 334 2193 tela,
355 2155 444 2183 cum
462 2145 512 2183 sit
531 2144 627 2183 nulli
649 2143 927 2193 penetrabilis;
950 2142 1153 2191 quomodo
1175 2153 1350 2191 quorun-

36 2243 42 2251 ‚
64 2202 156 2241 dam
183 2201 361 2250 lapidum
390 2199 711 2249 inexpugnabilis
741 2199 846 2238 ferro
875 2199 1019 2238 duritia
1043 2202 1104 2237 est
1125 2208 1198 2237 nee
1220 2198 1350 2237 secari

38 2278 42 2279 ν
65 2258 230 2297 adamas
255 2261 322 2296 aut
348 2257 462 2295 caedi
482 2257 546 2294 vel
568 2255 694 2294 deteri
717 2260 868 2304 potest,
894 2255 968 2294 sed
986 2253 1228 2293 incurrenti-a
1245 2255 1349 2294 ultro

66 2313 250 2353 retundit.
282 2312 619 2361 quemadmodum
636 2311 833 2361 quaedam
853 2321 932 2350 non
954 2315 1124 2360 possunt
1142 2310 1235 2359 igne
1256 2321 1350 2349 con-

39 2371 41 2374 ‘
67 2369 190 2420 sumi,
222 2369 298 2410 sed
316 2368 477 2408 flamma
494 2368 734 2410 circumfusa
762 2367 934 2413 rigorem
954 2377 1070 2409 suum
1090 2366 1351 2416 habitumque

1076 2425 1132 2462 2*
