1598 2606
380 151 449 190 DE
475 149 757 191 BENEFICIIS
784 150 880 190 LIB.
897 150 926 188 1.
955 155 1130 190 10—12.
1343 148 1395 190 ll

120 253 323 294 obsident:
362 252 556 302 quicquid
582 252 724 292 horum
751 251 1064 292 discusserimus
1093 263 1174 302 quo
1200 252 1329 292 maius
1348 258 1435 294 aea

117 307 330 349 terribilius
346 308 439 356 erit,
459 308 538 348 hoc
553 309 744 347 maiorem
759 307 945 348 inibimus
961 309 1140 357 gratiam.
1170 308 1277 348 subit
1291 308 1397 348 enim

119 363 317 414 cogitatio,
339 364 498 413 quantis
517 364 596 403 sint
613 364 768 403 liberati
782 364 909 413 malis,
929 370 970 404 et
983 364 1224 404 lenocinium
1235 369 1297 403 est
1310 375 1395 404 mu-

118 421 226 460 neris
246 420 488 460 antecedens
508 426 652 460 metus.
681 431 757 460 nec
777 425 907 460 tamen
923 420 1015 459 ideo
1031 420 1226 459 debemus
1242 420 1397 459 tardius

119 486 360 527 quemquam
388 486 552 515 servare
581 487 701 526 quam
729 486 968 525 possumus,
1002 480 1046 515 ut
1074 476 1229 514 muneri
1256 481 1397 515 nostro

118 534 237 573 timor
254 533 420 582 inponat
439 532 615 581 pondus.
657 531 845 572 Proxima
862 532 914 570 ab
933 531 997 571 his
1017 536 1121 579 sunt,
1142 532 1230 570 sine
1251 531 1397 581 quibus
1412 534 1438 569 4

118 599 338 639 possumus
367 588 530 638 quidem
556 588 713 636 vivere,
751 587 826 626 sed
851 593 896 627 ut
913 596 1023 627 mors
1042 586 1178 637 potior
1198 587 1268 626 sit:
1298 591 1397 626 tam-

121 654 239 694 quam
258 644 422 683 libertas
441 649 480 684 et
500 644 692 693 pudicitia
712 649 751 683 et
769 654 882 682 mens
900 643 1021 683 bona.
1049 643 1260 693 posthaec
1273 642 1398 681 habe-

118 701 249 740 bimus
278 699 559 739 coniunctione
587 710 635 738 ac
655 700 851 748 sanguine
869 710 1028 749 usuque
1047 705 1086 739 et
1106 699 1399 739 consuetudine

120 758 240 805 longa
255 766 368 804 cara,
393 761 436 795 ut
449 756 610 802 liberos,
634 756 839 805 coniuges,
863 757 1030 804 penates
1046 760 1272 805 ceteraque,
1294 765 1399 805 quae

120 823 252 862 usque
279 821 327 850 eo
357 811 513 850 animus
541 811 617 850 sibi
645 811 854 860 adplicuit,
883 816 926 850 ut
951 811 1003 850 ab
1030 811 1108 850 illis
1137 822 1255 861 quam
1275 822 1300 850 a
1317 811 1400 850 vita

122 867 256 907 divelli
270 868 433 916 gravius
450 866 660 907 existimet.
700 866 797 907 Sub
809 878 862 906 se
874 872 1092 916 quuntur
1109 868 1277 914 utilia,
1300 878 1398 917 quo·
1413 874 1437 909 5

121 935 210 964 rum
237 923 351 962 varia
377 927 416 962 et
440 923 520 962 lata
546 923 710 962 materia
736 928 810 962 est.
858 923 931 962 Hic
951 923 1025 962 erit
1044 924 1214 973 pecunia
1232 934 1313 964 non
1331 934 1399 963 su-

122 979 348 1030 perfluens,
383 979 458 1019 sed
485 979 538 1018 ad
565 990 707 1018 sanum
734 980 898 1018 modum
925 979 1100 1018 habendi
1128 984 1280 1028 parata.
1333 978 1400 1018 hic

123 1035 198 1075 erit
223 1035 354 1075 honor
373 1039 413 1074 et
431 1045 651 1084 processus
672 1035 723 1074 ad
743 1036 885 1074 altiora
899 1035 1171 1074 tendentium:
1200 1046 1275 1074 nee
1295 1035 1401 1074 enim

122 1090 256 1132 utilius
273 1090 489 1140 quicquam
504 1095 566 1130 est
582 1102 700 1140 quam
717 1091 793 1130 sibi
807 1091 944 1130 utilem
959 1091 1058 1130 fieri.
1099 1091 1198 1130 Iam
1225 1096 1402 1130 cetera

124 1158 184 1186 ex
213 1145 730 1187 abundanti-veniunt
759 1146 953 1186 delicatos
983 1148 1147 1186 factura.
1192 1147 1232 1185 in
1252 1147 1315 1185 his
1335 1157 1399 1185 se-

125 1213 311 1252 quemur,
346 1207 390 1242 ut
417 1203 715 1252 opportunitate
744 1208 857 1252 grata
883 1203 980 1250 sint,
1014 1209 1058 1243 ut
1091 1214 1173 1242 non
1206 1203 1399 1252 volgaria,

124 1269 310 1308 quaeque
329 1263 397 1298 aut
416 1259 533 1307 pauci
554 1259 762 1298 habuerint
775 1264 843 1298 aut
858 1259 978 1308 pauci
993 1260 1094 1298 intra
1109 1259 1212 1298 hanc
1228 1263 1399 1298 aetatem

124 1319 192 1354 aut
216 1314 295 1353 hoc
321 1315 461 1363 modo,
499 1325 604 1364 quae
633 1315 786 1355 etiamsi
809 1320 950 1354 natura
979 1315 1157 1364 pretiosa
1183 1326 1264 1354 non
1293 1319 1399 1362 sunt,

123 1375 304 1420 tempore
324 1376 392 1410 aut
409 1371 499 1410 1000
519 1371 626 1410 fiant.
671 1372 892 1410 Videamus
916 1371 1013 1419 quid
1032 1371 1206 1410 oblatum
1227 1370 1400 1409 maxime
1414 1378 1437 1413 6

123 1426 318 1475 voluptati
351 1426 522 1465 futurum
557 1428 626 1474 sit,
657 1427 754 1476 quid
783 1427 1014 1475 frequenter
1041 1437 1301 1465 occursurum
1329 1426 1399 1465 ha-

124 1482 253 1529 benti,
283 1486 327 1520 ut
345 1482 490 1520 totiens
511 1482 739 1528 nobiscum,
769 1483 954 1531 quotiens
975 1492 1065 1520 cum
1084 1483 1150 1521 illo
1170 1482 1233 1521 sit.
1261 1481 1401 1530 utique

129 1537 358 1576 cavebimus
385 1547 437 1575 ne
458 1547 624 1576 munera
643 1547 898 1586 supervacua
917 1538 1137 1586 mittamus,
1167 1542 1211 1577 ut
1229 1538 1400 1576 feminae

129 1597 197 1631 aut
221 1592 307 1631 seni
335 1603 445 1630 arma
470 1593 676 1631 venatoria
700 1597 768 1632 aut
787 1593 938 1632 rustico
958 1592 1083 1632 libros
1103 1599 1171 1633 aut
1189 1594 1331 1632 studiis
1351 1604 1401 1632 ac

127 1647 252 1687 literis
281 1647 414 1686 dedito
439 1647 552 1686 retia.
592 1659 722 1697 aeque
741 1658 792 1686 ex
811 1649 1009 1687 contrario
1031 1649 1399 1698 circumspiciemus

128 1714 199 1751 110,
230 1703 324 1742 dum
350 1708 462 1751 grata
485 1702 639 1742 mittere
664 1704 872 1751 volumus,
903 1715 1017 1743 suum
1046 1705 1191 1754 cuique
1218 1705 1401 1744 morbum

130 1760 419 1808 exprobratura
444 1757 661 1806 mittamus,
693 1758 796 1798 sicut
814 1758 975 1799 ebrioso
996 1760 1089 1799 vina
1108 1767 1148 1800 et
1165 1760 1399 1800 valitudina-

129 1816 190 1854 rio
223 1815 524 1853 medicamenta.
570 1814 823 1854 maledictum
855 1816 959 1854 enim
992 1816 1131 1864 incipit
1163 1827 1284 1865 esse,
1319 1826 1402 1855 11011

131 1882 295 1919 1111111115,
326 1870 365 1908 111
387 1881 467 1919 quo
485 1869 621 1908 vitium
643 1869 872 1919 accipientis
893 1873 1137 1919 agnoscitur.

212 1927 296 1966 XII.
334 1926 375 1966 Si
408 1925 612 1964 arbitrium
644 1925 765 1964 dandi
799 1936 926 1975 penes
959 1938 1035 1966 nos
1069 1932 1148 1973 est,
1184 1927 1437 1977 praeeipue1

132 1993 320 2022 mansura
340 1992 590 2031 quaeremus,
610 1986 654 2020 ut
673 1992 792 2030 quam
811 1982 970 2021 minime
988 1984 1155 2022 mortale
1173 1994 1318 2023 munus
1338 1984 1400 2023 sit.

132 2039 253 2087 pauci
280 2039 384 2076 enim
416 2043 509 2076 sunt
534 2043 613 2076 tam
639 2037 760 2085 grati,
787 2042 831 2076 ut
857 2038 951 2086 quid
971 2038 1218 2087 acceperint,
1248 2040 1402 2079 etiamsi

133 2105 215 2133 non
234 2093 389 2141 vident,
415 2092 598 2142 cogitent.
628 2092 805 2140 ingratos
822 2103 984 2142 quoque
999 2094 1190 2132 memoria
1203 2105 1295 2133 cum
1309 2095 1401 2144 ipso

134 2159 299 2189 munere
323 2148 504 2197 incurrit,
531 2149 597 2187 ubi
624 2153 715 2187 ante
739 2149 878 2189 oculos
900 2154 962 2187 est
981 2154 1019 2188 et
1040 2149 1221 2189 oblivisci
1240 2150 1301 2190 sui
1320 2162 1403 2191 11011

137 2205 248 2252 511111,
278 2205 349 2244 sed
370 2209 573 2244 auctorem
594 2214 709 2243 suum
731 2203 872 2252 ingerit
890 2210 929 2243 et
947 2204 1130 2244 inculcat.
1167 2205 1225 2245 Eo
1241 2206 1405 2255 quidem

136 2261 263 2308 magis
291 2260 479 2299 duratura
513 2270 778 2309 quaeramus,
814 2259 909 2308 quia
940 2271 1154 2309 numquam
1185 2262 1404 2301 admonere

139 2315 348 2356 debemus:
376 2316 468 2367 ipsa
484 2326 551 2358 res
572 2319 876 2356 evanescentem
894 2317 1123 2357 memoriam
1141 2317 1298 2358 excitet.
1339 2319 1401 2357 Li·
1419 2325 1440 2358 2
