1624 2626
281 143 412 183 EIAL.
430 143 498 181 IV.
528 141 595 181 DE
618 140 710 180 IRA
730 139 825 179 LIB.
849 139 895 178 II.
919 142 1094 180 28—31.
1266 134 1320 177 73

34 247 128 288 tiam
148 247 281 295 captat
297 249 337 284 et
354 244 466 292 fingit
483 243 679 291 iniuriam,
698 246 741 282 ut
757 240 942 282 videatur
961 240 1142 281 doluisse
1162 239 1319 279 factam.

34 307 96 344 est
113 301 259 350 aliquis
275 299 474 349 malignus
498 304 538 339 et
557 299 625 348 qui
644 298 837 338 amicitias
854 298 1107 337 cohaerentis
1128 295 1322 335 diducere

0 382 1 407 Ξ
31 357 140 398 ,velit-
181 362 244 396 est
270 356 494 405 [suspicax]
523 361 563 394 et
590 355 655 403 qui
685 358 867 404 spectare
895 354 1015 392 ludos
1044 353 1179 402 cupiat
1206 357 1246 391 et
1271 362 1322 390 ex

0 409 252 463 l·1onginquo
278 417 446 461 tutoque
473 411 705 460 speculetur
734 421 836 460 quos
865 409 1021 448 collisit.
1070 409 1130 448 De
1156 407 1363 458 parvulas

33 479 191 509 summa
215 468 438 508 iudicaturo
464 467 535 506 tibi
561 477 628 505 res
649 467 738 505 sine
754 471 854 506 teste
875 476 955 504 non
978 465 1228 516 probaretur.
1265 469 1323 503 te-

34 526 108 565 stis
141 525 228 564 sine
262 523 517 563 iureiurando
556 534 637 561 non
663 523 826 562 valeret.
870 521 1032 570 utrique
1067 521 1172 570 parti
1203 519 1324 558 dares

34 581 231 620 actionem
244 609 254 627 ,
275 579 395 618 dares
415 584 595 628 tempus,
616 589 697 618 non
719 577 843 617 semel
861 577 1036 616 audires.
1072 576 1201 625 magis
1221 576 1326 614 enim

36 636 185 676 veritas
205 637 338 675 elucet
356 646 436 684 quo
457 634 621 683 saepius
642 635 695 673 ad
713 644 872 672 manum
888 634 1016 672 venit:
1038 633 1208 672 amicum
1228 641 1325 671 con-

36 692 205 732 demnas
225 691 276 730 de
295 690 607 740 praesentibus?
625 695 841 738 antequam
856 689 1009 737 audias,
1031 694 1247 738 antequam
1265 687 1326 726 in·

35 753 231 796 tei-roges,
251 753 464 796 antequam
482 746 537 784 illi
556 751 625 785 aut
642 750 919 785 accusatorem
934 756 1051 784 suum
1066 754 1192 783 nosse
1211 744 1331 783 liceat

36 809 104 844 aut
124 803 286 850 crimen,
306 802 522 842 irasceris&
539 802 619 840 iam
638 802 762 850 enim,
782 801 861 840 iam
879 800 1080 849 utrImque
1100 799 1198 850 quid
1219 799 1327 838 dice-

0 882 1 885 =
36 863 147 898 retur
161 857 336 898 audisti?
353 857 428 896 Hic
447 858 536 906 ipse
557 857 625 907 qui
644 858 696 896 ad
715 862 753 896 te
773 857 923 906 detulit,
943 856 1102 895 desinet
1121 855 1275 903 dicere,
1295 853 1332 894 si
1345 856 1369 891 4

39 914 213 964 probare
231 912 426 952 debuerit.
469 923 576 961 „non
598 918 680 959 est,
709 912 856 960 inquit,
887 913 997 961 quod
1018 921 1083 950 me
1103 910 1329 960 protrahas,

40 980 117 1019 ego
134 969 352 1019 productus
368 969 538 1017 negabo.
559 968 736 1017 alioquin
754 967 850 1006 nihil
864 978 1054 1016 umquam
1073 967 1144 1005 tibi
1159 966 1331 1005 dicam.“

42 1025 187 1065 eodem
206 1030 385 1074 tempore
404 1029 444 1063 et
462 1023 625 1072 instigat
642 1028 683 1062 et
701 1024 790 1072 ipse
810 1033 856 1062 se
872 1022 1074 1062 certamini
1088 1031 1333 1072 pugnaeque

42 1079 250 1120 subtrahit.
293 1081 361 1130 qui
386 1080 521 1119 dicere
542 1079 614 1119 tibi
641 1079 719 1118 nisi
747 1079 848 1118 clam
866 1090 946 1118 non
964 1079 1070 1126 vult,
1100 1088 1232 1128 paene
1250 1089 1331 1117 non

41 1136 150 1176 dicit.
192 1135 290 1186 quid
324 1140 386 1176 est
417 1135 594 1186 iniquius
633 1145 753 1185 quam
787 1139 944 1174 secreto
979 1135 1165 1184 credere,
1199 1135 1334 1184 palam

42 1191 192 1231 irasci?

124 1247 244 1286 XXX.
274 1247 531 1296 Quorundam
557 1246 635 1296 ipsi
662 1251 787 1286 testes
816 1257 970 1287 sumus.
1009 1247 1048 1285 in
1070 1246 1132 1285 his
1152 1250 1333 1285 naturam
1354 1250 1372 1284 l

45 1313 69 1342 e
100 1304 293 1349 cutiemus
330 1304 655 1351 voluntatemque
682 1303 923 1342 facientium.
965 1302 1071 1342 Puer
1099 1307 1181 1342 est:
1215 1302 1335 1340 aetati

76 1363 231 1399 onetur.
267 1359 397 1399 nescit
414 1370 465 1398 an
485 1363 638 1408 peccet.
674 1364 790 1408 pater
807 1364 890 1398 est:
916 1364 983 1398 aut
1001 1363 1153 1398 tantum
1174 1358 1335 1407 profuit,

45 1419 92 1454 ut
109 1414 164 1453 illi
183 1415 300 1454 etiam
318 1415 484 1454 iniuriae
502 1416 564 1453 ius
584 1416 655 1462 sit,
684 1419 752 1454 aut
778 1415 952 1454 sortasse
971 1415 1105 1464 ipsum
1123 1414 1202 1453 hoc
1220 1414 1337 1452 meri-

49 1475 133 1508 tum
161 1470 248 1509 eius
277 1475 340 1510 est
366 1482 446 1520 quo
475 1470 727 1510 offendimur.
764 1471 906 1510 mulier
932 1476 1012 1510 est:
1044 1475 1162 1510 errat.
1200 1469 1338 1508 iussus

49 1529 132 1564 est:
160 1527 389 1566 necessitati
417 1527 507 1575 quis
534 1526 612 1565 nisi
639 1526 802 1576 iniquus
831 1531 1071 1566 succenset?
1097 1527 1236 1564 laesus
1256 1530 1337 1563 est:

49 1591 132 1620 non
160 1585 223 1620 est
247 1582 390 1620 iniuria
417 1583 499 1630 pati
526 1582 638 1631 quod
666 1584 776 1632 prior
795 1583 953 1622 feceris.
992 1582 1115 1621 iudex
1136 1587 1217 1620 est:
1247 1582 1339 1630 plus

50 1636 195 1676 credas
223 1637 327 1676 illius
356 1638 575 1676 sententiae
595 1649 715 1686 quam
733 1644 836 1678 tuae.
866 1649 940 1677 rex
960 1643 1042 1678 est:
1069 1638 1104 1676 si
1124 1642 1339 1677 nocentem

51 1692 184 1741 punit,
209 1693 310 1732 cede
328 1692 520 1741 iustitiae,
547 1693 582 1731 si
602 1694 874 1742 innocentem,
902 1695 1003 1733 cede
1022 1695 1218 1733 fortunae.
1254 1705 1337 1732 mu·
1355 1698 1378 1732 2

50 1753 134 1788 tum
153 1747 299 1787 animal
319 1753 381 1788 est
395 1753 462 1787 aut
477 1748 604 1787 simile
622 1755 750 1789 muto:
766 1750 930 1789 imitaris
950 1750 1059 1798 illud,
1082 1750 1117 1788 si
1137 1749 1342 1789 irasceris.

52 1803 217 1843 morbus
245 1808 308 1843 est
333 1809 401 1843 aut
419 1805 644 1843 calamitas:
672 1806 801 1845 levius
820 1806 1038 1845 transsiliet
1065 1805 1341 1844 sustinentem.

53 1859 156 1898 deus
176 1864 253 1899 est:
276 1864 355 1898 tam
374 1860 512 1909 perdis
534 1870 697 1908 operam
712 1872 802 1900 cum
820 1861 875 1900 illi
890 1861 1093 1909 irasceris,
1115 1871 1235 1909 quam
1251 1870 1343 1898 cum

53 1915 163 1954 illum
189 1916 301 1955 alteri
328 1915 507 1965 precaris
535 1916 689 1955 iratum.
733 1917 864 1956 bonus
891 1918 954 1955 vir
975 1922 1038 1956 est
1064 1916 1133 1966 qui
1159 1916 1343 1955 iniuriam

0 1999 1 2004 ¹
54 1970 168 2010 fecit:
188 1971 269 2010 noli
290 1972 467 2010 credere.
497 1973 647 2010 maluse
666 1973 747 2012 noli
765 1973 911 2018 mirari,
933 1972 1043 2011 dabit
1059 1982 1214 2021 poenas
1229 1971 1344 2011 alteri

55 2037 161 2075 quas
181 2026 301 2067 debet
316 2028 406 2075 tibi,
426 2031 466 2067 et
484 2028 562 2066 iam
582 2028 658 2067 sibi
678 2028 788 2068 dedit
807 2029 875 2078 qui
894 2028 1091 2076 peccavit.

137 2082 275 2122 XXXI.
310 2083 414 2122 Duo
450 2088 587 2131 sunt,
623 2090 675 2123 ut
705 2084 832 2131 dixi,
865 2094 992 2133 quae
1024 2082 1344 2123 iracundiam
1361 2087 1380 2122 1

52 2138 344 2186 concitant:
372 2139 599 2188 primurn,
621 2139 664 2178 si
691 2138 928 2178 iniuriam
946 2140 1178 2179 videmur
1197 2149 1344 2178 acce-

59 2193 215 2241 pisse.
252 2194 424 2234 dehoc
452 2196 583 2234 satis
612 2196 799 2234 dictum
828 2199 918 2234 est.
955 2195 1157 2244 deinde,
1177 2195 1221 2234 si
1247 2194 1345 2232 ini-

36 2250 154 2296 *que
186 2251 472 2299 accepisse.
524 2252 584 2290 de
625 2251 720 2290 hoc
759 2250 1030 2290 dicendum
1063 2257 1154 2291 est.
1204 2251 1348 2298 Iniqua

62 2305 258 2351 quaedam
295 2306 471 2346 iudicant
509 2306 715 2355 homines,
756 2307 849 2355 quia
886 2305 970 2355 pati
1008 2318 1089 2347 non
1123 2305 1345 2354 debuerint,
