1592 2580
263 173 341 214 102
626 174 668 214 L.
698 174 887 212 ANNAEI
915 173 1140 214 SENECAE

257 273 445 321 perisset,
471 273 647 311 victurus
673 281 751 310 non
773 271 855 311 fui?
890 282 962 320 pro
981 272 1066 311 eius
1083 272 1163 311 vita
1181 272 1415 313 beneficium
1434 285 1513 314 non

255 328 378 366 debes
390 356 400 374 ‚
429 326 542 365 euius
559 327 675 365 vitam
695 331 785 365 tuae
803 327 1008 375 praefers?
1040 327 1272 366 Etiamnunc
1288 339 1374 366 cum
1391 329 1513 368 filium

253 387 361 419 tuum
381 381 556 428 servavi,
588 382 636 420 ad
656 391 784 429 genua
806 381 1052 429 procumbis,
1079 382 1140 420 dis
1161 387 1251 421 vota
1274 383 1396 421 solvis
1416 389 1511 422 tam·

217 441 238 474 5
256 446 373 483 quam
398 436 486 484 ipse
514 441 708 474 servatus.
756 436 849 474 Illae
879 445 1001 490 voces
1029 441 1173 475 exeunt
1199 437 1287 475 tibi:
1324 437 1424 475 Nihil
1454 438 1511 476 in-

252 495 373 528 terest
398 501 504 537 mea,
533 501 582 528 an
611 500 674 528 me
700 490 937 528 servaveris.
975 490 1076 529 duos
1098 491 1282 529 servasti:
1313 491 1429 530 immo
1449 502 1512 530 mc

251 545 389 592 magis.
434 544 562 592 Quare
579 544 656 583 ista
674 545 795 591 dicis,
814 545 849 583 si
864 554 943 583 non
959 545 1106 592 accipis
1120 545 1382 584 beneficium?
1418 547 1512 594 quia

251 604 290 637 et
315 599 349 637 si
376 599 479 637 filius
507 609 620 638 meus
651 599 856 647 pecuniam
877 604 1046 638 mutuam
1067 600 1298 648 sumpserit,
1327 601 1510 639 creditori

250 653 487 699 numerabo,
514 664 594 692 non
614 658 742 692 tamen
763 653 852 694 ideo
874 663 947 701 ego
965 654 1153 692 debuero.
1196 655 1288 702 quia
1304 659 1342 692 et
1355 654 1389 692 si
1406 654 1510 694 filius

250 717 362 746 meus
382 708 420 745 in
440 708 632 747 adulterio
653 707 924 755 deprehensus
941 708 1030 752 erit,
1054 709 1304 754 erubescam,
1325 719 1403 747 non
1419 709 1509 747 ideo
1532 711 1536 715 ⁴

213 769 324 809 6ego
351 771 419 801 ero
447 762 613 801 adulter.
659 763 756 801 Dico
784 772 846 801 me
875 761 941 801 tibi
971 762 1182 810 obligatum
1211 773 1282 811 pro
1303 763 1402 810 filio,
1430 774 1510 802 non

250 816 342 864 quia
361 827 467 862 sum,
499 817 570 855 sed
593 819 684 864 quia
702 817 793 855 volo
812 827 874 855 me
893 816 1037 855 offerre
1055 817 1122 855 tibi
1140 817 1356 855 debitorem
1373 818 1509 856 volun-

247 871 401 909 tarium.
446 871 499 909 At
527 871 706 919 pervenit
731 871 782 909 ad
807 881 870 909 me
899 880 1050 909 summa
1069 882 1119 910 ex
1139 871 1403 911 incolumitate
1423 873 1508 910 eius

248 926 453 973 voluptas,
484 936 638 964 summa
654 925 799 964 utilitas
819 931 857 964 et
876 925 1052 964 orbitatis
1071 926 1350 974 gravissimum
1362 928 1507 965 volnus

247 978 381 1027 effugi.
426 979 511 1018 Non
534 979 733 1027 quaeritur
752 990 875 1026 nunc,
908 991 956 1018 an
989 981 1183 1028 profueris
1213 981 1325 1027 mihi,
1360 981 1432 1020 sed
1459 981 1508 1019 ah

247 1033 481 1072 beneficium
511 1034 682 1071 dederis.
726 1034 889 1083 prodest
916 1035 1018 1072 enim
1047 1040 1084 1073 et
1109 1035 1250 1073 animal
1277 1039 1316 1074 et
1342 1036 1443 1083 lapis
1470 1041 1509 1073 et

246 1088 387 1134 herba,
409 1098 483 1126 nec
503 1093 631 1126 tamen
652 1087 887 1127 beneficium
907 1089 1012 1135 dant,
1034 1090 1142 1137 quod
1162 1100 1374 1137 numquam
1395 1091 1509 1128 datur

209 1149 230 1183 7
247 1141 321 1180 nisi
341 1153 363 1180 a
381 1142 549 1181 volente.
594 1143 651 1180 Tu
672 1148 799 1181 aulem
819 1154 897 1181 non
917 1144 977 1182 vis
997 1144 1115 1192 patri,
1145 1144 1217 1182 sed
1236 1144 1316 1184 filio
1335 1145 1441 1183 dare.
1471 1150 1509 1182 et

245 1197 396 1234 interim
424 1206 498 1234 nec
524 1197 628 1235 nosti
657 1197 814 1244 quidem
843 1202 1003 1245 patrem.
1047 1198 1181 1246 itaque
1223 1208 1310 1236 cum
1339 1198 1506 1236 dixeris:

243 1249 347 1288 Patri
362 1260 456 1298 ergo
473 1250 707 1289 beneficium
723 1261 801 1290 non
818 1252 908 1290 dedi
923 1252 1042 1290 filium
1061 1252 1146 1291 eius
1164 1253 1390 1291 servando?
1413 1263 1505 1291 eon-

243 1310 303 1343 tra
329 1304 507 1352 obpone=
542 1304 644 1342 Patri
673 1315 768 1353 ergo
797 1305 1031 1344 beneficium
1051 1307 1143 1344 dedi
1164 1317 1280 1354 quem
1300 1318 1379 1345 non
1400 1308 1504 1354 novi,

245 1369 363 1407 quem
389 1370 468 1397 non
496 1359 692 1406 cogitavi?
734 1359 782 1398 Et
809 1359 932 1407 quid?
977 1361 1086 1408 quod
1104 1360 1316 1409 aliquando
1337 1362 1503 1407 eveniet,

243 1419 286 1452 ut
314 1418 463 1461 patrem
489 1414 641 1461 oderis,
669 1413 791 1452 filium
811 1424 968 1452 serves:
999 1414 1233 1453 beneficium
1251 1415 1288 1453 ei
1305 1416 1504 1455 videberis

206 1470 229 1505 8
245 1467 424 1513 dedisse,
454 1468 515 1506 cui
540 1472 632 1506 tunc
653 1467 946 1508 inimicissimus
966 1479 1055 1507 eras
1077 1480 1163 1508 cum
1184 1470 1329 1508 dares?
1364 1469 1444 1508 Sed
1463 1476 1506 1509 ut

244 1522 490 1569 dialogorum
520 1523 772 1561 altercatione
791 1523 965 1570 seposita
987 1529 1181 1572 tamquam
1201 1523 1504 1564 iurisconsultus

242 1577 525 1624 respondeam,
560 1587 694 1615 mens
723 1578 1001 1625 spectanda
1027 1583 1105 1617 est
1133 1579 1318 1617 dantis:
1354 1579 1502 1617 bene-

243 1630 415 1669 ficium
451 1631 493 1669 ei
529 1631 685 1678 dedit,
721 1630 797 1670 cui
833 1632 993 1671 datum
1029 1633 1202 1671 voluit.
1248 1633 1281 1672 si
1313 1633 1351 1671 in
1381 1634 1503 1681 patris

242 1685 432 1724 honorem
452 1685 561 1731 fecit,
590 1691 702 1733 pater
719 1686 872 1733 accepit
886 1687 1140 1725 beneficium:
1170 1687 1242 1725 sed
1259 1692 1369 1735 pater
1384 1688 1502 1726 bene-

242 1740 333 1779 ficio
362 1738 400 1777 in
429 1739 551 1778 filium
579 1741 720 1778 collato
749 1751 827 1778 non
859 1740 1070 1789 obligatur,
1102 1742 1254 1780 etiamsi
1272 1741 1422 1781 fruitur.
1469 1743 1502 1780 si

241 1798 373 1832 tamen
400 1794 650 1833 occasionem
680 1794 876 1840 habuerit,
906 1797 1012 1834 volet
1038 1801 1076 1835 et
1102 1797 1190 1844 ipse
1213 1801 1414 1844 praestare
1433 1796 1501 1834 ali-

243 1848 358 1896 quid,
388 1858 468 1886 non
494 1853 694 1896 tamquam
723 1849 904 1888 solvendi
931 1851 1205 1889 necessitatem
1232 1850 1391 1895 habeat,
1428 1851 1502 1888 sed

240 1908 439 1951 tamquam
465 1902 679 1951 incipiendi
704 1913 875 1942 causam.
921 1904 1061 1952 Repeti
1089 1915 1112 1942 a
1140 1909 1247 1952 patre
1266 1904 1500 1942 beneficium

241 1966 320 1995 non
347 1957 476 1997 debet.
516 1957 550 1995 si
571 1958 666 2005 quid
694 1968 766 2005 pro
792 1958 868 1996 hoc
893 1958 1062 2006 benigne
1088 1957 1198 2006 facit,
1236 1959 1381 2005 iustus,
1420 1970 1499 1998 non

203 2017 225 2051 9
241 2015 373 2057 gratus
393 2016 465 2050 est.
511 2011 607 2049 Nam
625 2012 720 2050 illud
740 2012 841 2050 finiri
861 2024 938 2051 non
960 2017 1108 2061 potest:
1137 2013 1170 2050 si
1193 2012 1287 2060 patri
1309 2013 1360 2050 do
1380 2012 1499 2051 bene-

241 2065 393 2111 ficium,
423 2070 462 2104 et
481 2066 593 2104 matri
613 2070 651 2104 et
672 2077 746 2104 avo
767 2072 806 2105 et
825 2067 1021 2106 avunculo
1039 2072 1078 2105 et
1094 2066 1225 2105 liberis
1242 2071 1280 2104 et
1301 2066 1498 2106 adfinibus

240 2123 279 2157 et
299 2120 434 2158 amicis
455 2126 493 2158 et
512 2121 638 2159 servis
660 2125 697 2159 et
722 2122 881 2168 patriae.
914 2122 981 2160 ubi
999 2131 1092 2168 ergo
1112 2120 1344 2158 beneficium
1363 2121 1499 2170 incipit

242 2177 372 2211 stare?
413 2174 555 2213 sorites
586 2175 689 2213 enim
714 2175 780 2213 ille
802 2175 1086 2223 inexplicabilis
1107 2174 1228 2221 subit,
1255 2175 1318 2213 cui
1338 2175 1498 2214 difficile

242 2231 303 2264 est
327 2229 486 2266 modum
511 2228 721 2278 inponere,
751 2230 844 2278 quia
864 2228 1048 2278 paulatim
1069 2229 1247 2278 subrepit
1266 2235 1303 2268 et
1330 2241 1407 2269 non
1429 2230 1498 2268 de-

244 2280 335 2319 sinit
357 2291 529 2329 serpere.
