1592 2580
261 171 315 213 98
623 173 666 211 L.
694 172 880 211 ΑΝΝΑΕΙ
910 171 1132 226 εςΝΕεΑΕ

260 272 458 310 materiam
478 269 621 311 deduci
639 271 866 318 magnitudo
885 271 1052 310 neminis
1072 271 1166 310 clari
1186 271 1344 319 debeat,
1371 272 1422 310 ad
1438 283 1511 311 vos

259 337 338 365 non
363 326 542 374 pertinet.
578 326 617 364 in
645 325 746 364 alios
766 326 965 374 quaeritur
981 336 1138 364 verum:
1170 336 1244 364 vos
1267 326 1317 363 ad
1338 326 1512 374 speciem

260 380 343 418 veri
373 378 584 428 componite
610 380 779 432 animum
800 385 856 427 et,
890 380 982 417 dum
999 379 1208 418 honestum
1226 380 1373 427 dicitis,
1403 380 1516 428 quic-⁴

259 435 432 483 quid-‘est
450 434 510 480 id,
539 445 619 482 quo
637 445 780 473 nomen
798 433 953 472 honesti
972 433 1153 479 iactatur,
1181 434 1222 472 id
1242 435 1367 472 colite.

217 491 236 523 1
337 487 421 526 XV.
441 488 893 536 ‚,Quom0do‚inquit,
913 498 1050 526 nemo
1070 498 1158 536 per
1176 489 1509 536 vosingratus

259 548 353 589 est,
374 543 415 580 si
428 553 450 581 c
467 553 645 581 rursus
666 551 834 581 omnes
853 542 1034 590 ingrati
1053 546 1202 581 sunt.“
1235 542 1344 589 Nam,
1359 547 1401 581 ut
1416 543 1510 580 dici·

258 606 357 643 mus,
374 605 511 635 omnes
527 597 633 635 stulti
648 597 739 635 mali
754 596 947 645 sunt.rqui
963 601 1089 635 autem
1105 596 1223 634 habet
1231 596 1364 634 vitium
1379 607 1509 644 unum,

259 650 388 689 omnia
401 651 529 688 habet.
559 662 696 689 omnes
711 656 841 689 autem
855 650 959 690 stulti
974 655 1012 689 et
1025 649 1115 688 mali
1131 655 1239 688 sunt:
1264 660 1400 688 omnes
1417 661 1510 698 ergo

224 710 244 742 2
261 704 399 753 ingrati
418 710 521 743 sunt.
559 705 659 752 Quid
675 709 800 753 ergo?
821 716 899 743 non
915 709 1031 743 sunt?
1057 715 1137 742 non
1153 705 1325 752 undique
1339 704 1509 743 humano

258 760 392 806 generi
413 759 634 797 convicium
660 760 730 797 fit?
763 770 842 798 non
871 759 1028 808 publica
1054 759 1215 806 querela
1235 763 1295 796 est
1320 759 1513 797 beneficia

258 814 412 860 perisse
432 818 470 852 et
489 813 753 861 paucissimos
773 823 881 861 esse,
904 813 1035 861 quide
1054 813 1155 851 bene
1173 813 1412 851 merentibus
1434 824 1510 851 non

258 866 424 905 invicem
444 869 617 915 pessime
644 872 891 906 mereantur?
921 868 1002 906 Nec
1022 867 1203 914 estquod
1221 866 1322 905 hanc
1337 872 1512 906 nostram

259 926 405 960 tantum
423 921 764 961 murmurationem
792 927 904 970 putes
931 932 1002 969 pro
1023 921 1196 969 pessimo
1218 931 1422 970 pravoque
1442 933 1509 960 nu-

224 975 487 1016 3merantium
518 976 705 1024 quicquid
733 977 828 1014 citra
854 976 949 1014 recti
976 976 1180 1014 formulam
1210 975 1362 1014 cecidit.
1407 976 1512 1014 Ecce

260 1030 393 1068 nescio
410 1030 476 1078 qui
495 1041 574 1069 non
590 1041 641 1068 ex
659 1030 988 1078 philosophorum
1004 1030 1122 1068 domo
1138 1030 1294 1076 clamat,
1313 1040 1363 1071 ex
1380 1030 1509 1068 medio

260 1088 454 1122 conventu
474 1085 646 1132 populos
667 1089 886 1132 gentesque
905 1085 1134 1122 damnatura
1152 1094 1233 1123 vox
1252 1084 1428 1122 mittitur:

521 1139 604 1177 Non
623 1139 757 1186 hospes
774 1140 822 1177 ab
839 1140 983 1187 hospite
1001 1141 1111 1185 tutus,

319 1203 392 1231 non
409 1203 517 1231 socer
533 1203 559 1230 a
573 1203 727 1240 generor
750 1193 924 1239 fratrum
941 1203 1086 1240 quoque
1100 1194 1231 1239 qratia
1250 1203 1348 1231 rara
1366 1198 1430 1231 est.

322 1249 476 1284 inminet
491 1248 607 1285 exitio
623 1249 683 1285 vir
699 1249 886 1294 coniuqis,
914 1249 982 1285 illa
1000 1248 1140 1285 mariti.

221 1307 242 1339 4
258 1301 342 1339 Hoc
369 1301 444 1338 iam
466 1300 637 1348 amplius
665 1306 736 1339 est.
773 1300 965 1339 beneficia
992 1300 1031 1338 in
1058 1301 1190 1339 scelus
1218 1310 1334 1339 versa
1361 1306 1452 1339 sunt
1475 1307 1514 1339 et

259 1355 438 1402 sanguini
457 1365 592 1392 eorum
614 1365 692 1392 non
713 1354 902 1402 parcitur,
923 1365 994 1402 pro
1010 1353 1154 1402 quibus
1170 1355 1331 1402 sanguis
1349 1355 1511 1394 funden-

260 1410 333 1447 dus
354 1414 427 1447 est.
464 1409 594 1456 gladio
615 1418 662 1446 ac
682 1409 844 1446 venenis
869 1408 1063 1446 beneficia
1084 1408 1296 1455 sequimur.
1342 1409 1423 1457 Ipsi
1444 1420 1511 1457 pa-

259 1464 355 1501 triae
375 1473 513 1501 manus
533 1462 688 1500 adferre
707 1467 746 1500 et
764 1462 937 1501 fascibus
957 1462 1061 1500 illam
1081 1462 1164 1500 suls
1180 1472 1360 1510 premere
1377 1468 1513 1511 poten-

261 1518 311 1556 tia
330 1527 376 1555 ac
397 1517 565 1564 dignitas
585 1521 656 1555 est.
686 1516 819 1558 humili
838 1528 885 1555 se
901 1527 948 1555 ac
963 1516 1156 1565 depresso
1171 1518 1260 1556 loco
1275 1522 1382 1565 putat
1396 1523 1513 1565 stare,

260 1571 440 1619 quisquis
473 1582 548 1609 non
578 1581 700 1621 supra
726 1571 1004 1619 rempublicam
1038 1572 1153 1610 stetit.
1196 1572 1346 1620 accepti
1373 1572 1422 1610 ab
1448 1572 1514 1610 illa

259 1627 454 1664 exercitus
470 1626 507 1663 in
524 1626 650 1673 ipsam
667 1630 945 1663 convertuntur
960 1630 997 1662 et
1011 1624 1260 1673 imperatoria
1276 1625 1414 1664 concio
1431 1630 1512 1665 est:

224 1689 244 1720 5
261 1680 461 1728 „Pugnate
479 1685 617 1718 contra
633 1679 843 1727 coniuges,
870 1683 1041 1727 pugnate
1061 1685 1198 1718 contra
1217 1680 1374 1718 liberos.
1388 1691 1511 1727 taras,

260 1735 393 1780 focos,
422 1739 585 1782 penates
612 1735 730 1772 armis
750 1734 946 1782 incessite.
981 1733 1047 1781 qui
1066 1744 1115 1772 ne
1134 1733 1404 1782 triumphaturi
1427 1735 1512 1782 qui—

260 1789 346 1827 dem
375 1789 516 1827 intrare
544 1788 680 1826 urbem
706 1788 861 1827 iniussu
887 1792 1047 1827 senatus
1075 1788 1270 1827 deberetis
1291 1789 1514 1837 quibusque

191 1849 197 1858 “
259 1843 447 1881 victorem
465 1842 678 1881 exercitum
697 1842 974 1881 reducentibus
991 1843 1103 1881 curia
1120 1848 1230 1881 extra
1248 1853 1380 1881 muros
1397 1853 1511 1891 prae-

261 1898 437 1944 beretur,
465 1907 569 1936 nunc
597 1897 748 1935 civibus
777 1897 904 1936 caesis
933 1897 1082 1945 perfusi
1101 1907 1240 1936 cruore
1260 1902 1428 1945 cognato
1448 1908 1511 1935 ur·

224 1958 245 1991 6
262 1951 349 1990 bem
377 1951 571 1990 subrectis
597 1951 736 1990 intrate
762 1952 929 1989 vexillis.
976 1951 1224 1990 Obmutescat
1250 1951 1349 1989 inter
1374 1951 1512 1989 milita-

261 2006 318 2044 ria
344 2006 458 2054 signa
475 2006 635 2044 libertas
655 2010 694 2044 et
710 2006 775 2043 ille
794 2006 919 2044 victor
939 2010 1179 2054 pacatorque
1197 2005 1369 2053 gentium
1387 2015 1512 2054 popu-

262 2061 323 2097 lus
349 2061 511 2099 remotis
539 2061 677 2108 procul
703 2059 834 2107 bellis,
868 2059 974 2098 omni
1001 2066 1149 2098 terrore
1175 2069 1393 2107 conpresso
1413 2059 1514 2099 intra

263 2124 398 2153 muros
417 2115 610 2153 obsessus
629 2115 781 2162 aquilas
802 2125 896 2152 suas
916 2114 1112 2153 horreat.“

230 2173 245 2206 1
342 2168 444 2206 XVI.
481 2169 660 2216 Ingratus
687 2173 749 2207 cst
775 2168 1024 2208 Coriolanus:
1060 2177 1150 2206 sero
1177 2172 1215 2206 et
1241 2173 1331 2215 post
1350 2167 1513 2206 sceleris

266 2223 540 2269 poenitentiam
565 2223 677 2271 pius,
703 2223 837 2272 posuit
855 2233 978 2270 arma,
1007 2220 1135 2260 sedin
1155 2222 1284 2261 medio
1305 2222 1513 2270 parricidio

266 2276 407 2324 posuit.
452 2278 630 2326 Ingratus
652 2276 832 2316 Catilina:
867 2287 1000 2324 parum
1021 2280 1079 2314 est
1101 2276 1152 2314 ini
1177 2286 1320 2324 capere
1341 2276 1513 2325 patriam,
