1624 2626
286 186 338 226 12
359 185 488 225 DIAL.
500 185 527 222 Ι.
547 184 716 232 QUARE
725 183 915 231 ALIQUA
931 180 1231 219 INCOMMODA
1243 178 1388 218 BONIS
1404 178 1538 218 VIRIS

282 296 379 334 pora
397 296 421 322 a
439 284 601 322 ferendo
621 282 718 320 mari
741 282 856 326 dura,
887 279 1068 327 agricolis
1089 289 1229 316 manus
1247 278 1379 325 tritae,
1400 278 1449 316 ad
1471 288 1538 316 ex·

281 340 463 378 cutienda
488 339 566 376 tela
585 338 770 375 militares
794 335 925 373 lacerti
947 335 1094 380 valent,
1122 333 1239 381 agilia
1260 337 1350 371 sunt
1367 333 1541 371 membra

281 394 531 432 cursoribus:
551 393 590 430 id
611 392 647 429 in
670 399 829 439 quoque
849 388 1130 428 solidissimum
1150 392 1217 436 est,
1231 388 1338 435 quod
1353 387 1539 424 exercuit.

281 449 332 486 ad
365 447 688 485 contemnendam
720 446 909 482 malorum
937 442 1149 490 potentiam
1176 442 1328 479 animus
1356 440 1542 489 patientia

279 501 479 550 pervenit,
501 511 603 549 quae
623 500 719 548 quid
737 500 774 537 in
795 498 909 536 nobis
930 497 1087 534 efficere
1108 496 1237 543 possit
1263 496 1386 542 scies,
1402 496 1447 533 'si
1473 494 1542 533 ad-

282 556 485 605 spexeris,
516 560 702 603 quantum
723 552 945 591 nationibus
964 551 1080 588 nudis
1105 555 1144 588 et
1163 550 1297 598 inopia
1315 548 1542 588 fortioribus

226 604 395 649 l4labor
422 614 613 658 praestet:
642 618 780 647 omnes
808 606 1016 645 considera
1042 607 1199 652 gentes,
1227 605 1263 642 in
1295 604 1437 652 quibus
1464 604 1542 641 Ro-

280 675 397 702 mana
416 675 495 712 pax
514 663 667 710 desinit,
690 663 904 700 Germanos
925 660 1013 698 dico
1028 665 1066 698 et
1082 659 1268 707 quicquid
1285 659 1388 696 circa
1402 659 1543 696 Istrum

280 729 469 766 vagarum
496 718 668 765 gentium
697 721 890 754 occursat.
929 719 1119 762 perpetua
1145 714 1234 751 illos
1256 714 1404 759 hiems,
1432 713 1543 750 triste

282 774 436 811 coelum
462 772 619 820 premit,
648 770 817 817 maligne
843 770 971 807 solum
991 769 1121 806 sterile
1142 772 1352 811 sustentat,
1381 767 1542 804 imbrem

282 828 410 865 culmo
439 831 505 864 aut
530 825 670 863 fronde
697 825 932 870 defendunt,
961 833 1082 870 super
1106 823 1245 860 durata
1262 821 1385 870 glacie
1405 826 1545 868 stagna

229 886 270 918 15
283 881 519 928 persultant,
540 880 579 916 in
600 879 825 916 alimentum
845 879 949 916 feras
971 882 1139 924 captant.
1169 876 1303 914 Miseri
1321 876 1389 913 tibi
1407 875 1545 912 viden·

280 939 368 973 tur?
395 934 489 972 nihil
514 934 700 972 miserum
721 937 782 971 est
801 933 910 980 quod
931 931 974 968 ‘in
994 936 1171 969 naturam
1191 930 1543 976 consuetudoper-

281 989 403 1026 duxit.
435 988 619 1036 paulatim
639 987 740 1025 enim
756 985 946 1034 voluptati
967 990 1058 1023 sunt
1078 995 1180 1032 quae
1199 984 1434 1022 necessitate
1455 993 1544 1021 coe-

280 1048 434 1091 perunt.
473 1043 580 1080 nulla
605 1042 681 1080 illis
711 1040 908 1079 domicilia
937 1040 1146 1087 nullaeque
1177 1039 1295 1076 sedes
1325 1042 1434 1083 sunt,
1469 1037 1546 1075 nisi

284 1108 382 1145 quas
414 1097 606 1135 lassitudo
634 1097 673 1134 in
701 1095 806 1133 diem
832 1093 976 1142 posuit.
1016 1092 1104 1131 vilis
1134 1098 1171 1131 et
1198 1092 1261 1130 hic
1292 1092 1544 1139 quaerendus

282 1162 400 1189 manu
428 1152 573 1198 victus,
606 1150 804 1188 horrenda
828 1148 1012 1196 iniquitas
1040 1148 1159 1192 coeli,
1193 1146 1337 1185 intecta
1363 1156 1545 1194 corpora.

281 1206 358 1244 hoc
379 1206 486 1253 quod
506 1204 574 1243 tibi
589 1205 789 1243 calamitas
806 1204 968 1248 Videtur,
988 1206 1044 1240 tot
1061 1202 1232 1249 gentium
1248 1202 1327 1239 vita
1347 1205 1428 1239 est:
1451 1199 1546 1249 quid

230 1265 272 1300 16
284 1261 435 1298 miraris
463 1260 592 1298 bonos
612 1259 741 1304 viros,
772 1262 815 1296 ut
841 1258 1137 1300 confirmentur,
1161 1255 1340 1294 concuti?
1370 1255 1456 1293 Non
1485 1260 1547 1293 est

283 1315 400 1352 arbor
420 1315 550 1352 solida
567 1316 642 1351 nec
662 1313 793 1359 fortis,
822 1312 899 1349 nisi
924 1311 962 1348 in
983 1321 1099 1358 quam
1119 1311 1305 1358 frequens
1325 1315 1466 1347 ventus
1489 1309 1546 1346 in·-

284 1373 429 1407 cursat.
458 1369 548 1416 ipsa
574 1368 676 1405 enim
694 1366 906 1405 vexatione
935 1364 1212 1411 constringitur
1231 1368 1269 1401 et
1285 1364 1441 1402 radices
1462 1373 1547 1401 cern

282 1424 359 1461 tius
389 1423 483 1471 figit.
522 1421 682 1470 fragiles
714 1425 806 1460 sunt
832 1430 934 1469 quae
959 1419 997 1456 in
1025 1419 1160 1467 aprica
1189 1418 1291 1456 valle
1322 1421 1545 1456 creverunt:

283 1488 357 1525 pro
385 1477 484 1525 ipsis
512 1487 606 1524 ergo
634 1476 750 1514 bonis
778 1475 873 1513 viris
901 1479 978 1519 est,
1008 1478 1052 1511 ut
1076 1484 1169 1512 esse
1196 1472 1358 1510 interriti
1378 1472 1546 1520 possint,

284 1532 445 1570 multum
473 1531 574 1570 inter
607 1531 865 1569 formidolosa
889 1528 1039 1567 versari
1065 1532 1105 1566 et
1130 1538 1258 1576 aequo
1288 1527 1418 1564 animo
1446 1527 1548 1564 ferre

285 1597 387 1634 quae
408 1597 487 1624 non
508 1591 599 1624 sunt
616 1586 719 1623 mala
739 1584 815 1623 nisi
834 1585 934 1622 male
954 1583 1173 1621 sustinenti.

251 1650 267 1681 1
365 1641 414 1678 V.
442 1641 599 1679 Adice
624 1650 772 1686 nunc,
795 1638 927 1687 quOd
953 1648 1039 1686 pro
1068 1636 1294 1675 omnibus
1323 1638 1400 1673 e'st
1419 1635 1547 1682 opti—

286 1705 406 1732 mum
427 1705 685 1742 quemque,
714 1694 852 1732 utita
880 1692 1056 1738 dicam,
1083 1692 1301 1730 militare
1320 1694 1377 1727 et
1402 1690 1550 1726 edere

287 1759 481 1796 operas.
521 1749 608 1787 Hoc
641 1753 703 1787 est
732 1747 980 1797 propositum
1008 1747 1085 1785 deo
1114 1746 1219 1794 quod
1255 1743 1420 1792 sapienti
1449 1743 1549 1790 viro,

287 1804 497 1842 ostendere
516 1803 615 1841 haec
631 1814 733 1850 quae
747 1805 888 1851 volgus
898 1802 1081 1850 adpetit,
1092 1810 1194 1849 quae
1212 1798 1458 1845 reformidat,
1475 1807 1549 1835 nec

285 1858 391 1896 bona
410 1868 502 1896 esse
521 1868 594 1896 nec
613 1859 727 1896 mala.
763 1857 1009 1906 adparebunt
1026 1861 1155 1894 autem
1174 1855 1278 1892 bona
1298 1863 1407 1900 esse,
1433 1852 1467 1890 si
1485 1852 1551 1890 illa

286 1923 365 1949 non
385 1913 460 1950 nisi
477 1913 593 1950 bonis
609 1912 705 1951 viris
724 1912 919 1958 tribuerit,
941 1916 978 1949 et
995 1911 1097 1948 mala
1116 1919 1227 1956 esse,
1248 1907 1282 1946 si
1304 1911 1450 1945 tantum
1468 1916 1549 1944 ma-

250 1973 271 2006 2
287 1966 335 2004 lis
354 1966 605 2013 inrogaverit.
642 1967 894 2005 Detestabilis
914 1966 986 2004 erit
1006 1965 1192 2011 caecitas,
1221 1964 1253 2001 si
1274 1973 1389 2000 nemo
1411 1962 1549 1999 oculos

286 2020 521 2070 perdiderit,
542 2022 618 2059 nisi
639 2022 701 2060 cui
721 2022 883 2060 eruendi
902 2025 1012 2060 sunt:
1033 2019 1165 2067 itaque
1185 2022 1342 2055 careant
1361 2018 1449 2054 lnce
1467 2016 1550 2063 Ap·-

287 2074 377 2123 pius
399 2079 437 2112 et
450 2074 642 2113 Metellus.
678 2087 758 2115 non
779 2080 870 2114 sunt
889 2075 1046 2114 divitiae
1063 2074 1228 2111 bonum:
1258 2073 1390 2120 itaque
1409 2071 1551 2108 habeat

287 2130 376 2167 illas
398 2133 437 2166 et
454 2127 562 2166 Elius
582 2130 671 2168 leno
686 2160 695 2175 ,
715 2136 758 2169 ut
776 2130 956 2168 homines
978 2128 1198 2177 pecuniam,
1212 2126 1214 2129 ”
1228 2137 1315 2164 cum
1335 2126 1373 2163 in
1393 2123 1549 2172 templis

288 2183 627 2230 consecraverint,
656 2185 816 2222 videant
835 2189 872 2223 et
896 2185 934 2222 in
956 2183 1116 2222 fornice.
1159 2183 1266 2219 nullo
1286 2181 1404 2218 modo
1424 2178 1550 2225 magis

289 2242 420 2286 potest
440 2237 538 2275 deus
560 2239 766 2285 concupita
785 2240 1007 2284 traducere,
1029 2247 1146 2284 quam
1166 2235 1200 2274 si
1219 2236 1284 2273 illa
1303 2235 1354 2274 ad
1371 2233 1549 2282 turpissi-

250 2298 272 2333 3
287 2302 375 2331 mos
400 2293 536 2340 defert,
558 2292 607 2330 ab
627 2293 782 2340 optimis
804 2293 936 2342 abigit.
965 2292 1043 2341 „At
1061 2292 1236 2340 iniquum
1256 2294 1317 2329 est
1334 2289 1460 2328 virum
1478 2287 1548 2325 bo·
1602 2289 1607 2292 “
