1624 2626
282 204 362 244 212
532 197 576 243 L.
605 202 795 241 ANNAEI
824 202 1050 242 SENECAE
1079 205 1211 243 DlAL.
1229 205 1276 243 X.

283 316 349 344 res
376 304 670 353 praeterierint,
707 314 795 342 cum
825 313 895 351 per
915 302 1208 343 diversissimas
1229 305 1370 344 domos
1388 306 1543 345 merito—

283 361 379 398 riam
413 359 690 398 salutationem
719 358 1041 405 circumtulerint,
1077 364 1239 407 quotum
1269 369 1466 408 quemque
1494 372 1545 401 ex

240 423 262 455 4
282 421 359 454 tam
393 415 574 452 inmensa
604 417 644 452 et
667 412 790 451 variis
819 413 1099 461 cupiditatibus
1120 413 1296 452 districta
1315 415 1413 453 urbe
1431 421 1544 463 pote—

281 474 372 508 runt
393 469 556 507 videre?
581 479 698 517 quam
719 468 827 505 multi
849 473 980 514 erunt,
1002 479 1167 515 quorum
1187 469 1275 507 illos
1295 474 1362 507 aut
1380 480 1544 509 somnus

282 530 349 563 aut
369 524 524 563 luxuria
544 528 611 561 aut
630 522 894 560 inhumanitas
914 523 1174 561 submoveat?
1217 533 1333 571 quam
1349 524 1458 562 multi
1477 526 1545 573 qui

283 580 390 624 illos,
427 589 518 617 cum
539 577 606 616 diu
633 577 840 624 torserint,
876 578 1061 616 simulata·
1079 578 1327 616 festinatione
1345 583 1543 618 transcur-

282 637 396 672 rant?
429 634 546 681 quam
577 633 684 670 multi
706 642 776 680 per
794 632 980 670 refertum
1001 632 1208 671 clientibus
1226 633 1366 671 atrium
1387 634 1545 681 prodire

282 689 460 727 vitabunt
478 692 516 725 et
537 698 607 735 per
627 687 820 726 obscuros
838 687 994 725 aedium
1011 686 1140 726 aditus
1159 688 1408 736 profugient‘?
1431 688 1546 736 quasi

281 754 360 781 non
381 742 634 781 inhumanius
651 742 701 780 sit
716 741 904 789 decipere
921 752 1038 790 quam
1055 742 1279 780 excludere.
1305 753 1423 790 quam
1438 744 1544 782 multi

281 798 467 836 hesterna
505 797 668 845 crapula
701 796 966 834 semisomnes
1000 801 1038 834 et
1069 806 1235 844 graves,
1280 796 1356 835 illis
1394 798 1547 836 miseris

283 863 398 890 suum
428 862 611 890 somnum
630 852 916 898 rumpentibus,
944 855 985 889 ut
1005 850 1176 889 alienum
1198 856 1451 899 exspectent,
1481 853 1546 890 vix

281 907 475 945 adlevatis
511 906 633 944 labris
667 906 956 944 insusurratum
988 905 1131 943 millies
1151 916 1293 944 nomen
1315 906 1546 945 oscitatione

241 964 260 996 5
282 961 570 1009 superbissima
589 960 785 1007 reddent?
811 961 895 998 Hos
917 960 954 997 in
975 960 1080 999 veris
1101 960 1243 998 officiis
1260 960 1404 999 morari
1421 961 1548 1009 [puta-

282 1019 383 1061 mus]
406 1016 497 1053 licet
518 1015 708 1061 dicamus,
730 1015 797 1062 qui
816 1015 1028 1062 Zenonem,
1052 1015 1118 1063 qui
1132 1014 1384 1064 Pythagoran
1404 1015 1548 1054 cotidie

282 1076 320 1108 et
338 1070 605 1108 Democritum
626 1074 862 1116 ceterosque
885 1070 1077 1108 antistites
1098 1069 1290 1108 bonarum
1307 1071 1459 1117 artium,
1481 1070 1547 1118 qui

280 1125 534 1162 Aristotelem
554 1128 592 1161 et
610 1123 926 1171 Theophrastum
941 1124 1076 1162 volent
1089 1124 1235 1162 habere
1253 1135 1368 1171 quam
1387 1125 1547 1162 familia-

280 1179 475 1217 rissimos.
505 1189 621 1216 nemo
644 1178 784 1216 horum
805 1189 883 1216 non
906 1177 1071 1225 vacabit,
1093 1188 1208 1216 nemo
1229 1189 1309 1217 non
1326 1179 1546 1218 venientem

281 1233 333 1270 ad
353 1244 397 1271 se
413 1234 628 1271 beatiorem
644 1232 981 1280 amantioremque
997 1233 1058 1270 sui
1075 1231 1251 1271 dimittet.
1280 1243 1396 1272 nemo
1412 1244 1545 1281 quem·

284 1299 401 1334 quam
433 1287 572 1326 vacuis
601 1298 625 1325 a
644 1297 690 1325 se
708 1287 890 1325 manibus
913 1287 1020 1325 abire
1041 1287 1221 1334 patietur.
1263 1292 1380 1326 nocte
1401 1298 1545 1328 conve—

284 1342 357 1380 niri
377 1346 416 1380 et
434 1341 605 1380 interdiu
624 1341 673 1380 ab
697 1342 880 1380 omnibus
902 1341 1132 1380 mortalibus
1152 1346 1336 1390 possunt.

249 1402 262 1432 1
362 1397 446 1435 XV.
488 1397 638 1435 Horum
667 1401 706 1434 te
730 1395 832 1435 mori
860 1406 975 1434 nemo
1005 1400 1139 1443 coget:
1176 1407 1314 1435 omnes
1336 1397 1546 1435 docebunt.

283 1452 424 1489 horum
455 1461 573 1490 nemo
608 1461 734 1489 annos
767 1455 859 1490 tuos
893 1451 1076 1489 conterit:
1110 1461 1206 1489 suos
1234 1451 1302 1489 tibi
1326 1451 1546 1489 contribuit.

284 1506 429 1544 nullius
450 1516 500 1543 ex
518 1506 581 1544 his
601 1516 732 1544 sermo
756 1505 1006 1554 periculosus
1027 1505 1116 1552 erit,
1136 1506 1279 1544 nullius
1297 1505 1467 1544 amicitia
1483 1516 1546 1544 ca-

284 1561 426 1608 pitalis,
447 1560 592 1599 nullius
613 1564 848 1608 sumptuosa
868 1560 1108 1598 observatio.
1138 1561 1243 1598 seres
1264 1561 1417 1606 exiliis,
1439 1561 1547 1608 quic-

286 1615 381 1662 quid
411 1616 535 1654 voles.
581 1625 651 1663 per
679 1615 768 1654 illos
794 1626 872 1653 non
903 1615 1039 1662 stabit,
1080 1614 1292 1663 quominus
1327 1615 1547 1664 plurimum,
1614 1650 1615 1660 ,

247 1678 268 1710 2
285 1674 473 1717 quantum
508 1670 683 1718 ceperis,
718 1669 891 1708 haurias.
937 1670 1045 1717 Quae
1072 1669 1179 1708 illum
1209 1669 1394 1717 felicitas,
1429 1680 1548 1718 quam
1612 1685 1614 1693 ⁴

284 1724 448 1771 pulchra
469 1728 655 1763 senectus
676 1729 824 1770 manet,
847 1725 913 1772 qui
933 1734 978 1762 se
998 1724 1036 1762 in
1057 1724 1196 1762 horum
1219 1724 1435 1763 clientelam
1452 1734 1545 1763 con-

285 1779 392 1816 tulit?
409 1779 589 1826 habebit,
610 1789 698 1817 cum
721 1779 864 1827 quibus
885 1779 936 1817 de
953 1779 1123 1817 minimis
1144 1778 1406 1827 maximisque
1426 1779 1546 1817 rebus
1610 1771 1611 1790 ³

285 1834 495 1878 deliberet,
531 1844 634 1882 quos
664 1834 714 1871 de
742 1844 787 1872 se
808 1833 951 1872 cotidie
973 1834 1172 1880 consulat,
1205 1844 1229 1871 a
1249 1832 1392 1881 quibus
1414 1833 1549 1872 audiat
1608 1839 1609 1862 ἲ

285 1898 420 1926 verum
441 1888 528 1926 sine
548 1889 795 1936 contumelia,
817 1889 997 1927 laudetur
1016 1889 1102 1926 sine
1121 1889 1357 1934 adulatione,
1378 1888 1426 1926 ad
1449 1899 1546 1936 quo·
1605 1894 1607 1935 j

245 1946 266 1979 3
286 1953 372 1980 rum
397 1953 442 1981 se
462 1942 753 1982 similitudinem
773 1943 946 1991 effingat.
974 1943 1155 1981 Solemus
1173 1943 1305 1980 dicere
1325 1953 1403 1981 non
1421 1943 1547 1981 fuisse

286 1997 323 2033 in
346 2003 483 2036 nostra
503 2002 718 2045 potestate,
748 2009 850 2046 quos
869 1997 1099 2036 sortiremur
1117 2002 1323 2045 parentes,
1353 1998 1453 2035 forte
1475 2007 1545 2035 no·
1602 2010 1604 2023 Α

287 2050 348 2088 bis
381 2053 517 2090 datos:
551 2052 667 2092 nobis
700 2063 797 2091 vero
819 2053 869 2091 ad
888 2058 1065 2094 nostrum
1087 2051 1287 2090 arbitrium
1309 2051 1419 2090 nasci
1443 2052 1545 2090 licet.
1601 2058 1603 2067 ¹

287 2105 622 2146 nobilissimorum
648 2107 894 2155 ingeniorum
915 2106 1083 2145 familiae
1098 2111 1211 2144 sunt=
1244 2105 1345 2153 elige
1365 2106 1403 2143 in
1427 2117 1545 2154 quam

288 2159 460 2198 adscisci
482 2163 592 2200 velis.
629 2173 708 2201 non
729 2162 766 2201 in
787 2173 931 2201 nomen
950 2166 1097 2200 tantum
1118 2160 1391 2209 adoptaberis‚
1414 2161 1483 2198 sed
1505 2161 1545 2198 in
1596 2181 1599 2204 5

261 2217 263 2219 '
288 2214 378 2261 ipsa
406 2215 527 2260 bona,
564 2227 666 2264 quae
694 2223 773 2256 non
801 2221 915 2255 erunt
941 2214 1101 2254 sordide
1129 2225 1202 2252 nec
1222 2214 1391 2262 maligne
1412 2220 1543 2253 custo—

251 2272 273 2304 4
289 2267 453 2306 dicad-a:
480 2271 630 2309 maiora
649 2272 763 2318 fient,
791 2282 871 2320 quo
891 2270 957 2309 illa
977 2269 1154 2318 pluribus
1174 2268 1371 2308 diviseris.
1408 2270 1456 2308 Hi
1475 2270 1543 2308 tibi
1594 2284 1596 2298 ·

293 2322 442 2361 dabunt
471 2325 519 2362 ad
542 2319 808 2365 aeternitatem
826 2326 900 2364 iter
917 2330 955 2363 et
973 2329 1010 2362 te
1029 2324 1067 2362 in
1089 2324 1194 2364 illum
1214 2325 1360 2372 locum,
1390 2333 1440 2362 ex
1461 2335 1540 2373 quo
