1598 2606
380 158 448 198 DE
475 155 758 198 BENEFICHS
785 156 880 198 LIB.
896 157 927 196 Ι.
957 162 1108 199 7—10.
1359 153 1389 194 9

107 260 220 315 tur],
245 272 333 311 pro
345 258 710 310 spiciendum.*
740 259 916 299 Callidus
927 269 1008 298 non
1019 257 1223 298 difficilem
1237 256 1390 296 aditum

106 318 290 368 praebuit
315 317 517 357 inmodica
537 315 790 366 cupientibus
811 325 991 365 spesque
1010 314 1204 364 inprobas
1225 313 1323 352 nihil
1344 323 1390 352 re

106 373 313 413 adiuturus
328 371 466 412 verbis
482 373 605 412 fovet.
643 373 697 411 At
712 371 845 421 peior,
866 371 1031 420 opinor,
1052 371 1087 410 si
1103 370 1239 419 lingua
1255 379 1388 419 asper,

105 431 217 469 voltu
236 429 373 478 gravis
395 439 484 468 cum
503 428 655 467 invidia
673 429 872 467 fortunam
889 438 1002 466 suam
1018 426 1222 476 explicuit.
1255 427 1392 465 colunt

107 485 212 525 enirn
239 485 569 534 detestanturque
595 484 752 523 felicem
773 489 831 530 et,
861 483 896 522 si
916 483 1138 533 potuerint,
1169 482 1312 521 eadem
1332 482 1388 520 fa-

105 541 218 590 cturi,
239 541 363 580 odere
378 541 601 580 facientem.
614 539 682 564 ***
711 539 954 588 Coniugibus
970 539 1113 578 alienis
1128 549 1180 577 ne
1190 539 1293 577 clam
1305 538 1389 587 qui·
1405 542 1429 578 3

104 597 215 646 dem,
236 598 310 636 sed
326 602 464 646 aperte
480 596 652 636 ludibrio
669 595 788 635 aditis
805 605 902 646 suas
919 596 1007 634 aliis
1030 596 1264 644 permisere.
1308 595 1389 633 Ru-

57 654 59 657 ’
104 653 250 700 sticus,
282 653 522 692 inhumanus
549 663 598 691 ac
626 651 720 691 mali
747 651 872 691 moris
892 656 932 690 et
948 652 1050 690 inter
1069 657 1273 691 matronas
1293 650 1390 689 abo-

104 709 293 748 minanda
320 709 506 748 condicio
535 712 618 757 est,
646 709 681 747 si
711 708 802 757 quis
833 708 1043 757 coniugem
1072 717 1187 746 suam
1220 706 1262 745 in
1291 706 1393 745 sella

103 771 291 815 prostare
316 765 440 804 vetuit
459 770 499 804 et
517 765 637 813 volgo
659 763 848 803 admissis
868 763 1168 813 inspectoribus
1187 762 1281 801 vehi
1302 771 1390 811 per-

105 821 288 871 spicuam
312 821 506 870 undique.
553 820 596 859 Si
624 821 715 869 quis
740 821 849 859 nulla
868 830 913 859 se
933 820 1061 859 amica
1081 819 1174 858 fecit
1192 818 1389 867 insignem
1405 819 1429 854 4

104 887 180 916 nec
198 876 352 915 alienae
370 877 488 916 uxori
508 887 681 916 annuum
703 880 897 926 praestat,
918 875 1027 915 hunc
1041 880 1249 914 matronae
1263 873 1390 913 humi-

103 933 183 972 lem
209 937 248 971 et
275 933 465 972 sordidae
484 933 659 971 libidinis
679 937 718 971 et
741 932 1030 971 ancillariolum
1048 935 1209 971 vocant.
1259 930 1389 978 [Inde]

105 987 432 1028 decentissimum
453 989 754 1038 sponsaliorum
773 998 902 1037 genus
924 993 986 1027 est
1004 987 1255 1026 adulterium.
1292 986 1391 1025 etin

105 1054 311 1084 consensu
335 1044 447 1083 vidui
476 1044 696 1083 caelibatus
725 1054 844 1083 nemo
872 1054 1040 1083 uxorem
1061 1043 1192 1089 duxit,
1223 1041 1302 1081 nisi
1323 1041 1391 1090 qui

103 1101 283 1140 abduxit.
329 1100 411 1138 Iam
429 1104 545 1148 rapta
565 1110 777 1149 spargere,
808 1109 953 1148 sparsa
967 1101 1058 1138 acri
1075 1098 1243 1137 avaritia
1260 1098 1391 1137 recol--

102 1157 227 1205 ligere
237 1160 399 1195 certant.
417 1156 511 1194 nihil
524 1155 641 1205 pensi
651 1155 812 1203 habere,
826 1160 1102 1204 paupertatem
1114 1155 1284 1193 alienam
1295 1164 1391 1193 con-

101 1218 296 1260 temnere,
319 1222 432 1251 suam
450 1214 568 1261 [plus]
585 1222 705 1261 quam
721 1213 846 1250 ullum
863 1212 971 1250 aliud
985 1210 1117 1250 vereri
1132 1210 1291 1250 malum.
1318 1221 1390 1259 pa·

103 1278 190 1307 cem
204 1267 359 1307 iniuriis
375 1268 623 1317 perturbare.
654 1267 924 1307 inbecilliores
942 1268 981 1305 vi
997 1277 1045 1305 ac
1059 1271 1168 1305 metu
1183 1276 1389 1316 premere:

102 1334 195 1363 nam
225 1324 457 1374 provincias
492 1323 658 1372 spoliari
690 1328 730 1363 et
758 1323 1023 1362 nummarium
1051 1323 1227 1362 tribunal
1255 1321 1392 1361 audita

102 1380 299 1429 utrimque
333 1380 550 1419 licitatione
582 1378 696 1418 alteri
726 1379 860 1418 addici
888 1390 970 1419 non
999 1378 1162 1427 mirum,
1198 1377 1391 1428 quoniam

104 1446 208 1485 quae
228 1436 372 1474 emeris
390 1436 568 1474 vendere
589 1435 766 1484 gentium
788 1434 852 1474 ius
873 1440 947 1474 est.

184 1491 232 1529 X.
254 1490 335 1530 Sed
351 1491 510 1540 longius
527 1501 602 1530 nos
618 1491 780 1540 inpetus
797 1490 931 1530 evehit
947 1495 1194 1540 provocante
1211 1489 1389 1528 materia.
1407 1499 1427 1532 l

104 1546 240 1596 itaque
259 1546 317 1585 sic
336 1546 542 1593 finiamus,
576 1557 628 1585 ne
657 1547 697 1585 in
726 1551 866 1586 nostro
885 1548 1024 1586 seculo
1046 1548 1166 1596 culpa
1191 1545 1388 1585 subsidat.

102 1603 190 1641 Hoc
217 1601 390 1641 maiores
416 1601 543 1641 nostri
564 1602 696 1651 questi
716 1607 829 1651 sunt,
859 1602 938 1641 hoc
958 1614 1034 1642 nos
1057 1602 1279 1652 querimur,
1310 1601 1391 1641 hoc

102 1657 256 1708 posteri
276 1658 401 1697 nostri
423 1662 658 1707 querentur,
689 1668 858 1698 eversos
877 1669 1032 1707 mores,
1060 1669 1233 1708 regnare
1248 1657 1389 1707 nequi-

102 1713 217 1762 tiam,
248 1713 287 1751 in
308 1714 483 1752 deterius
503 1723 568 1752 res
589 1713 784 1753 humanas
805 1720 845 1754 et
863 1725 982 1754 omne
997 1716 1112 1754 nefas
1128 1713 1228 1754 labi:
1258 1717 1298 1752 at
1312 1714 1391 1753 ista

103 1770 247 1810 eodem
267 1773 374 1809 stant
391 1771 482 1808 loco
504 1769 767 1819 stabuntque,
794 1771 957 1819 paulum
978 1771 1183 1810 dumtaxat
1200 1771 1304 1809 ultra
1322 1775 1390 1810 aut

105 1826 203 1865 citra
229 1831 355 1873 mota,
385 1830 426 1865 ut
453 1824 599 1864 fluctus
623 1837 727 1875 quos
756 1830 893 1866 aestus
915 1827 1116 1866 accedens
1137 1826 1297 1876 longius
1319 1837 1388 1866 cx-

102 1882 208 1930 tulit,
244 1882 442 1921 recedens
473 1880 660 1920 interiore
692 1882 851 1921 litorum
882 1884 1056 1932 vestigio
1089 1883 1228 1923 tenuit.
1274 1882 1425 1924 Nunc2

103 1938 143 1976 in
171 1938 365 1977 adulteria
392 1938 519 1986 magis
549 1948 668 1986 quam
690 1938 728 1976 in
748 1938 827 1977 alia
845 1939 1078 1987 peccabitur
1096 1939 1388 1988 abrumpetque

80 1995 240 2033 .fren0s
268 1993 473 2043 pudicitia.
510 2003 617 2032 nunc
646 1993 923 2033 conviviorum
943 1994 1092 2043 vigebit
1111 1995 1224 2034 furor
1243 1999 1283 2034 et
1301 1996 1386 2035 foe-

106 2050 314 2089 dissimum
341 2050 670 2099 patrimoniorum
698 2049 883 2098 exitium,
922 2051 1066 2089 culina.
1118 2061 1224 2090 nunc
1255 2051 1385 2091 cultus

106 2116 320 2155 corporum
340 2106 484 2145 nimius
506 2110 545 2145 et
565 2106 716 2144 formae
737 2116 834 2145 cura
853 2117 951 2155 prae
968 2117 1013 2145 se
1029 2107 1164 2145 ferens
1180 2107 1299 2146 animi
1315 2107 1385 2147 de-

105 2162 354 2202 formitatem.
400 2173 506 2201 nunc
540 2161 579 2199 in
599 2162 869 2210 petulantiam
899 2167 939 2201 et
964 2162 1173 2202 audaciam
1202 2169 1386 2213 erumpet

105 2219 207 2256 male
235 2218 469 2268 dispensata
495 2217 670 2256 libertas.
707 2229 814 2257 nunc
836 2218 876 2256 in
898 2217 1170 2258 crudelitatem
1189 2220 1384 2269 privatam

107 2283 154 2313 ac
182 2273 380 2323 publicam
407 2274 526 2314 ibitur
552 2275 832 2323 bellorumque
860 2274 1033 2313 civilium
1060 2275 1273 2323 insaniam,
1303 2286 1384 2325 qua

109 2339 225 2369 omne
240 2336 419 2370 sanctum
436 2341 483 2370 ac
499 2341 658 2370 sacrum
672 2331 917 2380 profanetur.
941 2330 1149 2371 habebitur
1163 2331 1382 2382 aliquando
