1592 2580
338 179 405 220 DE
433 171 713 219 BENEFICI-IS
740 177 835 217 LIB.
853 175 1106 218 V11.}7-1o.
1271 172 1371 217 Tl4l

73 271 313 321 testudinem
330 283 370 318 et
389 273 716 318 foediSsimorum
733 276 1126 327 pigerrimorumque
1141 274 1371 318 animalium

70 342 196 376 testas
218 335 446 385 ingentibus
466 335 607 383 pretiis
628 338 805 383 emptas,
839 333 878 372 in
901 332 1047 382 quibus
1068 333 1136 371 illa
1154 332 1247 382 ipsa
1266 342 1372 380 quae

69 394 202 442 placet
237 391 409 431 varietas
451 390 624 430 subditis
661 390 962 429 medicamentis
996 389 1037 427 in
1071 388 1371 428 similitudinem

63 449 154 488 'veri
174 448 388 487 coloratur.
420 446 553 486 Video
581 446 672 485 istic
691 456 856 484 mensas
885 450 925 484 et
945 445 1196 484 aestimatum
1218 444 1371 493 lignum

69 503 274 544 senatorio
296 513 446 551 censu,
468 513 517 542 eo
540 502 780 551 pretiosius,
805 512 884 550 quo
904 500 1002 540 illud
1021 500 1060 539 in
1084 502 1221 550 plures
1238 500 1370 540 nodos

69 560 229 600 arboris
245 559 456 611 infelicitas
486 558 612 598 torsit.
660 558 791 597 Video
815 558 903 596 istic
924 557 1177 608 crystallina,
1200 567 1372 605 quorum
1392 558 1415 594 3

58 615 254 656 accendit
274 614 468 663 fragilitas
492 614 682 663 pretium:
714 613 887 652 omnium
905 613 1010 652 enim
1029 623 1162 651 rerum
1182 613 1372 662 voluptas

62 672 180 722 apud
208 671 402 720 inperitos
440 670 532 720 ipso
575 681 656 719 quo
691 670 819 718 fugari
847 669 968 709 debet
994 669 1175 718 periculo
1214 668 1372 707 crescit.

67 728 202 767 Video
222 737 383 766 murrea
409 727 577 776 pocula:
598 737 738 776 parum
761 725 914 764 scilicet
936 723 1095 764 luxuria
1118 735 1265 773 magno
1287 725 1371 763 sue-

65 783 136 830 rit,
167 783 254 835 nisi·
273 783 383 832 quod
411 787 575 822 vomant
603 781 822 831 capacibus
849 781 1017 830 gemmis
1038 781 1140 820 inter
1164 791 1210 820 se
1226 782 1372 830 propi-

58 841 260 878 naverint.
304 838 436 878 Video
467 838 636 878 uniones
666 849 746 877 non
781 839 964 886 singulos
1001 836 1172 885 singulis
1205 836 1413 879 auribus-4

60 899 327 944 ‘conpar-atos.
370 893 447 932 iam
486 894 593 933 enirn
627 894 870 933 exercitatae
903 904 1025 932 aures
1058 893 1171 932 oneri
1200 892 1367 932 serendo

58 956 181 991 sunt:
210 952 425 999 iunguntur
444 951 546 989 inter
563 960 608 989 se
628 955 667 989 et
686 948 853 998 insuper
873 949 939 988 alii
959 949 1064 988 binis
1085 959 1367 998 superponun-

60 1013 143 1047 tur.
181 1018 261 1046 non
294 1006 392 1045 satis
420 1005 624 1044 muliebris
653 1005 811 1044 insania
834 1005 944 1045 viros
965 1005 1262 1055 superiecerat‚
1291 1004 1370 1043 nisi

58 1063 160 1101 bina
188 1073 235 1102 ac
263 1067 376 1101 terna
404 1062 643 1111 patrimonia
668 1061 833 1100 auribus
863 1061 1032 1110 singulis
1062 1061 1367 1110 pependissent.

69 1119 198 1158 Video
220 1118 373 1158 sericas
398 1123 552 1164 vestes,
578 1118 612 1156 si
632 1122 768 1156 vestes
789 1118 1000 1156 vocandae
1023 1123 1134 1166 sunt,
1155 1116 1195 1156 in
1219 1116 1366 1166 quibus
1387 1127 1408 1161 5

59 1175 162 1213 *nihil
185 1179 266 1222 est,
289 1184 369 1223 quo
394 1173 558 1212 defendi
580 1178 648 1212 aut
666 1183 816 1222 corpus
837 1179 904 1212 aut
923 1173 1100 1222 denique
1120 1174 1253 1222 pudor
1272 1184 1366 1222 pos-

59 1231 133 1277 ιἐπ,
161 1230 306 1279 quibus
327 1229 497 1278 sumptis
518 1239 658 1278 parurn
678 1229 830 1278 liquido
850 1229 1000 1268 nudam
1025 1240 1070 1268 sc
1092 1240 1171 1268 non
1193 1239 1288 1267 esse
1307 1229 1365 1268 iu-

58 1285 177 1325 ²rabit.
224 1285 300 1324 hae
327 1285 476 1334 ingenti
503 1296 660 1324 summa
689 1285 738 1324 ab
767 1285 914 1333 ignotis
943 1285 1061 1324 etiam
1090 1286 1141 1323 ad
1171 1295 1363 1324 commen

58 1341 169 1394 {cibum
186 1341 374 1390 gentibus
388 1347 659 1389 accersuntur,
679 1345 724 1379 ut
738 1346 943 1380 matronae
963 1347 1126 1380 nostrae
1143 1352 1193 1380 ne
1211 1341 1364 1380 adulte-

32 1406 35 1409 '
60 1398 120 1451 fris
138 1397 300 1446 quidem
318 1398 409 1446 plus
426 1397 488 1436 sui
504 1398 543 1435 in
561 1397 744 1436 cubiculo
761 1409 880 1446 quam
899 1398 937 1435 in
957 1398 1118 1446 publico
1136 1397 1364 1436 ostendant.

147 1454 196 1492 X.
236 1452 341 1501 Quid
374 1452 462 1501 agis
497 1453 689 1492 avaritia?
726 1457 823 1502 quot
849 1464 983 1492 rerum
1013 1453 1178 1492 caritate
1222 1463 1364 1491 aurum
1387 1462 1404 1495 l

58 1513 175 1548 tuum
197 1509 349 1547 victum
368 1513 458 1547 est?
487 1509 620 1548 omnia
639 1510 736 1556 ista,
766 1519 870 1557 quae
890 1508 1027 1556 retuli,
1061 1509 1098 1546 in
1121 1508 1272 1547 maiore
1292 1508 1363 1547 ho—

66 1575 166 1603 nore
194 1564 405 1614 pretioque
427 1570 537 1603 sunt=
567 1574 673 1603 nunc
693 1565 785 1604 volo
809 1569 899 1603 tuas
920 1575 1022 1614 opes
1052 1575 1362 1613 recognoscere,

66 1620 234 1659 laminas
254 1620 466 1669 utriusque
483 1616 694 1668 materiae,
723 1621 775 1658 ad
797 1631 899 1669 quas
921 1621 1120 1669 cupiditas
1141 1625 1278 1659 nostra
1299 1631 1365 1659 ca-

41 1677 173 1725 ligat.
218 1677 272 1714 At
298 1675 527 1714 mehercule
546 1680 671 1722 terra,
711 1687 816 1724 quae
840 1676 1031 1726 quicquid
1065 1676 1161 1715 utile
1188 1678 1362 1715 futurum
1383 1685 1405 1719 2

61 1731 183 1785 nobis
214 1737 299 1771 erat
327 1731 511 1781 protulit,
538 1731 616 1771 ista
643 1731 798 1771 defodit
824 1736 864 1770 et
890 1733 1028 1771 mersit
1055 1737 1094 1770 et
1119 1732 1361 1772 utnoxiosis

58 1788 188 1827 ‘rebus
219 1798 267 1826 ac
296 1789 400 1826 malo
430 1788 605 1836 gentium
633 1788 671 1826 in
703 1788 877 1826 medium
902 1789 1119 1837 prodituris
1148 1794 1230 1828 toto
1260 1800 1360 1838 pon-

58 1844 163 1883 ‹dere
183 1843 375 1883 incubuit.
420 1844 552 1882 Video
573 1845 719 1882 ferrum
736 1854 787 1882 ex
807 1843 937 1882 isdem
956 1844 1132 1884 tenebris
1153 1855 1247 1884 esse
1269 1856 1360 1894 pro—

58 1900 210 1948 ¹latum,
241 1899 389 1949 quibus
418 1910 558 1938 aurum
576 1904 615 1939 et
635 1905 864 1948 argentum,
890 1891 942 1939 rie
968 1905 1037 1939 aut
1055 1901 1361 1939 instrumentum

60 1955 107 2006 ffin
135 1955 283 1995 caedes
314 1961 473 1994 mutuas
503 1956 666 1994 deesset
692 1960 761 1994 aut
781 1956 966 2005 pretium.
1004 1961 1044 1995 et
1067 1962 1197 1995 tamen
1227 1957 1360 1996 adhuc

62 2011 144 2050 'ista
171 2012 347 2061 aliquam
374 2011 579 2050 materiam
606 2011 766 2050 habent.
796 2017 858 2050 est
884 2013 922 2050 in
953 2023 1032 2060 quo
1057 2023 1234 2052 errorem
1264 2024 1359 2052 ocu-

70 2068 202 2106 lorum
223 2068 378 2107 animus
401 2068 597 2116 subsequi
618 2068 760 2116 possit.
801 2067 934 2106 Video
962 2068 1051 2107 istic
1083 2068 1302 2117 diplomata
1323 2072 1397 2108 et3

72 2123 330 2174 syngraphas
349 2129 388 2162 et
415 2124 643 2171 cautiones,
671 2134 798 2162 vacua
818 2123 991 2162 habendi
1011 2124 1244 2174 simulacra,
1273 2136 1357 2164 um-

69 2178 262 2227 brato-ula]
291 2179 483 2218 avaritiae
512 2179 710 2228 quaedam
736 2180 977 2227 laborantis,
1017 2190 1088 2228 per
1118 2191 1222 2229 quae
1250 2181 1356 2220 deci-

71 2233 154 2283 piat
190 2237 360 2274 animum
398 2236 572 2275 inanium
610 2235 800 2284 opinione
827 2236 1081 2283 gaudentem.
1126 2237 1223 2285 quid
1252 2237 1357 2276 enim

70 2289 147 2329 ista
175 2295 295 2329 sunt?
320 2292 420 2340 quid
449 2293 565 2330 fenus
594 2296 634 2330 et
663 2290 934 2329 calendarium
964 2297 1002 2330 et
1018 2302 1161 2340 usura,
1189 2293 1264 2332 nisi
1283 2293 1353 2333 hu—

0 2346 7 2364 ”
60 2355 214 2384 manae
235 2347 464 2395 cupiditatis
487 2353 600 2387 extra
620 2351 806 2386 naturam·
831 2348 1015 2395 quaesita
1034 2349 1224 2387 nomina?
1258 2348 1354 2390 Pos—
1371 2356 1393 2390 4

73 2411 162 2441 sum
188 2401 239 2441 de
264 2405 398 2442 rerum
427 2408 568 2444 natura
596 2403 727 2453 quer-i,
755 2403 865 2452 quod
895 2413 1035 2443 aurum
1065 2409 1353 2455 argentumque
