1624 2626
149 216 218 255 AD
228 213 486 254 POLYBIUM
499 212 566 252 DE
581 210 975 251 CONSOLATIONE.
993 217 1148 251 10-12.
1160 214 1246 260 [31.]
1273 209 1357 251 229

86 314 188 365 quit,
217 314 338 354 alium
363 312 404 352 in
430 317 607 352 extrema
632 316 838 351 senectute
865 311 1069 360 fatigatum
1089 313 1169 351 iam
1189 316 1229 352 et
1247 313 1358 351 exire

86 371 309 421 cupientem
336 369 407 408 vix
434 368 589 408 emittit:
621 368 698 407 alio
729 366 889 416 quidem
917 373 1039 416 atque
1065 368 1142 407 alio
1162 373 1357 417 tempore,

86 436 224 467 omnes
243 431 374 466 tamen
393 424 432 462 in
452 424 636 463 eumdem
655 423 787 462 locum
803 423 1014 462 tendimus.
1051 424 1243 463 Utrumne
1262 424 1359 462 stul-

86 483 163 522 tius
179 482 250 529 sit,
275 480 435 527 nescio,
455 479 704 520 mortalitatis
724 479 852 527 legem
868 479 1073 528 ignorare,
1094 490 1145 518 an
1161 479 1358 528 inpuden-

88 538 184 585 tius,
211 546 412 575 recusare.
459 535 645 585 Agedum
671 534 755 582 illa,
786 544 890 583 quae
914 536 1036 573 multo
1055 535 1204 583 ingenii
1222 535 1279 573 tui
1301 536 1355 573 la·
1372 538 1395 573 5

85 594 183 633 bore
203 592 402 631 celebrata
422 596 532 637 sunt,
563 590 604 629 in
623 600 766 629 manus
782 600 914 638 sume,
943 591 1169 630 utriuslibet
1183 591 1359 630 auctoris

87 648 280 697 carmina,
317 657 426 696 quaev
447 652 492 689 tu
520 646 579 688 ita,
599 645 826 695 resolvisti,
869 651 912 685 ut
945 647 1128 695 quamvis
1161 651 1361 685 structura

85 705 242 744 illorum
259 703 491 751 recesserit,
518 706 750 751 permaneat
768 707 897 741 tamen
919 701 1058 750 gratia.
1093 702 1151 741 sic
1172 702 1276 740 enim
1294 702 1362 740 illa

87 771 140 800 ex
159 759 236 798 alia
254 759 391 808 lingua
408 759 447 797 in
466 758 584 797 aliam
603 756 858 806 transtulisti,
876 763 938 806 ut,
960 758 1071 806 quod
1086 757 1362 797 difficillimum

89 821 192 864 erat,
221 824 361 854 omnes
377 815 541 854 virtutes
555 814 596 852 in
612 813 834 852 alienamte
848 813 1070 852 orationem
1085 818 1248 852 secutae
1263 814 1361 852 sint:

88 871 221 917 nullus
247 870 321 909 erit
346 869 386 908 in
412 870 489 909 illis
521 868 680 918 scriptis
702 868 820 916 liber,
851 869 920 917 qui
940 880 1021 908 non
1043 868 1214 918 plurima
1231 869 1361 908 varie-

88 926 181 967 tatis
209 925 407 965 humanae
434 925 757 973 incertorumque
781 931 949 964 casuum
971 930 1023 964 et·
1037 925 1289 963 lacrimarum
1311 934 1364 963 ex

89 983 169 1022 alia
203 987 322 1030 atque
354 982 432 1020 alia
456 991 579 1020 causa
606 980 813 1019 fluentium
845 982 1030 1028 exempla
1061 981 1130 1019 tibi
1161 984 1362 1029 suggerat.

89 1038 216 1087 Lege,
247 1041 396 1086 quanto
424 1037 566 1086 spiritu
582 1036 807 1084 ingentibus
826 1035 1047 1075 intonueris
1066 1036 1209 1074 rebus:
1238 1036 1400 1085 pude—6

89 1093 148 1133 bit
173 1098 213 1132 te
242 1092 372 1132 subito
401 1092 575 1131 deficere
600 1095 640 1130 et
665 1101 718 1130 ex
746 1095 853 1131 tanta
873 1091 1071 1130 'orationis
1091 1091 1364 1140 magnitudine

91 1147 332 1188 desciscere.
361 1157 413 1186 ne
431 1145 698 1195 commiseris,
716 1151 758 1186 ut
773 1146 959 1195 quisquis
976 1147 1161 1196 exemplo
1179 1157 1226 1185 ac
1241 1147 1364 1186 modo

91 1204 240 1254 scripta
258 1207 327 1243 tua
340 1202 560 1251 mirabitur,
588 1207 755 1252 quaerat
770 1202 974 1252 quomodo
989 1207 1067 1241 tam
1083 1202 1252 1251 grandia
1266 1207 1365 1242 tam-

93 1270 172 1310 que
190 1259 320 1298 solida
338 1263 417 1298 tam
436 1259 586 1308 fragilis
607 1258 763 1297 animus
785 1258 1026 1307 conceperit.

172 1315 256 1354 ΧΠ.
297 1314 472 1354 Potius
508 1314 567 1353 ab
605 1314 720 1353 istis
749 1317 816 1362 te,
854 1323 983 1362 quae
1010 1319 1271 1363 torquent,
1305 1313 1402 1352 adl

93 1371 215 1410 haec
241 1375 379 1410 totet
403 1374 560 1418 tanta,
590 1380 717 1418 quae
735 1370 1091 1417 consolantur,
1121 1374 1366 1409 converte

95 1437 144 1467 ac
157 1426 315 1475 respice
325 1426 497 1475 optimos
513 1426 667 1472 fratres,
687 1425 846 1474 respice
857 1434 1036 1472 uxorem,
1056 1425 1180 1463 filium
1192 1425 1366 1473 respice.

96 1492 169 1531 pro
189 1481 361 1521 omnium
381 1482 522 1522 horum
539 1483 667 1520 salute
686 1480 762 1519 hac
776 1485 906 1520 tecum
922 1481 1107 1529 portione
1124 1482 1283 1520 fortuna
1297 1480 1367 1518 de·

98 1535 201 1577 cidit.
249 1537 396 1576 Multos
415 1537 561 1584 habes,
581 1537 621 1575 in
642 1536 789 1585 quibus
808 1537 1072 1585 adquiescas:
1103 1540 1190 1584 [31.]
1221 1535 1273 1574 ab
1290 1535 1368 1574 hac

96 1599 136 1632 te
155 1592 316 1630 infamia
332 1592 510 1640 vindica,
530 1602 582 1630 ne
599 1593 782 1631 videatur
801 1591 986 1631 omnibus
1006 1592 1098 1641 plus
1118 1592 1226 1641 apud
1243 1597 1282 1630 te
1297 1601 1366 1629 va-

96 1650 180 1687 lere
207 1658 313 1687 unus
341 1647 456 1686 dolor
484 1658 604 1696 quam
628 1647 728 1686 haec
753 1652 834 1686 tam
866 1649 987 1686 multa
1017 1648 1172 1687 solatia.
1230 1646 1404 1688 Omnis2

97 1703 198 1743 istos
218 1714 297 1741 una
313 1708 444 1742 tecum
464 1704 674 1751 perculsos
691 1703 805 1742 vides
821 1714 896 1742 nec
912 1713 1036 1752 posse
1050 1704 1120 1742 tibi
1139 1702 1367 1750 subvenire,

98 1760 218 1798 immo
239 1759 357 1797 etiam
379 1759 481 1797 ultro
501 1762 757 1807 exspectare,
785 1762 830 1798 ut
848 1770 872 1797 a
890 1764 930 1798 te
949 1759 1224 1807 subleventur,
1254 1758 1368 1797 intel-

99 1814 214 1864 legis.
250 1819 290 1853 et
315 1813 406 1852 ideo
439 1819 586 1862 quanto
612 1813 742 1853 minus
769 1814 809 1852 in
829 1814 905 1854 illis
926 1814 1132 1853 doctrinae
1154 1815 1369 1862 minusque

23 1905 30 1911 .
99 1869 247 1919 ingenii
265 1874 346 1918 est,
376 1874 483 1908 tanto
498 1869 624 1918 magis
641 1869 836 1908 obsistere
851 1875 891 1909 te
906 1880 1076 1908 necesse
1091 1875 1154 1909 est
1169 1868 1370 1908 communi

99 1926 218 1965 malo.
245 1929 308 1964 est
326 1930 457 1964 autem
475 1924 554 1963 hoc
573 1925 706 1974 ipsum
724 1925 855 1964 solatii
875 1927 985 1973 loco,
1016 1926 1116 1964 inter
1135 1926 1281 1963 multos
1297 1924 1370 1963 do-

101 1981 225 2020 iorem
253 1991 369 2020 suum
389 1980 587 2020 dividere:
624 1979 693 2028 qui
713 1980 806 2029 quia
826 1981 1080 2030 dispensatur
1098 1980 1200 2019 inter
1218 1981 1368 2028 plures,

104 2037 250 2085 exigua
270 2032 390 2075 debet
409 2036 519 2085 apud
538 2041 576 2074 te
600 2040 712 2084 parte
733 2035 956 2074 subsidere.
1007 2036 1073 2074 No
1085 2046 1111 2073 n
1140 2036 1368 2073 desinam
1383 2044 1406 2080 3

103 2092 294 2132 totiens
321 2092 410 2131 tibi
440 2092 631 2131 offerre
652 2090 927 2130 Caesarem.
962 2091 1028 2130 illo
1045 2091 1277 2130 modeiante
1291 2095 1369 2130 ter-

104 2157 171 2186 ras
200 2152 240 2187 et
270 2147 523 2193 ostendente,
563 2150 710 2195 quanto
743 2147 883 2185 melius
917 2145 1126 2184 beneficus
1160 2145 1370 2195 imperium

106 2202 350 2242 custodiatur
367 2213 486 2252 quam
503 2202 622 2241 armis
633 2231 642 2249 ,
673 2202 739 2241 illo
754 2201 875 2240 rebus
890 2201 1073 2240 humanis
1090 2202 1275 2251 praeside
1288 2213 1370 2242 non

106 2262 170 2296 est
189 2258 425 2306 periculum,
453 2268 505 2297 ne
524 2257 621 2307 quid
640 2256 867 2306 perdidisse
885 2261 924 2295 te
942 2257 1104 2296 sentias.
1135 2257 1176 2296 in
1191 2257 1268 2296 hoc
1287 2269 1373 2297 uno·

107 2311 177 2351 tibi
195 2313 290 2352 satis
311 2313 520 2362 praesidii,
545 2313 642 2352 satis
663 2312 792 2352 solatii
807 2317 886 2351 est:
915 2312 1064 2352 adtolle
1077 2317 1115 2352 te
1130 2318 1169 2352 et
1183 2314 1370 2362 quotiens
1437 2327 1441 2339 1

111 2368 292 2408 lacrimae
309 2368 562 2410 suboriuntur
574 2369 702 2409 oculis
719 2368 794 2408 tuis
805 2399 816 2418 ,
840 2368 984 2408 totiens
1000 2367 1090 2408 illos
1105 2369 1146 2408 in
1160 2369 1371 2408 Caesarem
