1592 2580
292 183 370 225 268
659 183 702 221 L.
727 183 914 222 ANNAEI
940 182 1165 223 SENECAE

292 280 512 321 turbinibus
531 280 686 319 divulsa
705 281 878 328 navigia:
909 281 997 329 quis
1012 282 1083 320 erit
1099 281 1215 320 huius
1235 279 1381 319 laboris
1397 290 1442 319 ac
1459 291 1537 319 me-

292 341 356 375 tus
387 337 563 374 fructus?
599 335 686 383 quis
714 346 787 373 nos
815 337 945 374 fessos
972 340 1028 373 tot
1046 337 1164 374 malis
1191 341 1326 384 portus
1347 336 1539 384 excipiet?

291 390 436 428 bellum
462 390 611 428 scilicet
637 395 676 428 et
702 390 844 428 obvius
872 390 910 428 in
934 391 1049 428 >litore
1073 389 1198 428 hostis
1221 395 1259 441 et
1284 390 1538 428 trucidandae

292 450 427 492 gentes
446 449 639 483 tracturae
657 454 708 481 ex
727 444 894 482 maxima
914 449 1023 493 parte
1041 443 1229 482 victorem
1242 449 1281 482 et
1295 445 1539 492 antiquarum

253 499 441 538 surbium
470 498 638 537 flamma.
685 498 785 544 Quid
811 498 849 535 in
878 509 984 536 arma
1011 499 1186 545 cogimus
1205 499 1402 546 populos?
1445 499 1540 546 quid

291 553 486 591 exercitus
510 552 715 591 scribimus
737 553 952 591 directuros
973 553 1094 590 aciem
1114 553 1151 590 in
1172 553 1309 591 mediis
1329 552 1539 590 fluctibus?

292 607 387 655 quid
413 608 534 645 maria
551 607 842 655 inquietamus?
877 617 1014 655 parum
1033 606 1215 644 videlieet
1234 608 1284 644 ad
1303 612 1448 645 mortes
1468 617 1539 644 no-

290 667 392 701 stras
419 667 522 700 terra
547 662 622 700 late
653 664 768 709 patet.
800 662 913 699 nimis
935 662 1097 699 delicate
1117 662 1272 700 fortuna
1290 671 1364 699 nos
1382 665 1537 699 tractat:

290 716 404 754 nimis
425 717 524 754 dura
543 716 649 754 dedit
664 716 777 754 nobis
793 726 980 764 corpora,
1001 715 1153 754 felicem
1167 715 1433 753 valitudinem.
1461 726 1538 754 non

290 771 552 819 depopulatur
579 781 652 808 nos
680 781 797 808 casus
824 771 1041 808 incurrens.
1078 770 1226 807 emetiri
1253 770 1396 817 cuique
1414 780 1538 807 annos

291 835 387 863 suos
415 836 464 862 ex
492 825 698 863 commodo
718 826 808 863 licet
825 831 863 864 et
885 825 933 863 ad
954 829 1192 863 senectutem
1212 825 1432 862 decurrere.
1470 824 1538 862 ita-

291 889 368 927 que
394 889 528 918 eamus
554 879 593 917 in
621 881 783 927 pelagus
805 884 842 918 et
866 889 1055 918 vocemus
1082 879 1120 916 in
1140 890 1214 917 nos
1234 879 1313 916 fata
1331 879 1539 916 cessantia.

253 935 275 969 9
290 933 444 980 Miseri,
471 934 566 982 quid
585 934 798 982 quaeritis?
833 938 1015 979 mortem,
1048 943 1148 980 quae
1167 934 1313 980 ubique
1332 937 1540 981 superest?

289 993 395 1036 petet
420 989 485 1027 illa
510 999 584 1026 vos
614 994 652 1026 et
671 999 720 1026 ex
739 990 900 1027 lectulo:
930 989 1003 1026 sed
1021 988 1247 1026 innocentes
1270 992 1384 1035 petat.
1421 997 1538 1025 oecu-

288 1043 396 1090 pabit
418 1054 490 1081 nos
510 1043 549 1080 in
569 1048 702 1080 nostra
723 1043 839 1081 domo
852 1058 868 1078 ι’
890 1043 963 1081 sed
983 1046 1150 1090 occupet
1170 1043 1316 1080 nullum
1335 1041 1538 1080 molientes

287 1097 458 1141 malum„
487 1098 573 1136 Hoc
591 1107 685 1135 vero
709 1098 802 1145 quid
822 1097 926 1135 aliud
947 1097 1034 1144 quis
1050 1095 1190 1135 dixerit
1205 1107 1320 1145 quam
1336 1096 1537 1143 insaniam,

289 1149 539 1189 circumferre
567 1152 740 1199 pericula
768 1157 806 1189 et
824 1161 938 1189 ruere
957 1151 995 1188 in
1015 1151 1191 1198 ignotos,
1219 1150 1357 1188 iratum
1378 1149 1462 1188 sine
1482 1151 1537 1187 in—

288 1204 403 1250 iuria,
435 1206 679 1243 occurrentia
697 1206 964 1243 devastantem
985 1215 1031 1242 ac
1050 1206 1220 1242 ferarum
1234 1215 1342 1242 more
1357 1203 1538 1242 occidere

289 1270 406 1307 quem
432 1270 511 1298 non
540 1259 699 1298 oderis?
733 1259 808 1296 illis
836 1264 965 1297 tamen
991 1259 1029 1296 in
1056 1259 1242 1296 ultionem
1267 1263 1332 1296 aut
1358 1268 1408 1295 ex
1436 1258 1537 1295 fame

287 1323 444 1352 morsus
473 1318 551 1352 est:
587 1324 662 1351 nos
692 1313 777 1351 sine
804 1314 883 1351 ulla
913 1313 1155 1361 parsimonia
1187 1313 1311 1350 nostri
1344 1312 1537 1359 alienique

289 1367 490 1416 sanguinis
518 1378 721 1406 movemus
743 1378 898 1405 manum
917 1372 955 1404 et
975 1366 1132 1415 navigia
1154 1366 1403 1412 deducimus,
1433 1367 1535 1404 salu·

287 1427 365 1460 tem
394 1423 667 1460 committimus
694 1421 898 1469 fluctibus,
935 1422 1135 1460 secundos
1171 1426 1350 1469 optamus
1384 1425 1535 1466 ventos,

235 1489 279 1521 10
290 1487 455 1524 quorum
474 1477 636 1515 felicitas
653 1482 713 1514 est
727 1477 778 1514 ad
792 1476 894 1514 bella
909 1476 1085 1524 perferri.
1119 1476 1334 1523 Quousque
1348 1485 1422 1512 nos
1436 1475 1538 1512 mala

290 1536 425 1569 nostra
447 1535 689 1578 rapuerunt?
723 1541 861 1578 parum
889 1535 950 1568 est
972 1530 1075 1568 intra
1095 1530 1230 1568 orbem
1257 1540 1371 1567 suum
1390 1530 1536 1566 furere:

291 1586 348 1623 sic
365 1585 572 1624 Persarum
590 1595 661 1623 rex
680 1584 956 1623 stolidissimus
977 1585 1014 1621 in
1033 1585 1233 1622 Graeciam
1244 1583 1400 1630 traiciat,
1423 1592 1536 1631 quam

290 1640 485 1677 exercitus
515 1650 593 1677 non
620 1641 767 1686 vincet,
798 1650 887 1677 cum
905 1639 1122 1686 inpleverit.
1159 1639 1216 1676 sic
1235 1638 1460 1675 Alexander
1479 1638 1538 1675 ul·

288 1694 408 1732 terior
432 1695 582 1732 Bactris
610 1699 647 1731 et
670 1694 777 1732 Indis
796 1695 901 1732 volet
920 1703 1129 1742 quaerere,
1158 1693 1251 1740 quid
1271 1691 1321 1730 sit
1338 1694 1439 1730 ultra
1457 1702 1536 1729 ma-

289 1758 408 1795 gnum
436 1758 561 1795 mare,
600 1754 638 1786 et
664 1748 925 1795 indignabitur
950 1757 1041 1785 esse
1069 1747 1214 1794 aliquid
1244 1747 1418 1784 ultimum
1450 1746 1536 1784 sibi.

286 1803 346 1840 sie
364 1802 513 1840 Parthis
533 1802 694 1840 avaritia
713 1802 896 1841 Crassum
915 1802 1036 1840 dabit:
1065 1813 1144 1839 non
1163 1801 1334 1839 horrebit
1352 1801 1456 1838 diras
1476 1810 1536 1837 re-

291 1857 466 1895 vocantis
491 1856 654 1902 tribuni,
683 1867 762 1894 non
781 1861 1032 1904 tempestates
1055 1855 1272 1903 longissimi
1292 1854 1427 1900 maris,
1458 1865 1536 1892 non

290 1912 395 1949 circa
419 1911 656 1959 Euphratem
683 1921 876 1959 praesaga
908 1911 1067 1948 fulmina
1097 1915 1135 1948 et
1165 1910 1263 1947 deos
1293 1909 1535 1946 resistentes.

237 1976 360 2013 uper
377 1966 574 2004 hominum
596 1970 634 2003 et
652 1965 815 2003 deorum
835 1967 913 2003 iras
936 1965 986 2003 ad
1005 1975 1140 2002 aurum
1163 1963 1290 2001 ibitur.
1334 1963 1437 2009 Ergo
1457 1972 1536 2000 non

288 2020 465 2058 inmerito
484 2020 571 2068 quis
583 2020 724 2058 dixerit
736 2030 866 2057 rerum
881 2024 1056 2057 naturam
1073 2018 1210 2056 melius
1225 2021 1396 2054 acturam
1413 2016 1536 2054 fuisse

289 2074 514 2120 nobiscum,
546 2073 581 2112 si
606 2079 746 2112 ventos
775 2073 872 2111 flare
897 2074 1088 2112 vetuisset
1114 2077 1152 2111 et
1174 2070 1336 2109 inhibito
1354 2070 1537 2110 discursu

289 2129 497 2167 furentium
522 2128 561 2166 in
588 2139 662 2166 sua
690 2138 886 2176 quemque
911 2133 1015 2166 terra
1037 2131 1140 2165 stare
1162 2124 1362 2164 iussisset:
1391 2125 1423 2162 si
1442 2125 1536 2163 nihil

288 2183 414 2228 aliud,
445 2186 549 2221 certe
575 2192 647 2220 suo
672 2183 840 2230 quisque
866 2186 1013 2220 tantum
1031 2191 1077 2219 ac
1098 2190 1256 2219 suorum
1276 2180 1376 2217 malo
1397 2178 1535 2216 nasce-

287 2242 411 2274 retur:
442 2247 544 2274 nunc
570 2247 707 2284 parum
734 2237 827 2274 mihi
853 2236 1086 2282 domestica,
1113 2234 1283 2272 externis
1305 2243 1462 2281 quoque
1480 2233 1534 2270 la-

237 2291 507 2329 12borandum
535 2295 606 2329 est.
648 2291 760 2330 Nulla
785 2296 888 2330 terra
912 2295 990 2328 tam
1017 2291 1132 2336 longe
1156 2291 1305 2326 remota
1325 2292 1402 2336 est,
1434 2297 1534 2335 quae
