1592 2580
307 161 491 201 NATUR.
522 161 735 209 QUAEST.
762 161 848 201 Lib.
869 162 932 200 111.
963 168 996 200 1.
1015 168 1050 201 2.
1236 158 1318 201 215

39 263 212 303 animum
239 263 391 311 ipsum,
422 274 503 312 quo
531 273 689 302 summo
716 273 946 312 magnoque
966 274 1070 311 opus
1090 267 1172 309 est,
1199 263 1318 301 sedu-

39 330 176 358 cemus
197 330 221 358 a
240 328 423 367 corpore.
461 319 608 356 deinde
635 317 673 357 in
697 318 864 358 occultis
884 319 1102 357 exercitata
1122 317 1320 358 subtilitas

39 386 117 414 non
146 375 218 413 erit
245 375 283 412 in
312 379 450 423 aperta
471 373 658 413 deterior.
707 373 802 412 nihil
823 380 956 414 autem
975 379 1038 413 est
1057 374 1234 423 apertius
1257 373 1321 412 his

37 429 299 478 salutaribus,
330 440 434 478 quae
461 435 601 469 contra
628 429 844 479 nequitiam
865 435 1043 469 nostram
1065 431 1321 478 furoremque

36 486 263 533 discuntur,
288 496 391 534 quae
411 485 648 524 damnamus
670 495 745 524 nec
766 485 965 534 ponimus.

117 541 146 580 Ι.
190 541 500 589 Quaeramus
533 551 653 589 ergo
686 541 745 580 de
777 540 924 590 aquis
958 546 1007 581 et
1038 542 1318 590 investige-
1344 553 1360 585 1

36 608 161 643 mus,
192 608 289 646 qua
317 597 518 635 ratione
547 597 695 636 fiant:
726 596 832 646 sive,
854 602 898 636 ut
915 597 969 637 ait
989 596 1192 644 Ovidiuss

111 653 207 701 fons
224 657 313 692 erat
330 654 460 691 illimis
479 653 614 691 nitidis
631 659 839 702 arqenteus
857 655 985 701 undis,

36 708 144 756 sive,
166 713 209 747 ut
227 708 283 747 ait
302 708 518 757 Vergilius,
1106 732 1110 740 ·

113 765 218 803 unde
235 775 310 813 per
333 774 406 802 ora
431 775 564 803 novem
583 770 688 804 vasto
709 775 798 804 cum
816 775 1015 803 murmure
1033 766 1171 804 montis

116 821 146 859 it
165 831 275 858 mare
291 824 551 868 praeruptum
568 826 606 859 et
616 822 762 869 pelago
779 821 924 870 premit
942 831 1041 859 arva
1058 821 1223 868 sonanti,

35 876 141 922 sive,
163 880 206 914 ut
226 875 335 924 apud
357 879 413 922 te,
435 876 590 914 iuvenis
613 876 841 923 carissime,
860 875 1034 924 invenio,

117 933 234 970 elisus
252 931 393 970 Siculis
412 931 461 970 de
474 931 650 979 fontibus
671 933 805 971 exsilit
817 933 954 977 amnis,

35 985 72 1026 si
92 997 172 1035 qua
190 986 291 1025 ratio
312 997 441 1035 aquas
462 986 755 1033 subministret,
778 987 983 1036 quomodo
1004 992 1063 1026 tot
1079 986 1243 1026 flumina
1263 988 1321 1025 in·

35 1042 170 1091 gentia
196 1052 268 1091 per
287 1042 392 1080 diem
411 1047 653 1092 noctemque
672 1042 901 1082 decurrant.
939 1054 999 1091 qu
1012 1053 1097 1081 are
1120 1043 1220 1082 alia
1246 1042 1321 1081 hi·

36 1097 210 1137 bernis
230 1097 380 1147 aquis
399 1098 766 1144 intumescant,
794 1098 893 1136 alia
922 1098 970 1136 in
1002 1098 1210 1138 defectu
1240 1108 1320 1137 ce-

35 1160 259 1193 terorum
289 1153 499 1193 amnium
523 1159 773 1193 crescant.
817 1154 977 1192 Nilum
1006 1153 1207 1193 interim
1239 1164 1319 1192 se-
1342 1159 1364 1193 2

36 1220 60 1258 p
72 1219 210 1248 onem
223 1220 280 1248 us
311 1220 334 1248 a
362 1209 497 1256 turba,
529 1209 718 1258 propriae
746 1215 912 1248 naturae
941 1219 990 1247 ac
1018 1209 1252 1258 singularis,
1284 1215 1323 1250 et

35 1265 91 1303 illi
110 1275 227 1304 suum
246 1264 351 1303 diem
373 1264 577 1304 dabimus:
607 1275 736 1304 nunc
757 1266 999 1313 volgares
1019 1275 1182 1314 aquas
1203 1276 1293 1314 pro
1306 1286 1322 1292 -

36 1330 325 1369 sequamur,
345 1324 438 1359 tam
459 1320 678 1370 frigidas
700 1331 844 1370 quam
863 1321 1109 1360 calentes.
1140 1321 1187 1359 in
1210 1321 1321 1370 qui-

33 1375 126 1414 bus
153 1375 406 1423 [calentibus]
429 1377 772 1425 quaerendum
793 1375 912 1423 erit,
940 1382 1098 1415 utrum
1119 1375 1323 1415 calidae

35 1435 314 1469 nascantur
334 1441 391 1469 an
413 1432 550 1470 fiant.
572 1431 631 1469 de
650 1432 844 1471 ceteris
865 1442 1069 1480 quoque
1090 1431 1320 1471 dissere-

39 1496 166 1533 mus,
197 1496 326 1534 quas
356 1484 593 1535 insignes
622 1492 708 1526 aut
734 1498 891 1536 sapor
910 1492 993 1526 aut
1011 1487 1186 1536 aliqua
1204 1487 1320 1526 red-

39 1542 63 1580 d
78 1541 116 1580 it
141 1541 368 1580 utilitast
405 1542 605 1591 quaedam
625 1543 729 1581 enim
751 1543 914 1590 oculos,
947 1543 1147 1592 quaedam
1171 1553 1320 1582 nervos
1340 1552 1363 1587 3

37 1597 198 1643 iuvant,
237 1597 437 1645 quaedam
465 1601 644 1637 veterata
672 1603 711 1637 et
737 1609 761 1637 a
789 1598 1202 1648 medicisdesperata
1229 1599 1322 1638 vitia

37 1658 262 1701 percurant.
302 1653 500 1701 quaedam
519 1653 729 1693 medentur
751 1653 974 1701 ulceribus,
1005 1654 1203 1702 quaedam
1223 1655 1320 1694 inte-

35 1708 144 1747 riora
170 1713 270 1756 potu
296 1708 431 1747 fovent
461 1714 500 1747 et
526 1709 727 1757 pulmonis
758 1719 806 1748 ac
833 1709 1034 1748 viscerum
1059 1711 1246 1759 querelas
1266 1711 1320 1748 le-

35 1768 142 1802 vant.
180 1763 379 1812 quaedam
401 1765 657 1812 supprimunt
681 1765 937 1813 sanguinem:
967 1770 1049 1804 tam
1079 1767 1214 1804 varius
1240 1765 1320 1805 sin-

35 1819 139 1868 gulis
160 1830 261 1858 usus
282 1825 343 1858 est
365 1831 481 1867 quam
503 1825 658 1868 gustus.

114 1875 161 1913 Il.
188 1876 270 1912 Aut
286 1879 391 1913 stant
411 1885 552 1914 omnes
571 1885 702 1924 aquae
721 1880 788 1914 aut
803 1880 898 1914 eunt
916 1880 984 1914 aut
1000 1876 1239 1924 colliguntur
1253 1881 1320 1915 aut
1342 1886 1359 1920 1

36 1930 168 1969 varias
185 1930 333 1968 habent
348 1941 488 1968 venas.
508 1930 608 1969 aliae
625 1935 718 1970 sunt
732 1931 891 1978 dulces,
910 1932 1011 1970 aliae
1026 1931 1182 1970 variae:
1201 1942 1318 1980 aspe-

34 1995 103 2025 rae
120 1986 272 2035 quippe
289 1986 571 2032 interveniunt,
595 1987 730 2025 salsae
745 1997 986 2036 amaraeque
1002 1991 1070 2026 aut
1083 1987 1318 2036 medicatae,

36 2051 88 2080 ex
106 2042 251 2090 quibus
273 2041 532 2090 sulphuratas
553 2042 743 2089 dicimus,
763 2043 955 2089 serratas,
974 2041 1239 2082 aluminosas:
1260 2042 1318 2081 in-

37 2096 144 2136 dicat
156 2096 237 2136 vim
258 2108 393 2146 sapor.
423 2097 580 2136 Habent
599 2102 807 2146 praeterea
825 2099 922 2136 mul
938 2103 981 2136 ta
1003 2097 1316 2137 discrimina.
1337 2108 1358 2142 2

36 2151 206 2200 primum
227 2158 377 2192 tactus:
416 2153 585 2201 frigidae
604 2158 644 2192 et
666 2153 819 2191 calidae
846 2158 951 2192 sunt.
988 2153 1135 2192 deinde
1165 2154 1315 2203 ponde-

35 2207 112 2246 ris:
147 2208 258 2247 leves
286 2213 325 2247 et
351 2219 497 2257 graves
529 2213 634 2248 sunt.
675 2208 822 2247 deinde
852 2209 1019 2248 coloris:
1056 2220 1180 2258 purae
1210 2216 1314 2258 sunt,

37 2262 236 2310 turbidae,
270 2265 501 2311 caeruleae,
536 2264 694 2303 lividae.
736 2264 884 2302 deinde
917 2264 1183 2305 salubritatisz
1225 2271 1316 2305 sunt

37 2318 142 2357 enim
168 2319 306 2368 utiles,
335 2326 428 2360 sunt
448 2321 686 2359 mortiferae.
730 2323 841 2367 [sunt
860 2330 965 2370 quae
985 2326 1181 2370 coguntur
1198 2321 1236 2360 in
1257 2322 1312 2360 la-
