1624 2626
320 204 374 245 46
701 205 744 243 L.
770 203 958 242 ANNAEI
987 202 1210 242 SENECAE

283 301 607 348 4necessariam‚
637 302 730 350 quia
756 311 878 350 saepe
903 301 1115 339 validiores
1141 303 1251 340 furor
1278 301 1418 340 reddit.
1458 301 1585 349 Quid?

322 369 402 395 non
435 356 671 405 aliquotiens
703 362 830 394 metus
862 366 912 393 ex
943 356 1137 394 contrario
1171 356 1264 394 fecit
1295 357 1513 399 audacem?
1547 361 1585 394 et

321 413 459 449 mortis
486 412 602 449 timor
635 411 749 450 etiam
783 409 1042 448 inertissimos
1079 410 1264 448 excitavit
1289 410 1327 447 in
1362 410 1582 457 proelium?

322 466 403 504 Sed
433 467 506 513 ira,
534 466 725 511 ebrietas,
753 470 878 502 metus
908 465 1064 512 aliaque
1085 465 1279 502 eiusmodi
1307 464 1426 502 foeda
1453 469 1491 502 et
1520 475 1582 502 ca·

322 521 425 558 duca
453 521 697 558 inritamenta
723 525 813 558 sunt
833 529 905 556 nec
924 517 1107 556 virtutem
1126 518 1332 565 instruunt,
1362 528 1464 566 quae
1490 518 1583 556 nihil

323 574 426 612 vitiis
455 580 562 622 eget,
592 575 663 612 sed
684 585 845 622 segnem
873 573 1020 621 alioqui
1040 573 1209 611 animum
1230 578 1268 611 et
1286 573 1468 621 ignavum
1491 583 1586 621 pau-

286 629 403 667 51um
430 629 624 667 adlevant.
661 629 782 666 Nemo
811 628 1019 666 irascendo
1040 628 1083 666 fit
1102 627 1258 675 fortior,
1288 628 1364 666 nisi
1385 628 1450 675 qui
1474 627 1586 666 fortis

324 684 411 721 sine
438 684 495 721 ira
523 695 602 722 non
625 683 776 721 fuisset.
815 683 868 721 ita
886 693 964 720 non
986 682 1024 720 in
1044 682 1279 720 adiutorium
1297 682 1448 720 virtutis
1469 682 1585 729 venit,

324 738 398 775 sed
425 738 461 775 in
483 737 620 775 vicem.
656 738 755 785 Quid
777 737 905 785 quod,
930 737 1130 775 sibonum
1150 741 1258 774 esset
1276 737 1353 783 ira,
1381 737 1584 784 perfectis·

324 792 463 830 simum
487 802 683 840 quemque
700 795 956 839 sequeretur?
981 791 1089 839 atqui
1110 791 1400 829 iracundissimi
1417 790 1586 829 infantes

324 856 524 894 senesque
552 851 590 884 et
616 845 724 894 aegri
751 851 853 884 sunt.
895 850 934 884 et
959 845 1170 884 invalidum
1195 855 1310 883 omne
1330 850 1468 884 natura
1491 855 1586 894 que-

323 901 451 939 rulum
471 905 543 938 cst.

289 959 309 991 1
405 955 507 992 XIV.
537 954 656 1001 „Non
684 958 815 1002 potest
839 952 965 1002 inquit
990 954 1075 992 fieri
1094 953 1410 1002 Theophrastus,
1440 958 1483 993 ut
1507 964 1587 992 non

325 1010 385 1046 vir
413 1010 542 1047 bonus
563 1009 754 1047 irascatur
780 1009 930 1046 malis.“
966 1010 1046 1046 Isto
1075 1009 1193 1047 modo
1218 1019 1296 1056 quo
1323 1009 1461 1048 meIiOr
1481 1009 1587 1056 quis-

327 1074 424 1111 que,
453 1063 529 1101 hoc
558 1063 781 1101 iracundIOr
809 1062 903 1101 erit=
931 1062 1022 1100 vide
1048 1073 1098 1100 ne
1118 1068 1254 1101 contra
1274 1063 1463 1110 placidior
1483 1064 1588 1102 solu-

288 1121 470 1165 2tusque
501 1118 721 1155 adfectibus
750 1122 787 1155 et
814 1118 876 1155 cui
903 1127 1016 1155 nemo
1046 1117 1137 1156 odio
1167 1118 1228 1155 sit.
1269 1117 1473 1155 Peccantis
1491 1128 1589 1156 vero

327 1173 423 1220 quid
442 1172 560 1209 habet
579 1182 648 1209 cur
667 1172 811 1218 oderit,
833 1182 920 1209 cum
940 1182 1049 1209 error
1068 1172 1155 1209 illos
1175 1172 1214 1209 in
1234 1172 1428 1209 eiusmodi
1448 1172 1590 1210 delicta

327 1227 552 1274 conpellat?
570 1237 649 1264 non
670 1230 731 1264 est
748 1231 876 1264 autem
897 1226 1100 1274 prudentis
1122 1227 1287 1264 errantis
1309 1226 1464 1270 odisse3
1495 1227 1589 1265 alio-

328 1282 420 1329 quin
443 1281 529 1328 ipse
549 1280 624 1318 sibi
641 1277 731 1318 odio
747 1281 829 1318 erit.
860 1280 1010 1328 Cogitet
1026 1291 1141 1328 quam
1158 1281 1277 1318 multa
1294 1285 1430 1318 contra
1443 1281 1589 1319 bonum

326 1345 476 1373 morem
502 1335 638 1381 faciat,
669 1345 783 1381 quam
812 1336 931 1373 multa
951 1345 1002 1372 ex
1019 1334 1081 1373 his
1103 1345 1203 1383 quae
1224 1335 1320 1382 egit,
1348 1335 1502 1372 veniam
1521 1335 1588 1372 de-

327 1390 518 1427 siderent:
546 1389 621 1426 iam
648 1389 840 1427 irascetur
864 1389 976 1427 etiam
1010 1389 1097 1427 sibi.
1140 1399 1270 1438 neque
1302 1389 1405 1427 enim
1437 1399 1590 1437 aequus

328 1445 449 1482 iudex
479 1444 593 1481 aliam
624 1444 673 1481 de
706 1454 797 1490 sua,
830 1444 944 1481 aliam
972 1443 1022 1481 de
1057 1443 1184 1481 aliena
1212 1454 1334 1482 causa
1360 1445 1591 1482 sententIam

289 1499 311 1533 3
328 1500 412 1537 fert.
448 1498 591 1543 Nemo,
616 1497 793 1545 inquam,
823 1498 1042 1536 invenietur
1070 1498 1136 1545 qui
1157 1509 1201 1536 se
1221 1499 1348 1546 possit
1367 1499 1589 1537 absolvere.

327 1557 367 1591 et
392 1553 642 1590 innocentem
670 1553 839 1600 quisque
875 1562 920 1591 se
947 1551 1040 1591 dicit
1065 1553 1286 1600 respiciens
1314 1558 1474 1599 testem,
1510 1563 1588 1590 non

301 1626 311 1638 ι
328 1607 620 1645 conscientiam.
671 1607 822 1654 Quanto
850 1607 1058 1645 humanius
1085 1608 1216 1645 mitem
1253 1613 1290 1645 et
1319 1607 1484 1655 patrium
1510 1608 1591 1645 ani-

326 1672 433 1700 mum
452 1665 654 1709 praestare
675 1661 931 1709 peccantibus
954 1667 991 1700 et
1010 1662 1097 1700 illos
1119 1673 1196 1700 non
1217 1661 1417 1709 persequi,
1440 1662 1512 1699 sed
1530 1671 1590 1699 re-

325 1720 490 1754 vocare!
527 1715 731 1753 Errantem
759 1726 830 1764 per
857 1727 974 1764 agros
1001 1715 1223 1766 ignorantia
1249 1717 1337 1754 viae
1367 1716 1504 1753 melius
1531 1721 1592 1754 est

329 1771 378 1808 ad
395 1775 545 1808 rectum
564 1770 637 1807 iter
655 1770 867 1808 admovere
889 1781 1005 1818 quam
1025 1772 1238 1818 expellere.

292 1829 306 1860 1
405 1824 491 1862 XV.
508 1824 769 1873 Corrigendus
790 1830 850 1864 est
865 1824 1010 1873 itaque,
1029 1825 1094 1873 qui
1113 1829 1259 1873 peccat,
1277 1829 1315 1863 et
1329 1823 1591 1863 admonitione

329 1884 367 1917 et
387 1878 443 1926 vi,
464 1883 503 1917 et
522 1879 688 1917 molliter
711 1885 750 1918 et
768 1890 921 1927 aspere,
942 1880 1158 1928 meliorque
1177 1885 1254 1918 tam
1274 1880 1349 1917 sibi
1370 1890 1487 1926 quam
1506 1879 1591 1917 aliis

328 1933 536 1972 faciendus
562 1945 642 1972 non
669 1935 755 1972 sine
775 1934 1050 1982 castigatione,
1079 1935 1150 1973 sed
1170 1935 1255 1972 sine
1274 1934 1342 1971 ira.
1382 1935 1470 1981 quis
1490 1935 1590 1971 enim

329 1989 393 2026 cui
411 1989 589 2026 medetur
607 1989 814 2027 irascitur?
833 1994 872 2027 at
890 1990 1032 2036 corrigi
1051 1992 1250 2036 nequeunt
1270 1988 1443 2036 nihilque
1459 1988 1497 2026 in
1516 1989 1591 2026 illis

329 2043 418 2079 lene
445 2047 511 2080 aut
534 2043 621 2090 spei
647 2043 778 2082 bonae
804 2054 933 2091 capax
961 2048 1040 2083 est:
1069 2044 1253 2082 tollantur
1272 2053 1293 2080 e
1314 2048 1431 2081 coetu
1450 2048 1591 2081 morta-

329 2096 423 2134 lium
442 2097 580 2134 facturi
600 2098 738 2145 peiora
757 2109 860 2146 quae
880 2099 1107 2146 contingunt
1122 2103 1160 2135 et
1175 2107 1253 2145 quo
1268 2108 1346 2135 uno
1363 2098 1482 2136 modo
1500 2107 1592 2145 pos—

292 2152 315 2185 2
331 2155 442 2198 sunt,
473 2150 654 2190 desinant
682 2153 773 2191 mali
793 2163 904 2199 esse,
935 2154 1007 2191 sed
1025 2153 1100 2195 hoc
1121 2152 1206 2189 sine
1226 2151 1331 2189 odio.
1371 2152 1470 2199 Quid
1490 2152 1592 2189 enim

328 2210 410 2252 est,
438 2216 506 2243 cur
525 2206 674 2244 oderim
695 2218 803 2255 eum,
832 2208 896 2246 cui
923 2213 1002 2246 tum
1033 2206 1200 2244 maxime
1222 2217 1404 2254 prosum,
1432 2217 1521 2244 cum
1547 2207 1591 2243 il-

329 2261 409 2298 lum
436 2260 511 2298 sibi
538 2260 689 2308 eripio?
715 2262 815 2300 Num
844 2261 933 2310 quis
961 2261 1134 2299 membra
1163 2271 1237 2298 sua
1263 2265 1355 2298 tunc
1376 2261 1476 2307 odit,
1505 2270 1590 2298 cum

328 2313 523 2354 abscidit?
543 2326 622 2354 non
639 2320 699 2355 est
717 2317 781 2355 illa
800 2317 876 2366 ira,
900 2316 971 2356 sed
991 2315 1135 2355 misera
1151 2314 1314 2355 curatio.
1342 2315 1518 2354 Rabidos
1538 2315 1592 2353 ef-
