1592 2580
319 157 387 197 DE
414 156 694 197 BENEFICIIS
723 157 819 197 LIB.
838 157 925 197 VII.
952 162 1124 200 23—26.
1285 157 1363 199 151

85 263 153 299 aut
179 256 300 298 libeat
325 263 395 298 aut
420 257 542 298 iuvet.
591 258 698 298 Saus
729 259 973 310 abundeque
1001 264 1063 299 est
1092 258 1305 301 submissis
1327 265 1365 299 et

84 313 343 355 familiaribus
362 314 498 353 verbis
519 316 751 369 memoriam
768 325 983 355 revocare=

190 372 228 410 si
242 370 336 410 bene
353 371 451 419 quid
468 371 518 410 de
535 375 571 411 te
589 373 737 420 merui-⁴,
758 371 841 419 fuit
857 376 928 411 aut
945 371 1013 411 tibi
1029 373 1237 421 quicquam

190 426 306 466 dulce
322 436 461 465 meum.

82 476 174 520 ille
163 481 333 520 invicem
354 481 481 521 dicat
512 481 651 532 quidni
668 482 890 522 merueris?
912 482 1088 522 eiectum
1106 482 1223 522 litore
1242 492 1363 532 egen-

83 541 160 576 tem
178 536 388 586 excepisti.

159 593 300 632 XXVI.
344 591 454 641 „Sed
483 592 599 642 nihil,
637 593 787 643 inquit,
825 592 1087 643 proficimus.
1124 593 1360 639 dissimulat,
1380 596 1400 631 1

81 647 227 689 oblitus
246 653 321 688 est.
358 647 455 698 quid
477 649 610 700 facere
629 649 858 688 debeam?“
896 648 1108 697 Quaeris
1137 660 1238 689 rem
1265 660 1359 688 ma—

79 704 210 744 xime
246 703 597 744 necessariam
633 705 763 746 etin
799 715 896 754 qua
930 704 1054 744 hanc
1097 705 1362 746 materiam

81 760 419 800 consummari
439 759 607 810 decet,
638 760 1055 810 quemadmodum
1077 760 1268 810 ingrati
1288 762 1360 799 fe-

40 852 43 854 ,
77 815 226 855 rendi
253 815 366 855 sint.
412 815 574 856 Placido
603 817 755 865 animo,
780 820 1012 865 mansueto,
1037 827 1196 865 magno.
1242 816 1360 855 Num·
1378 820 1399 854 2

80 881 201 920 quam
220 875 260 911 te
278 875 357 910 tam
382 871 622 914 inhumanus
642 877 682 912 et
700 873 894 912 inmemor
912 877 952 912 et
969 872 1148 921 ingratus
1169 871 1359 919 offendat,

78 928 228 1027 utgn
255 932 386 967 tamen
417 927 582 968 dedisse
609 928 792 968 delectet.
828 938 1046 977 numquam
1073 929 1113 967 in
1140 927 1214 967 has
1235 938 1360 967 voees

197 993 223 1022 a
249 983 439 1032 inpellat·
476 984 620 1023 vellem
654 995 735 1023 non
769 983 930 1023 fecisse.
978 984 1170 1023 Beneficii
1201 982 1259 1023 tui
1290 982 1361 1023 tibi

79 1039 198 1078 etiam
225 1038 436 1084 infelicitas
464 1040 634 1089 placeat.
680 1050 843 1089 semper
867 1039 978 1078 illum
1000 1039 1238 1088 poenitebit,
1268 1039 1315 1078 si
1322 1044 1362 1078 te

79 1105 130 1133 ne
149 1105 256 1135 nunc
274 1094 435 1144 quidem
455 1095 646 1149 poenitet.
684 1095 772 1134 Non
792 1099 855 1134 est
874 1095 984 1144 quod
1000 1094 1240 1144 indigneris,
1260 1099 1360 1134 tam-

80 1161 200 1199 quam
228 1150 379 1200 aliquid
407 1151 502 1191 novi
529 1151 744 1190 acciderit:
781 1150 908 1199 magis
937 1151 1072 1189 mirari
1100 1150 1294 1199 deberes,
1324 1149 1360 1189 si

78 1217 159 1245 non
188 1206 418 1246 accidisset.
441 1203 451 1209 ³
473 1206 607 1246 Alium
634 1206 775 1255 labor,
813 1206 932 1245 alium
966 1206 1139 1255 inpensa
1172 1206 1357 1254 deterret,
1376 1208 1400 1243 3

5 1306 10 1312 ,
77 1261 198 1301 alium
224 1256 458 1311 periculum.
499 1262 619 1302 alium
637 1261 768 1311 turpis
787 1261 1051 1309 verecundia,
1081 1272 1133 1300 ne
1153 1262 1248 1300 dum
1267 1261 1358 1300 red-

77 1317 135 1357 dit
160 1318 329 1358 fateatur
355 1316 578 1367 accepisse.
608 1318 728 1359 alium
748 1317 972 1367 ignorantia
992 1316 1132 1365 officii,
1160 1317 1280 1356 alium
1300 1317 1358 1366 pi—

76 1373 209 1422 gritia,
229 1373 350 1412 alium
366 1373 592 1422 occupatio.
630 1373 831 1423 Adspice,
853 1373 1191 1421 quemadmodum
1208 1373 1359 1411 inmen-

77 1439 149 1467 sae
173 1428 379 1468 hominum
407 1429 646 1478 cupiditates
673 1429 783 1468 hient
810 1438 970 1477 semper
998 1434 1038 1467 et
1057 1433 1248 1477 poscant:
1278 1438 1359 1467 non

75 1482 287 1523 miraberis
313 1483 368 1523 ibi
394 1485 592 1523 neminem
618 1484 808 1531 reddere,
838 1484 907 1523 ubi
930 1494 1048 1522 nemo
1070 1483 1168 1523 satis
1188 1484 1358 1532 accepit.

78 1539 174 1588 Quis
202 1544 266 1579 est
291 1539 457 1580 istorum
485 1545 564 1579 tam
591 1540 731 1579 firmae
757 1538 902 1579 mentis
933 1549 981 1578 ac
1005 1538 1181 1587 solidae,
1210 1547 1255 1578 ut
1273 1544 1357 1579 tuto
1378 1544 1402 1579 4

76 1594 188 1644 apud
206 1605 297 1634 eum
311 1594 508 1635 beneficia
523 1595 734 1644 deponas?
767 1595 882 1634 Alius
900 1594 1062 1634 libidine
1077 1595 1235 1643 insanit,
1255 1594 1357 1634 alius

75 1650 279 1690 abdomini
307 1651 448 1698 servit,
485 1651 587 1689 alius
615 1651 715 1690 lueri
747 1655 855 1690 totus
883 1654 963 1699 est,
999 1651 1113 1690 cuius
1150 1661 1357 1698 summam,

76 1717 157 1746 non
177 1706 263 1745 vias
283 1711 452 1755 spectat.
484 1706 586 1745 alius
604 1706 755 1745 invidia
773 1707 949 1754 laborat,
978 1707 1080 1746 alius
1096 1716 1219 1745 caeca
1234 1706 1356 1745 ambi-

75 1762 183 1800 tione
210 1767 250 1801 et
274 1760 314 1800 in
342 1761 499 1811 gladios
526 1761 720 1801 inruente.
767 1762 898 1800 Adice
921 1766 1124 1811 torporem
1145 1762 1288 1801 mentis
1310 1771 1360 1800 ac

77 1817 233 1858 senium
252 1821 292 1856 et
309 1818 509 1857 contraria
529 1817 622 1856 huic
641 1817 806 1867 inquieti
826 1818 1002 1867 pectoris
1022 1818 1278 1866 agitationem
1298 1822 1357 1856 tu-

76 1874 306 1923 multusque
325 1878 557 1922 perpetuos.
589 1873 705 1912 adice
724 1874 1038 1914 aestimationem
1058 1873 1120 1912 sui
1139 1871 1300 1912 nimiam
1319 1877 1359 1911 et

76 1934 271 1969 tumorem
301 1930 353 1969 ob
384 1939 489 1978 quae
516 1929 831 1969 contemnendus
859 1934 921 1969 est
954 1929 1205 1968 insolentem.
1254 1928 1358 1976 Quid

38 2017 49 2031 ,
77 1985 367 2025 contumaciam
384 1984 424 2024 in
444 1995 639 2034 perversa
659 1984 885 2032 nitentium,
916 1985 1011 2034 quid
1031 1984 1232 2024 levitatem
1252 1994 1356 2023 sem-

77 2051 149 2091 per
168 2042 304 2091 aliquo
323 2040 632 2080 transsilientem
653 2041 825 2089 loquar?
863 2040 952 2079 Huc
967 2040 1135 2079 accedat
1153 2040 1355 2079 temeritas
1375 2044 1397 2079 5

77 2106 275 2146 praeceps
303 2101 342 2136 et
367 2107 585 2146 numquam
612 2096 733 2135 fidele
760 2096 969 2136 consilium
989 2096 1154 2135 daturus
1183 2096 1299 2135 timor
1316 2100 1356 2134 et

76 2151 168 2191 mile
194 2162 353 2192 errores
382 2152 528 2202 quibus
555 2151 772 2191 volvimur:
802 2152 972 2191 audacia
998 2151 1353 2199 timidissimorum,

77 2205 280 2248 discordia
307 2208 705 2248 familiarissimorum
724 2213 764 2247 et
780 2207 982 2256 publicum
1002 2207 1150 2246 malum
1173 2206 1354 2246 incertis-

78 2262 188 2302 simis
202 2263 340 2313 fidere‚
360 2264 541 2303 fastidire
556 2274 764 2312 possessa,
783 2273 889 2312 quae
905 2263 1100 2312 consequi
1115 2273 1241 2312 posse
1255 2273 1353 2312 spes

77 2327 158 2357 non
180 2319 263 2358 fuit.
307 2320 413 2359 Inter
427 2319 608 2360 adfectus
623 2318 939 2369 inquietissimos
955 2329 1039 2358 rem
1053 2317 1352 2368 quietissimam,

77 2372 217 2423 fidem,
247 2376 436 2424 quaeris?
