1598 2606
239 145 252 150 -
312 124 379 164 DE
400 122 681 164 BENEFICIIS
706 123 802 162 LIB.
819 122 884 162 111.
914 127 1085 166 14—17.
1284 121 1340 164 45

70 223 267 276 magnifici
286 225 446 273 iuvare,
472 225 690 274 prodesse=
723 225 792 274 qui
818 225 886 264 dat
912 225 1110 263 beneficia
1133 225 1233 264 deos
1253 223 1339 263 imi-

66 287 188 330 tatur,
218 280 286 330 qui
305 281 466 330 repetit,
496 282 755 320 feneratores.
796 280 898 328 Quid
915 281 1027 328 illos,
1048 281 1142 319 dum
1161 280 1339 319 vindica—

67 348 174 386 mus,
200 336 239 375 in
258 337 414 390 turbam
435 336 754 376 sordidissimam
773 335 1019 384 redigimus?

144 392 247 431 XVI.
279 391 465 439 „Plurcs,
494 392 641 441 inquit,
681 392 824 441 ingrati
843 397 976 439 erunt,
1007 390 1042 430 si
1062 392 1169 430 nulla
1196 392 1338 430 adver·
1362 399 1379 434 1

32 469 40 478 ·
66 459 136 489 sus
155 447 351 497 ingratum
373 448 490 487 datur
508 448 653 488 actio.“
693 449 816 487 Immo
837 448 972 497 potius
997 447 1229 496 pauciores,
1247 447 1342 496 quia

64 504 214 544 maiore
242 504 399 542 delectu
426 503 625 543 dabuntur
651 503 860 543 beneficia.
898 503 1052 542 Deinde
1074 513 1155 542 non
1176 502 1342 551 expedit

64 565 200 600 notum
232 559 417 599 omnibus
443 559 530 598 fieri
558 570 678 608 quam
705 560 815 598 multi
839 558 983 608 ingrati
1009 557 1107 598 sint:
1143 559 1340 607 pudorem

65 617 167 655 enlm
186 615 244 653 rei
263 616 374 655 tollet
393 614 601 655 multitudo
625 615 874 665 peccantium
894 620 934 654 et
952 614 1110 653 desinet
1131 625 1226 653 esse
1245 625 1337 662 pro—

66 670 127 710 bri
147 673 236 710 loco
258 680 467 710 commune
486 671 754 710 maledictum.
790 670 990 720 Numquid
1019 669 1097 708 iam
1121 670 1201 708 ulla
1219 679 1339 718 repu-
1357 679 1380 713 2

64 727 131 767 dio
150 726 362 773 crubescit,
387 732 602 776 postquam
621 727 810 766 inlustres
826 726 1023 775 quaedam
1037 735 1088 764 ac
1104 725 1260 764 nobiles
1281 725 1336 763 se—

64 783 193 822 minae
212 793 291 821 non
311 783 520 821 consulum
539 793 725 830 numero,
747 782 823 821 scd
841 782 1072 821 maritorum
1092 791 1220 820 annos
1238 791 1340 820 suos

65 842 284 887 conputant
302 843 342 877 et
369 843 518 877 exeunt
542 837 779 878 matrimonii
800 848 944 886 causa,
974 837 1128 876 nubunt
1154 835 1340 885 repudii?

63 894 229 932 Tamdiu
248 893 350 932 istuc
368 894 579 933 timebatur
607 894 798 943 quamdiu
823 904 954 932 rarum
984 898 1088 932 erat:
1119 892 1214 941 quia
1240 902 1338 931 vero

64 950 171 988 nulla
190 948 278 988 sine
301 948 470 988 divortio
496 955 584 988 acta
607 954 718 997 sunt,
750 949 861 998 quod
881 959 1006 997 saepe
1023 948 1258 995 audiebant,
1281 948 1337 985 fa-

65 1016 157 1044 cere
177 1005 411 1044 didicerunt.
457 1005 657 1054 Numquid
676 1006 756 1043 iam
775 1005 878 1043 ullus
907 1003 1090 1043 adulterii
1110 1004 1243 1052 pudor
1265 1007 1339 1051 est,
1357 1013 1381 1047 3

64 1066 280 1110 postquam
299 1070 349 1099 eo
368 1066 530 1100 ventum
552 1065 632 1108 est,
656 1064 700 1100 ut
720 1061 827 1099 nulla
855 1059 982 1098 virum
1005 1058 1170 1106 habeat,
1200 1059 1276 1097 nisi
1297 1064 1341 1098 ut

65 1117 287 1156 adulterum
308 1116 466 1155 inritet?
487 1121 761 1165 argumentum
778 1121 841 1155 cst
855 1114 1118 1154 deformitatis
1134 1115 1339 1163 pudicitia.

65 1172 187 1220 Quam
207 1172 386 1210 invenies
405 1176 486 1210 tam
505 1173 709 1219 miseram,
739 1177 818 1210 tam
839 1171 1065 1218 sordidam,
1094 1175 1136 1209 ut
1162 1171 1216 1208 illi
1242 1170 1340 1209 satis

65 1228 114 1267 sit
132 1239 254 1267 unum
271 1227 536 1267 adulterorum
558 1238 650 1277 par,
677 1226 753 1266 nisi
776 1227 945 1275 singulis
970 1226 1105 1265 divisit
1124 1226 1274 1265 horas?
1302 1231 1342 1264 et

64 1295 143 1323 non
167 1282 315 1322 sufficit
342 1283 428 1322 dics
458 1284 661 1331 omnibus,
693 1283 769 1322 nisi
799 1283 910 1331 apud
938 1283 1058 1321 alium
1084 1286 1238 1330 gestata
1265 1286 1339 1327 est,

65 1339 169 1389 apud
189 1339 308 1378 alium
327 1338 483 1378 mansit.
520 1338 707 1378 infrunita
726 1343 767 1377 et
784 1339 950 1387 antiqua
965 1342 1046 1382 est,
1068 1348 1172 1386 quae
1187 1338 1342 1376 neseiat

65 1395 352 1434 matrimonium
383 1395 518 1433 vocari
542 1406 664 1434 unum
697 1393 945 1433 adulterium.
998 1386 1383 1441 Quemadmodum-'3

66 1451 207 1489 horum
229 1450 460 1488 delictorum
485 1451 560 1488 iarn
580 1449 743 1489 evanuit
769 1450 922 1499 pudor,
954 1454 1169 1497 postquam
1197 1459 1263 1487 res
1285 1449 1337 1486 la—

65 1506 141 1545 tius
162 1509 330 1554 evagata
348 1509 431 1552 est,
460 1505 514 1544 ita
532 1505 708 1554 ingratos
727 1506 865 1555 plures
885 1503 1041 1544 efficies
1061 1509 1100 1543 et
1125 1504 1339 1551 avidioreS,

66 1562 98 1600 si
119 1571 327 1600 numerare
345 1570 391 1598 se
411 1561 625 1609 coeperint.

145 1617 266 1655 XVfl.
305 1615 432 1663 „Quid
467 1621 591 1664 ergo?
629 1616 834 1665 inpunitus
868 1615 940 1654 erit
970 1615 1203 1663 ingratus?“
1241 1615 1343 1663 Quid
1363 1621 1381 1653 1

66 1683 180 1721 ergo,
210 1672 414 1721 inpunitus
441 1671 514 1710 erit
533 1672 695 1721 inpius?
733 1671 831 1720 quid
859 1671 1085 1719 malignus?
1123 1671 1216 1720 quid
1247 1681 1339 1710 ava-

63 1732 161 1767 rus?
198 1727 294 1777 quid
314 1727 529 1776 inpotens?
568 1728 663 1777 quid
683 1725 887 1766 crudelis?
921 1727 1106 1775 inpunita
1132 1732 1175 1766 tu
1205 1727 1339 1766 credis

67 1794 169 1831 esse,
192 1794 294 1832 quae
312 1783 440 1821 invisa
456 1788 575 1822 sunt?
594 1788 662 1822 aut
679 1784 802 1822 ullum
818 1782 1060 1831 supplicium
1076 1783 1240 1831 gravius
1257 1783 1339 1821 exi-

36 1888 38 1890 ,
67 1838 200 1878 stimas
225 1838 384 1888 publico
406 1838 528 1878 odio?
553 1839 690 1878 Poena
708 1844 793 1886 est,
815 1838 925 1886 quod
947 1848 1026 1876 non
1048 1838 1169 1877 audet
1187 1837 1237 1876 ab
1259 1839 1338 1877 ullo
1360 1845 1381 1878 2

66 1893 300 1934 beneficium
319 1893 523 1944 accipere,
547 1895 656 1943 quod
677 1905 757 1933 non
777 1894 898 1933 audet
917 1893 984 1932 ulli
1000 1894 1110 1941 dare,
1131 1894 1240 1942 quod
1257 1904 1339 1933 om—

66 1949 172 1989 nium
189 1950 420 1999 designatur
440 1950 567 1989 oculis
587 1955 655 1989 aut
674 1949 875 1998 designari
894 1959 940 1988 se
959 1949 1129 1997 iudicat,
1151 1949 1263 1998 quod
1281 1949 1341 1988 in-

66 2005 262 2045 tellectum
282 2006 456 2055 optimae
477 2006 535 2044 rei
554 2016 602 2044 ac
621 2004 879 2044 dulcissimae
900 2003 1042 2043 amisit.
1082 2005 1147 2043 An
1177 2010 1218 2044 tu
1240 2003 1339 2044 infe-

54 2059 178 2099 licem
197 2071 340 2109 vocas,
372 2062 440 2110 qui
462 2066 571 2100 caret
590 2061 678 2100 acie
702 2062 928 2107 oculorum,
959 2060 1074 2099 cuius
1094 2071 1214 2099 aures
1235 2070 1338 2099 mor-

67 2115 142 2155 bus
162 2115 376 2166 obstruxit,
405 2128 486 2156 non
504 2127 631 2156 vocas
650 2116 838 2155 miserum
859 2126 971 2162 eum,
1002 2116 1070 2164 qui
1091 2126 1255 2155 sensum
1270 2116 1335 2155 be-

69 2171 297 2211 neficiorum
318 2173 475 2212 amisit?
509 2173 650 2212 Testes
670 2171 912 2220 ingratorum
936 2171 1110 2210 omnium
1135 2171 1237 2211 deos
1257 2182 1334 2210 rne—
1356 2177 1379 2211 3

68 2227 156 2274 tuit,
181 2228 258 2267 urit
284 2229 391 2267 illum
425 2234 465 2268 et
486 2229 595 2278 angit
621 2227 830 2277 intercepti
856 2226 1042 2265 beneficii
1070 2227 1335 2267 conscientia:

71 2281 242 2332 denique
262 2284 359 2323 satis
379 2284 480 2324 haec
498 2285 589 2334 ipsa
617 2295 751 2333 poena
779 2293 924 2331 magna
953 2287 1036 2331 est,
1060 2283 1167 2332 quod
1194 2283 1271 2331 rei,
1295 2290 1339 2322 ut
