1592 2580
316 166 385 206 DE
412 163 693 205 BENEFICIIS
721 162 920 203 Lmvn.
948 167 1078 204 4—7.
1254 160 1337 203 139

55 270 146 309 illos
161 272 362 317 tamquam
380 271 521 306 auctor
540 266 636 315 sibi,
656 266 756 306 alter
773 270 976 315 tamquam
991 269 1149 314 emptor
1164 264 1336 305 adserit:

56 330 96 364 at
109 329 217 364 recte
230 323 442 372 utriusque
456 323 642 361 dicuntur
657 332 764 361 esse.
791 322 1000 371 utriusque
1015 321 1121 360 enim
1136 326 1240 369 sunt,
1262 320 1340 360 sed

56 392 137 420 non
162 380 305 419 eodem
332 379 468 418 modo.
504 378 565 417 sic
594 383 730 428 potest
755 377 798 415 T.
810 377 946 416 Livius
973 388 999 416 a
1019 377 1128 416 Doro
1150 377 1339 426 accipere

57 442 125 476 aut
149 445 282 474 emere
310 435 434 474 libros
462 445 575 473 suos.
626 433 799 473 Possum
825 432 977 472 donare
1004 433 1196 482 sapienti,
1225 431 1375 481 qu0d2

57 492 198 531 viritim
226 501 356 530 meum
377 495 458 538 est,
486 491 578 529 licet
600 489 705 528 illius
725 488 805 528 sint
823 488 968 528 omnia.
1001 499 1094 527 nam
1114 499 1205 528 cum
1223 488 1337 536 regio

55 558 167 586 more
199 551 344 586 cuncta
375 546 621 585 conscientia
654 545 887 594 possideat,
929 544 1174 593 singularum
1205 549 1339 582 autem

55 614 188 642 rerum
207 603 245 641 in
261 612 590 651 unumquemque
607 600 832 650 proprietas
848 601 899 639 sit
914 611 1077 649 sparsa,
1098 605 1138 639 et
1153 600 1340 648 accipere

56 670 202 698 munus
223 663 262 697 et
281 657 448 706 debere,
476 662 515 696 et
535 667 668 696 emere
689 662 728 696 ct
747 656 975 695 conducere
997 661 1141 706 potest.
1192 656 1340 695 Caesar
1354 666 1378 702 3

58 714 192 754 omnia
217 713 356 762 habet,
393 713 519 752 fiscus
548 713 636 752 eius
657 711 812 762 privata
831 716 983 751 tantum
1003 722 1051 750 ac
1070 722 1159 751 sua.
1195 716 1235 750 et
1251 711 1338 750 uni-

57 781 178 809 versa
196 769 235 807 in
256 769 424 818 imperio
444 767 532 807 eius
549 773 662 817 sunt,
691 767 732 806 in
755 767 992 817 patrimonio
1014 767 1190 817 propria.
1237 766 1342 815 Quid

59 826 144 865 eius
166 826 236 873 sit,
265 825 360 874 quid
379 835 461 863 non
482 824 552 870 sit,
575 824 663 863 sine
678 822 938 862 diminutione
952 823 1107 872 imperii
1124 822 1340 872 quaeritur.

58 893 148 920 nam
170 881 211 919 id
231 891 412 930 quoque,
444 880 554 929 quod
575 884 775 929 tamquam
795 879 970 918 alienum
985 878 1248 927 abiudicatur‚
1270 877 1341 917 ali-

57 942 118 977 ter
136 937 241 975 illius
263 940 337 975 est.
387 935 453 975 Sic
474 936 639 986 sapiens
658 935 849 976 universa
869 936 999 975 animo
1021 935 1226 985 possidet,
1255 934 1343 974 iure

59 1003 107 1032 ac
127 991 303 1031 dominio
324 1002 410 1030 sua.

140 1049 228 1087 Vll.
264 1048 364 1086 Bion
393 1047 515 1086 modo
546 1057 686 1086 omnes
715 1046 935 1095 sacrilegos
970 1046 1214 1096 argumentis
1248 1055 1379 1094 esse1

60 1103 226 1152 colligit,
257 1104 378 1142 modo
398 1103 609 1141 neminem.
659 1102 755 1141 Cum
771 1113 910 1141 omnes
927 1103 978 1141 de
995 1113 1096 1142 saxo
1114 1102 1343 1142 deiecturus

60 1164 142 1207 est,
172 1159 288 1197 dicit:
327 1158 504 1208 Quisquis
522 1159 583 1207 id,
614 1159 719 1207 quod
736 1159 896 1197 deorum
917 1162 990 1204 est,
1021 1161 1175 1198 sustulit
1191 1163 1228 1198 et
1241 1169 1344 1198 con-

58 1217 220 1264 sumpsit
246 1218 362 1263 atque
389 1216 430 1254 in
455 1226 567 1254 usum
585 1225 696 1253 suum
714 1215 843 1262 vertit,
875 1216 1092 1263 sacrilequs
1110 1219 1177 1253 est.
1213 1216 1345 1254 omnia

59 1275 187 1311 autem
212 1271 371 1309 deorum
389 1274 489 1309 sunt.
525 1271 630 1319 quod
649 1272 809 1319 quisque
827 1281 920 1318 erqo
940 1272 1053 1317 tollit,
1086 1271 1247 1309 deorum
1265 1272 1344 1310 tol-

59 1328 122 1374 lit,
149 1337 311 1375 quorum
337 1328 466 1366 omnia
491 1331 582 1365 sunt
595 1340 608 1364 .·
638 1337 732 1374 erqo
757 1327 930 1374 quisquis
955 1328 1051 1365 tollit
1068 1327 1238 1375 aliquid,
1269 1337 1344 1365 sa-

61 1384 231 1431 crilequs
256 1386 323 1421 est.
367 1381 542 1428 Deinde,
574 1392 662 1420 cum
692 1381 850 1429 effringi
872 1382 1021 1430 templa
1039 1386 1079 1420 et
1098 1381 1266 1430 expilari
1285 1381 1342 1419 in·
1358 1391 1382 1425 2

62 1447 170 1487 pune
191 1437 427 1486 Capitolium
446 1436 574 1484 iubet,
599 1436 694 1475 dicit
711 1439 859 1476 nullum
877 1439 1110 1485 sacrilequm
1129 1448 1223 1476 esse.
1251 1438 1344 1487 quia

62 1493 249 1542 quicquid
273 1493 462 1531 sublatum
487 1496 561 1539 est,
597 1503 650 1531 ex
680 1503 725 1531 eo
750 1494 850 1540 loco,
884 1494 954 1541 qui
978 1493 1138 1532 deorum
1164 1497 1268 1540 erat,
1302 1494 1346 1531 in

62 1559 149 1588 eum
168 1548 416 1595 ⁴transfertur
434 1550 578 1595 locum,
605 1549 674 1596 qui
692 1549 852 1587 deorum
869 1552 937 1587 est.
982 1548 1056 1586 Hic
1075 1548 1346 1597 respondetur
1359 1555 1383 1590 3

65 1603 199 1642 omnia
218 1603 380 1651 quidem
399 1603 566 1641 deorum
585 1613 696 1650 esse,
722 1604 797 1642 sed
816 1614 896 1642 non
917 1603 1049 1642 onmia
1069 1604 1131 1644 dis
1148 1604 1346 1643 dedicata.

0 1690 2 1695 .
65 1658 106 1698 in
139 1658 202 1697 his
230 1658 437 1697 observari
469 1658 746 1707 sacrilegium,
783 1669 888 1708 quae
918 1659 1058 1708 religio
1092 1659 1243 1698 numini
1276 1659 1347 1698 ad-

0 1734 1 1741 *
66 1713 240 1764 scripsit.
279 1713 338 1753 sic
357 1719 396 1752 et
418 1718 542 1753 totum
569 1714 760 1752 mundum
779 1715 946 1753 deorum
966 1725 1060 1754 csse
1079 1715 1348 1755 inmortalium

0 1793 2 1819 l
65 1770 275 1819 templum,
306 1770 436 1808 solum
461 1769 622 1818 quidem
643 1770 901 1818 amplitudine
921 1770 1079 1809 illorum
1099 1781 1146 1810 ac
1166 1771 1348 1820 magnifi-

0 1823 1 1848 ἦ
68 1826 196 1864 centia
215 1826 397 1874 dignum,
430 1830 468 1863 et
485 1829 615 1864 tamen
636 1836 659 1864 a
678 1826 804 1864 sacris
826 1827 994 1875 profana
1014 1827 1187 1865 discerni
1208 1832 1248 1867 et
1266 1837 1349 1866 non

68 1879 202 1920 omnia
226 1881 347 1919 licere
374 1881 414 1919 in
441 1882 607 1929 angulo,
642 1881 706 1919 cui
733 1882 813 1920 sani
846 1892 992 1920 nomen
1025 1881 1245 1931 inpositum
1273 1888 1348 1930 est,

36 1952 38 1954 >
70 1946 175 1985 quae
206 1937 283 1975 sub
311 1936 424 1976 coelo
453 1942 492 1975 et
518 1941 740 1985 conspectu
773 1936 950 1976 siderum
982 1938 1113 1976 licent.
1161 1938 1350 1977 Iniuriam

71 1990 290 2040 sacrilegus
319 1993 396 2030 deo
428 1992 588 2040 quidem
617 2003 696 2031 non
726 1997 860 2041 potest
892 1993 1044 2040 facere,
1083 2003 1203 2042 quem
1234 1998 1352 2033 extra

69 2045 191 2085 ictum
217 2058 292 2086 sua
318 2047 504 2086 divinitas
534 2047 687 2095 posuit,
717 2047 792 2086 sed
820 2048 1000 2096 punitur,
1031 2049 1126 2098 quia
1146 2053 1351 2098 tamquam

71 2101 150 2140 deo
176 2102 295 2141 fecit:
334 2103 469 2152 opinio
497 2101 604 2140 illum
633 2107 773 2142 nostra
804 2114 852 2142 ac
887 2113 962 2142 sua
996 2104 1146 2153 obligat
1178 2115 1350 2154 poenae.

72 2155 281 2204 Quomodo
310 2168 406 2207 ergo
427 2158 648 2206 sacrilegus
668 2157 846 2207 videtur,
875 2159 943 2208 qui
962 2159 1114 2208 aliquid
1134 2161 1263 2200 aufert
1285 2170 1350 2199 sa·
1367 2166 1391 2202 4

73 2211 151 2260 cri,
176 2211 330 2251 etiamsi
351 2224 606 2262 quocumque
628 2214 840 2259 transtulit,
871 2214 983 2263 quod
1002 2214 1266 2264 subripuerat,
1290 2215 1350 2255 in-

72 2270 135 2305 tra
151 2267 341 2307 terminos
360 2273 422 2307 est
436 2268 591 2307 mundi:
623 2269 682 2307 sic
697 2273 737 2308 et
752 2268 923 2317 sapienti
939 2270 1086 2309 furtum
1102 2275 1235 2319 potest
1248 2270 1350 2310 fieri.

75 2321 276 2361 auferetur
296 2323 398 2362 enim
422 2323 478 2362 illi
497 2335 577 2363 non
597 2334 648 2363 ex
666 2324 749 2372 his,
781 2335 885 2373 quae
903 2323 1093 2364 universa
1110 2325 1250 2374 habet,
1276 2327 1352 2366 sed

77 2385 128 2416 ex
155 2375 238 2425 his,
276 2377 422 2427 quibus
450 2378 636 2420 dominus
666 2379 882 2430 inscriptus
911 2384 992 2431 est,
1023 2391 1126 2431 quae
1151 2382 1295 2423 viritim
1313 2382 1352 2422 ei
