1592 2580
304 194 381 236 118
669 194 712 232 L.
739 194 928 233 ANNAEI
956 193 1180 234 SENECAE

270 301 285 332 1.
382 293 519 331 XVIII.
552 291 687 331 Platon
707 302 795 330 cum
815 292 960 331 flumen
978 303 1080 331 nave
1100 293 1306 332 transisset
1323 303 1397 332 nec
1415 293 1464 332 ab
1486 293 1551 334 illo

305 347 516 396 quicquain
545 347 709 395 portitor
728 348 947 395 exegisset,
973 347 1113 386 honori
1131 348 1206 386 hoc
1224 359 1296 387 suo
1317 349 1448 387 datum
1469 360 1551 388 cre-

304 403 402 442 dens
423 403 521 441 dixit
539 402 711 451 positum
730 402 782 440 illi
797 412 888 440 esse
904 402 1009 450 apud
1018 402 1213 441 Platonem
1231 403 1415 441 officium.
1444 403 1552 442 dein-

303 458 354 496 de
374 458 490 506 paulo
509 462 620 506 post,
642 467 730 495 cum
746 457 862 495 alium
877 462 994 505 atque
1008 457 1124 495 alium
1139 458 1259 504 gratis
1275 457 1412 496 eadem
1427 462 1554 497 trans-

301 512 464 551 veheret
489 512 714 559 sedulitate,
744 512 902 559 negavit
925 511 979 550 illi
1006 512 1082 550 iam
1100 512 1206 560 apud
1223 512 1424 551 Platonem
1445 512 1553 561 posi-

265 572 286 605 2
302 572 382 606 tum
411 567 596 605 officium.
643 567 740 604 Nam
766 570 810 604 ut
835 565 903 605 tibi
930 566 1094 605 debeam
1114 565 1261 615 aliquid
1284 577 1354 615 pro
1375 578 1423 606 eo
1445 568 1553 615 quod

302 627 482 670 praestas
493 651 503 669 ,
523 621 646 660 debes
667 632 744 660 non
758 626 907 660 tantum
922 620 1014 659 mihi
1027 625 1247 669 praestare,
1268 622 1341 659 sed
1354 625 1553 670 tamquam

301 677 411 718 mihi:
440 687 521 715 non
541 681 657 724 potes
678 676 728 715 ob
750 676 790 714 id
812 687 1047 725 quemquam
1066 676 1285 724 adpellare,
1314 676 1420 723 quod
1441 687 1552 724 spar-

300 731 359 779 gis
379 731 420 769 in
439 732 643 779 populum.
690 729 792 779 Quid
806 735 927 779 ergo?
953 730 1046 769 nihil
1059 730 1127 770 tibi
1144 730 1348 769 debebitur
1365 741 1435 778 pro
1450 730 1554 770 hoc?

300 791 499 834 tamquam
525 786 575 824 ab
603 795 681 825 uno
709 786 816 824 nihil.
855 796 943 825 cum
962 785 1144 825 omnibus
1164 786 1315 824 solvam
1335 785 1442 834 quod
1465 795 1554 824 cum

303 841 484 879 omnibus
507 841 648 880 debeo.

265 902 284 934 1
381 895 479 934 XIX.
509 896 664 944 „Negas
675 926 685 943 ,
696 896 848 944 «inquit,
868 896 989 934 ullum
1004 894 1099 933 dare
1114 894 1347 933 beneficium
1362 905 1461 941 eum,
1484 894 1552 942 qui

300 961 363 988 me
389 951 558 999 gratuita
578 961 678 989 nave
700 961 772 1000 per
789 950 934 988 flumen
951 950 1099 988 Padum
1119 951 1260 988 tulit2“
1305 950 1426 997 Nego.
1472 948 1553 986 Ali-

303 1007 396 1055 quid
417 1006 512 1045 boni
529 1006 639 1052 facit,
661 1005 893 1044 beneficium
907 1016 987 1044 non
1002 1005 1087 1042 dat:
1118 1003 1210 1042 facit
1224 1004 1327 1042 enim
1343 1014 1417 1043 sua
1431 1013 1555 1042 causa

301 1066 368 1099 aut
386 1062 520 1109 utique
539 1071 617 1099 non
638 1071 738 1098 mea,
766 1060 817 1098 ad
836 1069 1026 1098 summam
1043 1068 1093 1096 ne
1111 1060 1200 1106 ipsc
1220 1059 1378 1107 quidem
1398 1068 1442 1095 se
1461 1057 1554 1095 mihi

300 1115 537 1154 beneficium
562 1115 710 1153 iudicat
726 1115 840 1161 dare,
871 1115 943 1152 sed
961 1118 1028 1153 aut
1045 1113 1285 1161 reipublicae
1304 1118 1370 1152 aut
1389 1112 1555 1150 viciniae

301 1175 369 1208 aut
395 1169 595 1208 ambitioni
623 1179 719 1208 suae
745 1173 920 1216 praestat
946 1174 985 1207 et
1017 1178 1089 1216 pro
1115 1167 1191 1205 hoc
1219 1168 1325 1205 aliud
1354 1166 1555 1215 quoddam

303 1224 554 1263 commodum
583 1228 789 1272 exspectat
817 1233 933 1270 quam
961 1222 1069 1271 quod
1096 1232 1118 1260 a
1138 1222 1302 1269 siugulis
1322 1228 1553 1268 recepturus

265 1286 286 1319 2
303 1283 375 1317 est.
423 1278 550 1327 „Quid
577 1282 699 1326 ergo?
733 1277 878 1325 inquit,
914 1277 948 1315 si
974 1277 1159 1325 princeps
1187 1276 1381 1315 civitatem
1401 1275 1555 1314 dederit

304 1333 485 1372 omnibus
514 1332 654 1380 Gallis,
683 1332 717 1371 si
745 1330 1012 1370 inmunitatem
1038 1329 1244 1378 Hispanis,
1272 1330 1368 1369 nihil
1387 1330 1464 1368 hoc
1482 1339 1552 1368 no-

303 1388 408 1426 mine
427 1387 570 1435 singuli
590 1387 846 1425 debebunt2“
894 1385 1033 1432 Quidni
1049 1385 1245 1423 debeant?
1274 1385 1471 1423 debebunt
1485 1394 1552 1422 au-

303 1448 382 1481 tem
409 1453 490 1482 non
517 1447 716 1490 tamquam
742 1440 945 1489 proprium
972 1439 1225 1486 beneficium,
1260 1439 1333 1477 sed
1359 1443 1553 1487 tamquam

266 1501 288 1535 3
304 1497 450 1544 publici
465 1501 628 1544 partem.
665 1495 863 1543 „Nullam,
881 1494 1021 1542 inquit,
1043 1493 1177 1532 habuit
1192 1493 1464 1541 cogitationem
1480 1493 1555 1531 mei

302 1551 369 1591 illo
389 1556 577 1599 tempore,
599 1561 675 1599 quo
695 1549 891 1588 universis
914 1548 1110 1596 proderat.
1140 1547 1264 1586 noluit
1284 1548 1376 1586 mihi
1396 1547 1556 1596 proprie

305 1607 500 1645 civitatem
530 1606 626 1643 dare
652 1614 725 1642 nec
750 1603 790 1642 in
817 1613 879 1641 me
905 1603 1047 1641 direxit
1073 1602 1253 1641 animum.
1295 1603 1348 1640 ita
1368 1611 1490 1650 quare
1518 1601 1554 1640 ei

304 1661 490 1707 debeam,
519 1660 584 1708 qui
612 1669 675 1697 me
701 1658 776 1697 sibi
795 1669 873 1697 non
894 1657 1111 1703 substituit,
1141 1667 1230 1695 cum
1250 1657 1423 1695 facturus
1447 1659 1555 1694 esset

266 1721 289 1752 4
305 1715 413 1764 quod
427 1715 576 1753 fecit?“
605 1713 783 1759 Primum,
802 1723 891 1751 cum
907 1712 1089 1760 cogitavit
1105 1711 1223 1750 Gallis
1240 1711 1420 1749 omnibus
1436 1710 1553 1758 prod-

304 1780 414 1816 esse,
441 1773 480 1807 et
496 1768 588 1806 mihi
608 1768 793 1815 cogitavit
810 1767 1024 1815 prodesse:
1053 1776 1157 1804 eram
1179 1765 1280 1804 enim
1295 1766 1427 1804 Gallus
1443 1769 1480 1802 et
1492 1774 1555 1802 me

304 1823 458 1864 etiamsi
475 1834 553 1861 non
570 1833 668 1870 mea,
690 1822 848 1870 publica
860 1826 988 1860 tamen
1005 1826 1097 1860 nota
1112 1819 1408 1868 conprehendit.
1438 1818 1553 1857 Dein-

305 1880 356 1918 de
382 1888 455 1926 ego
477 1887 636 1926 quoque
665 1877 817 1915 illinon
837 1881 1033 1923 tamquam
1054 1875 1254 1923 proprium
1275 1874 1448 1918 debebo,
1481 1872 1553 1910 sed

304 1939 501 1981 tamquam
525 1941 732 1971 commune
750 1941 905 1970 munus.
947 1933 1072 1977 [unus]
1094 1940 1144 1967 ex
1163 1929 1329 1977 populo,
1359 1938 1436 1965 non
1458 1931 1554 1964 tam-

306 1998 423 2036 quam
443 1998 515 2035 pro
534 1997 596 2025 me
616 1987 787 2033 solvam,
817 1985 890 2024 sed
903 1989 1100 2033 tamquam
1116 1994 1186 2031 pro
1202 1982 1327 2031 patria
1341 1981 1553 2020 conferam.

269 2049 289 2081 5
306 2042 348 2080 Si
376 2043 465 2090 quis
493 2041 643 2090 patriae
655 2050 780 2078 -meae
808 2039 1015 2088 pecuniam
1042 2039 1192 2084 credat,
1229 2048 1307 2076 non
1336 2036 1464 2074 dicam
1492 2045 1554 2075 me

306 2097 409 2135 illius
430 2096 664 2142 debitorem,
688 2105 761 2134 nec
778 2094 854 2133 hoc
871 2104 939 2132 aes
959 2092 1126 2132 alienum
1145 2091 1361 2140 profitebor
1380 2095 1446 2128 aut
1463 2099 1554 2128 can-

307 2152 464 2190 didatus
483 2155 550 2190 aut
567 2160 672 2188 reus.
714 2149 766 2187 ad
786 2148 1072 2187 exsolvendum
1090 2151 1216 2185 tamen
1238 2145 1314 2184 hoc
1333 2144 1554 2194 portionem

307 2216 434 2244 meam
460 2205 589 2245 dabo:
627 2204 685 2243 sic
712 2204 825 2243 istIus
849 2203 1040 2248 muneris,
1077 2200 1183 2248 quod
1209 2200 1403 2239 un1versis
1429 2199 1553 2246 datur,

308 2259 522 2298 debitorem
551 2269 614 2297 me
647 2268 768 2306 nego,
802 2257 894 2306 quia
917 2256 1010 2296 mihi
1036 2255 1194 2303 quidem
1219 2254 1345 2302 dedit,
1376 2253 1449 2292 sed
1473 2263 1554 2291 non

308 2319 469 2362 propter
486 2323 567 2362 me,
590 2318 629 2353 et
647 2312 739 2351 mihi
759 2311 937 2361 quidem,
966 2309 1039 2349 sed
1057 2309 1239 2349 nesciens
1259 2319 1306 2348 an
1323 2307 1416 2348 mihi
1431 2307 1552 2347 daret.
