1592 2580
345 186 530 225 NATUR.
553 185 766 235 QUAEST.
796 186 890 225 LlB.
912 186 941 224 Ι.
971 193 1004 226 1.
1244 185 1322 226 161

41 294 170 328 actum
196 292 270 328 est.
318 298 393 326 nec
422 286 646 327 Germanici
680 298 787 327 mors
817 287 905 326 sine
933 288 1232 327 denuntiatione
1257 288 1323 326 tali

41 345 125 384 fuit.
170 343 291 383 Dices
311 344 426 382 mihiz
456 354 580 392 „ergo
602 349 645 383 tu
662 343 702 382 in
725 344 845 383 tantis
863 343 1068 383 erroribus
1089 354 1156 390 es,
1183 349 1228 383 ut
1241 343 1323 382 exi·
1339 348 1364 382 4

41 401 177 440 stimes
205 399 306 438 deos
335 400 519 438 mortium
546 401 662 448 signa
691 399 943 449 praemittere
969 405 1010 438 et
1035 401 1253 450 quicquam
1285 399 1324 437 in

40 456 156 496 terris
182 466 277 495 esse
306 460 384 494 tam
414 466 621 504 magnum,
652 456 761 504 quod
790 455 923 504 perire
956 456 1130 495 mundus
1163 456 1324 494 sciat9“

39 511 124 551 Erit
136 511 247 551 aliud
267 511 383 551 istius
403 513 460 549 rei
482 517 652 561 tempus.
684 511 908 550 videbimus
928 522 986 550 an>
999 522 1133 550 rerum
1150 510 1324 550 omnium

17 572 173 613 ·ccrtus
194 568 294 607 ordo
315 567 486 606 ducatur
506 572 546 605 et
564 567 642 606 alia
660 567 749 606 aliis
769 568 824 606 ita
841 567 1006 617 inplexa
1024 568 1123 615 sint,
1153 572 1195 606 ut
1215 565 1324 615 quod

39 624 257 670 antecedit,
286 628 355 662 aut
374 633 499 662 causa
518 624 568 662 sit
590 622 844 672 sequentium
865 628 933 662 aut
950 623 1122 672 signum.
1171 621 1323 661 videbi-

38 690 129 718 mus
143 690 194 717 an
210 679 273 718 dis
291 679 465 718 humana
481 689 602 718 curae
618 680 709 726 sint,
722 690 774 717 an
792 679 920 717 series
937 680 1038 728 ipsa,
1057 679 1155 729 quid
1170 679 1326 717 factura

39 735 109 782 sit,
148 735 268 774 certis
295 746 427 774 rerum
454 735 559 774 notis
595 734 767 774 nuntiet:
806 735 961 774 interim
995 736 1089 774 illud
1124 734 1321 780 existimo,
1339 737 1360 768 5

40 791 236 830 eiusmodi
257 792 371 839 ignes
393 791 589 830 exsistere
609 793 703 830 aere
721 790 998 830 vehementius
1019 792 1128 836 trito,
1160 802 1250 829 cum
1267 790 1322 828 in-

41 847 200 886 clinatio
220 847 306 886 eius
328 847 366 894 in
387 847 549 886 alteram
572 852 724 896 partem
744 848 850 886 facta
864 851 980 886 estet
995 858 1075 886 non
1092 846 1228 893 cessit,
1250 846 1324 884 sed

40 902 141 942 intra
167 913 213 941 se
241 903 445 952 pugnavit.
483 912 533 941 ex
560 903 636 941 hac
664 902 878 942 vexatione
899 908 1121 942 nascuntur
1148 901 1324 941 trabes

40 963 80 997 et
106 959 246 1007 globi
275 963 314 996 et
343 959 485 997 faces
515 962 556 997 et
579 959 806 997 ardores.
836 962 980 998 atcum
996 958 1126 997 levius
1144 956 1324 997 conlisus

41 1020 98 1061 et,
130 1019 172 1054 ut
197 1015 251 1053 ita
277 1013 427 1062 dicam,
456 1014 594 1053 frictus
618 1019 698 1061 est,
728 1014 884 1052 minora
902 1015 1052 1053 lumina
1069 1014 1325 1053 excutiuntur

238 1072 462 1119 crinemque
478 1072 650 1109 volantia
667 1070 802 1109 sidera
821 1070 981 1109 ducunt.

40 1126 148 1165 Tunc
174 1126 288 1174 ignes
314 1125 537 1165 tenuissimi
562 1125 639 1164 iter
664 1125 768 1164 exile
796 1125 1011 1174 designant
1029 1131 1068 1164 et
1094 1126 1209 1165 coelo
1232 1135 1322 1174 pro-
1339 1128 1361 1162 6

41 1182 202 1221 ducunt.
243 1182 336 1221 ideo
364 1182 471 1220 nulla
498 1181 585 1220 sine
612 1181 843 1220 huiusmodi
871 1182 1116 1230 spectaculis
1146 1192 1227 1220 nox
1248 1186 1323 1219 est.

40 1248 119 1276 non
149 1237 252 1276 enim
281 1239 386 1286 op'us
414 1242 476 1276 est
499 1238 551 1276 ad
578 1236 792 1275 efficienda
811 1237 887 1276 ista
906 1247 1052 1286 magno
1073 1237 1179 1276 aeris
1199 1243 1322 1276 motu.

39 1292 232 1342 denique,
251 1299 296 1333 ut
313 1293 485 1331 breviter
503 1292 655 1339 dicam,
676 1292 819 1331 eadem
837 1293 993 1332 ratione
1012 1293 1112 1332 fiunt
1132 1293 1219 1341 ista,
1241 1303 1323 1342 qua

40 1349 222 1394 fulmina,
253 1349 328 1388 sed
355 1348 395 1387 vi
420 1349 587 1388 minore.
627 1349 966 1397 quemadmodum
992 1349 1121 1388 nubes
1143 1349 1323 1388 conlisae

39 1404 292 1444 mediocriter
318 1404 608 1453 fulgurationes
637 1404 833 1452 efficiunt,
863 1404 1014 1444 maiore
1034 1405 1172 1453 inpetu
1190 1404 1322 1453 inpul-

41 1470 112 1499 sae
131 1460 315 1508 fulmina,
345 1460 403 1498 sic
426 1464 575 1509 quanto
600 1460 688 1499 illas
707 1460 839 1499 minus
860 1460 1060 1509 presseris
1079 1460 1320 1507 minoresve,

39 1521 147 1555 tanto
167 1515 319 1554 leviora
338 1515 503 1554 fulmina
521 1516 711 1554 emittunt.
754 1516 992 1555 Aristoteles
1006 1517 1199 1555 rationem
1216 1516 1321 1555 eius·
1337 1521 1357 1557 7

40 1571 148 1610 modi
175 1570 330 1609 reddit:
368 1571 516 1618 „Varia
543 1577 583 1610 et
616 1571 737 1610 multa
765 1576 958 1610 terrarum
989 1572 1100 1611 orbis
1127 1573 1321 1620 exspirat,

40 1626 239 1676 quaedam
267 1625 452 1672 humida,
492 1626 691 1675 quaedam
724 1627 858 1675 sicca,
904 1628 1101 1676 quaedam
1135 1629 1320 1676 algentia,

41 1682 238 1732 quaedam
261 1682 536 1731 concipiendis
557 1681 714 1731 ignibus
738 1683 924 1721 idonea.“
973 1683 1057 1721 Nec
1083 1684 1224 1722 mirum
1245 1688 1320 1727 est,

40 1740 73 1778 si
102 1743 232 1777 terrae
261 1737 390 1776 omnis
418 1739 576 1787 generis
603 1742 643 1777 et
671 1739 780 1776 varia
801 1738 1035 1786 evaporatio
1055 1744 1135 1786 est,
1168 1750 1257 1778 cum
1279 1740 1319 1776 in

39 1795 154 1834 coelo
176 1804 340 1842 quoque
359 1804 438 1832 non
460 1804 567 1832 unus
586 1793 781 1843 adpareat
799 1795 911 1833 color
925 1804 1076 1842 rerum,
1099 1795 1170 1834 sed
1188 1794 1321 1833 acrior

39 1852 90 1890 sit
109 1850 322 1889 Caniculae
341 1850 484 1897 rubor,
513 1849 650 1888 Martis
669 1848 893 1897 remissior,
922 1849 1030 1889 Iovis
1050 1852 1184 1889 nullus
1202 1851 1241 1888 in
1261 1851 1318 1888 lu—

40 1917 126 1947 cem
157 1916 294 1955 puram
316 1905 445 1944 nitore
465 1905 674 1954 perducto.
721 1905 900 1944 Necesse
919 1910 982 1944 est
1000 1916 1096 1955 ergo
1116 1906 1155 1944 in
1174 1916 1319 1954 magna
1333 1915 1356 1949 8

40 1962 159 2011 copia
178 1962 532 2010 corpusculorum,
563 1970 667 2009 quae
684 1965 815 1999 terrae
835 1961 1004 2000 eiectant
1023 1966 1062 2000 et
1077 1962 1115 2000 in
1133 1962 1316 2011 superio—

39 2029 122 2056 rem
150 2023 271 2066 agunt
298 2022 471 2066 partem,
498 2016 634 2065 aliqua
661 2016 699 2054 in
728 2016 855 2054 nubes
887 2017 1099 2065 pervenire
1131 2017 1319 2057 alimenta

41 2073 211 2121 ignium,
246 2084 350 2122 quae
382 2083 462 2111 non
496 2077 646 2110 tantum
668 2071 822 2111 conlisa
854 2073 1012 2121 possint
1038 2073 1201 2122 ardere,
1242 2074 1318 2112 sed

43 2129 161 2168 etiam
181 2128 328 2169 adflata
345 2128 469 2167 radiis
490 2129 602 2167 solis.
632 2138 723 2166 nam
739 2127 851 2176 apud
869 2138 945 2168 nos
962 2139 1126 2178 quoque
1139 2135 1318 2168 ramenta

44 2184 234 2237 sulphure
252 2185 450 2234 adspersa
464 2184 595 2233 ignem
612 2193 663 2222 ex
678 2182 887 2222 intervallo
901 2184 1072 2224 trahunt.
1109 2185 1205 2223 Veri
1220 2195 1315 2233 ergo
1331 2190 1354 2225 9

44 2238 171 2279 simile
190 2246 252 2280 est
264 2242 385 2280 talem
403 2240 604 2279 materiam
627 2239 729 2278 inter
749 2238 878 2278 nubes
897 2245 1180 2289 congregatam
1198 2242 1315 2281 facile

45 2295 235 2334 succendi
263 2302 302 2334 et
331 2297 506 2336 minores
537 2295 763 2334 maioresve
796 2294 910 2343 ignes
944 2296 1159 2346 exsistere,
1197 2304 1317 2346 prout.

44 2352 136 2400 plus
163 2351 240 2390 illis
265 2352 335 2391 fuit
362 2356 430 2392 aut
449 2352 579 2392 minus
601 2351 753 2391 virium.
798 2351 897 2391 Illud
918 2351 1022 2392 enim
1041 2352 1315 2393 stultissimum

100 2419 231 2445 sermea
249 2420 337 2446 mm..
361 2411 403 2447 Π.
1055 2414 1096 2448 11
