1624 2626
320 185 374 227 38
699 186 742 224 L.
768 186 955 224 ANNAEI
984 186 1207 226 SENECAE

283 291 303 323 5
319 287 542 333 voluptates
565 284 928 332 intemperantiores
956 283 1114 323 homine
1135 289 1237 324 sunt.
1283 285 1367 324 Non
1390 290 1450 324 est
1472 287 1580 335 quod

320 341 460 378 credas
479 340 533 378 illi
554 340 620 388 qui
640 339 752 377 dicit.

480 405 556 433 non
576 405 673 442 aper
694 395 815 432 irasci
830 395 1012 441 meminit,
1032 405 1107 433 non.
1120 395 1245 441 sidere
1262 406 1379 433 cursu

481 450 595 487 cestva
612 460 683 486 nec
705 450 886 486 armentis
903 450 1102 487 incurrere
1117 450 1281 496 fortibus
1301 451 1395 487 ursi.

318 501 436 540 irasci
470 503 563 541 dicit
593 501 762 550 incitari,
792 502 954 550 inpingi.
1010 503 1127 541 irasci
1158 504 1315 551 quidem
1342 514 1420 541 non
1453 501 1578 551 magis

282 556 447 595 6sciunt
468 568 584 604 quam
605 557 823 604 ignoscere.
873 556 979 595 Muta
1005 558 1186 595 animalia
1213 557 1394 596 humanis
1419 557 1580 595 adfecti-

319 611 391 649 bus
414 617 565 659 carent,
586 610 730 649 habent
750 617 877 649 autem
899 611 1046 649 similes
1069 611 1145 650 illis
1166 613 1360 659 quosdam
1379 610 1578 660 inpulsus:

318 664 494 714 alioquin
516 666 550 704 si
573 676 683 704 amor
701 666 740 703 in
759 665 834 703 illis
855 671 981 712 esset,
1011 670 1050 703 et
1069 667 1199 704 odium
1220 671 1339 704 essen
1386 666 1421 704 si
1447 666 1578 703 amici-

316 720 388 766 tia,
417 726 455 759 et
473 721 663 758 simultas.
705 720 739 758 si
760 720 976 766 dissensio,
1007 725 1044 758 et
1064 722 1295 759 concordia:
1324 731 1490 768 quorum
1511 719 1579 757 ali-

319 785 398 822 qua
418 775 456 812 in
476 774 551 812 illis
573 784 733 822 quoque
753 780 910 812 exstant
929 775 1111 822 vestigia,
1133 780 1301 813 ceterum
1322 775 1581 813 humanorum

281 833 300 867 7
317 834 521 876 pectorum
543 829 704 876 propria
723 828 828 866 bona
850 829 1032 875 malaque
1057 835 1158 868 sunt.
1201 830 1302 867 Nulli
1329 829 1404 867 nisi
1434 829 1581 868 homini

318 893 513 921 concessa
534 884 740 931 prudentia
763 888 843 931 est,
864 883 1128 931 providentia,
1152 883 1360 931 diligentia,
1385 884 1580 931 cogitatio.

317 947 391 974 nec
414 941 564 975 tantum
583 937 790 976 virtutibus
812 938 991 975 humanis
1011 938 1210 984 animalia,
1241 939 1312 976 sed
1342 938 1455 976 etiam
1474 937 1579 976 vitiis

318 991 515 1038 prohibita
536 996 638 1029 sunt.
680 992 777 1029 Tota
804 993 957 1031 illorum
985 997 1028 1030 ut
1046 997 1156 1030 extra
1175 993 1227 1030 ita
1245 992 1345 1030 intra
1365 993 1489 1030 forma
1509 991 1581 1030 hu-

317 1055 456 1082 manae
480 1045 681 1083 dissimilis
703 1050 781 1083 est:
813 1047 978 1094 [regium
1007 1051 1068 1085 est
1094 1047 1190 1084 illud
1217 1050 1255 1084 et
1274 1047 1491 1094 principale
1511 1047 1580 1084 ali-

316 1104 376 1137 ter
397 1099 570 1146 dictum]
614 1104 656 1138 ut
678 1111 758 1138 vox
779 1105 841 1139 est
862 1101 1042 1148 quidem,
1072 1101 1142 1138 sed
1164 1111 1242 1139 non
1264 1101 1523 1149 explanabilis
1544 1105 1582 1138 et

318 1154 544 1201 pertuibata
563 1159 601 1192 et
619 1155 829 1192 verborum
850 1154 1046 1192 inefficax.
1084 1159 1126 1192 ut
1145 1155 1288 1202 lingua,
1311 1156 1379 1193 sed
1402 1155 1583 1193 devincta

319 1218 392 1245 nec
416 1208 453 1245 in
474 1212 604 1246 motus
625 1210 757 1247 varIos
787 1210 934 1247 soluta·
967 1209 1019 1246 ita
1041 1207 1171 1263 ipsum
1198 1210 1362 1257 princip
1355 1211 1414 1247 tle
1442 1220 1582 1257 parum

319 1262 473 1309 subtile,
494 1273 630 1310 parum
653 1267 845 1301 exactum.
898 1263 1001 1311 capit
1024 1274 1117 1311 ergo
1136 1264 1247 1301 visus
1267 1264 1505 1311 speciesque
1520 1273 1581 1300 re·

317 1327 404 1354 rum
434 1317 576 1364 quibus
604 1318 654 1354 ad
683 1317 840 1366 inpetus
862 1322 1068 1364 evocetur,
1099 1319 1171 1356 sed
1190 1318 1366 1356 turbidas
1388 1323 1425 1355 et
1445 1319 1580 1355 consu-

281 1376 398 1410 SSas.
450 1381 500 1408 ex
520 1381 567 1410 eo
598 1382 815 1419 procursus
846 1372 993 1410 illorum
1023 1373 1289 1419 tumultusque
1325 1372 1580 1410 vehementes

320 1429 422 1471 sunt,
444 1430 570 1464 metus
591 1430 720 1464 autem
740 1426 1105 1474 sollicitudinesque
1126 1431 1163 1465 et
1185 1427 1337 1465 tristitia
1361 1431 1400 1465 et
1420 1426 1478 1464 ira
1501 1437 1581 1464 non

321 1484 422 1526 sunt,
449 1480 522 1518 sed
537 1480 598 1518 his
616 1481 812 1528 quaedam
827 1480 987 1518 similia:
1008 1479 1098 1519 ideo
1116 1482 1192 1519 cito
1213 1482 1356 1519 cadunt
1377 1485 1415 1518 et
1431 1485 1580 1518 mutan-

319 1538 382 1571 tur
410 1534 450 1571 in
474 1536 710 1573 contrarium
744 1540 782 1573 et
812 1546 899 1573 curn
934 1535 1122 1573 acerrime
1155 1535 1380 1574 saevierunt
1410 1545 1581 1583 expave—

319 1593 500 1637 runtque,
525 1594 742 1637 pascuntur
761 1594 798 1628 et
817 1599 867 1627 ex
886 1590 1041 1627 fremitu
1056 1590 1320 1638 discursuque
1335 1599 1485 1629 vesano
1502 1594 1579 1628 sta-

320 1643 389 1681 tim
410 1643 523 1691 quies
544 1654 747 1692 soporque
768 1643 957 1692 sequitur.

285 1701 301 1733 1
399 1697 466 1735 IV.
507 1697 630 1744 Quid
650 1699 878 1736 essetira
897 1697 1023 1736 satis
1047 1698 1347 1746 explicitum
1368 1702 1453 1736 est.
1486 1709 1579 1746 quo

323 1750 479 1790 distet
499 1753 556 1790 ab
576 1753 841 1790 iracundia
861 1753 951 1800 adp
967 1757 1091 1790 aret:
1114 1763 1192 1801 quo
1209 1753 1339 1790 ebrius
1355 1752 1404 1789 ab
1421 1752 1580 1791 ebrioso

321 1810 360 1843 et
380 1806 519 1845 timens
542 1817 566 1844 a
583 1806 731 1845 timido.
760 1808 883 1845 Iratus
906 1811 1035 1855 potest
1053 1819 1130 1845 non
1147 1817 1236 1845 esse
1255 1807 1485 1845 iracundus:
1507 1807 1576 1845 ira-

283 1861 473 1898 2cundus
503 1865 611 1907 [non]
639 1866 772 1909 potest
799 1862 1009 1909 aliquando
1038 1862 1160 1900 iratus
1188 1872 1265 1900 non
1287 1871 1389 1899 esse.
1445 1861 1578 1899 Cetera

324 1925 426 1961 quae
460 1915 636 1963 pluribus
665 1917 772 1963 apud
802 1916 974 1954 Graecos
1003 1917 1224 1955 nominibus
1246 1916 1284 1953 in
1307 1916 1462 1963 species
1483 1915 1580 1954 iram

323 1968 583 2018 distinguunt,
618 1970 710 2018 quia
742 1971 848 2018 apud
877 1982 952 2009 nos
987 1971 1178 2009 vocabula
1210 1980 1281 2007 sua
1312 1981 1391 2008 non
1424 1970 1579 2017 habent,

321 2024 562 2072 praeteribo,
595 2025 745 2063 etiamsi
779 2036 953 2063 amarum
992 2035 1066 2063 nos
1102 2024 1365 2072 acerbumque
1401 2024 1579 2072 dicimus,
1623 2058 1624 2062 ,

322 2086 396 2114 nec
414 2077 542 2116 minus
562 2080 868 2141 stomachosum,
888 2080 1100 2126 rabiosum,
1122 2079 1347 2126 clamosum,
1368 2077 1578 2126 difficilem,
1623 2084 1624 2104 ³

325 2141 520 2180 asperum,
545 2144 645 2180 quae
670 2134 798 2172 omnia
818 2135 960 2172 iiarum
981 2132 1220 2172 differentiae
1241 2138 1342 2171 sunt.
1387 2133 1486 2171 inter
1504 2133 1578 2172 hos

285 2189 307 2223 3
323 2195 524 2224 morosum
544 2197 671 2234 ponas
692 2188 792 2236 licet,
817 2189 1024 2226 delicatum
1042 2187 1268 2242 iracundiae
1290 2198 1427 2235 genus.
1458 2197 1577 2235 quae

323 2239 415 2278 dam
446 2241 548 2278 enim
583 2247 674 2280 sunt
705 2243 805 2290 irae,
850 2252 951 2291 quae
985 2231 1089 2279 intra
1116 2242 1326 2279 clamorem
1359 2242 1578 2280 concidant.

327 2294 519 2343 quaedam
535 2305 615 2334 non
634 2297 762 2335 minus
781 2298 1001 2346 pertinaces
1029 2306 1146 2344 quam
1166 2296 1404 2345 frequentes.
1460 2306 1579 2346 quae·
1611 2284 1618 2304 ³
