1624 2626
311 194 365 236 90
678 199 721 237 L.
751 199 940 238 ANNAEI
973 199 1197 241 SENECAE

311 308 396 336 sam
417 296 616 336 detinebat
638 303 681 336 -et
707 299 835 337 stabat
855 308 1094 346 percussuro
1117 301 1267 340 similis.
1305 303 1566 353 interrogatus

310 352 454 390 deinde
490 353 539 390 ab
565 353 712 400 amico,
753 353 820 401 qui
852 354 952 390 forte
979 354 1259 404 intervenerat,
1291 357 1385 405 quid
1412 365 1565 407 ageret=
1612 381 1619 406 3

268 412 289 446 6
309 407 472 454 ‚‚exig0‚
494 407 639 454 inquit,
660 418 810 455 poenas
833 407 881 444 ab
902 407 1059 446 homine
1079 409 1307 448 iracundo.‘⁴
1349 412 1467 452 Velut
1486 420 1566 454 stu-

308 471 409 509 pens
430 466 598 509 gestum·
613 461 720 500 illum
741 461 928 500 saevituri
955 463 1171 501 deformem
1192 465 1360 512 sapienti
1379 466 1464 506 viro
1485 479 1567 507 ser-
1621 474 1624 479 ⁴

307 517 437 563 vabat,
458 516 601 555 oblitus
621 516 697 554 iam
719 517 842 562 servi,
866 516 959 563 quia
978 517 1097 555 alium
1117 525 1233 565 quem
1252 519 1382 567 potius
1403 523 1566 571 castiga·

306 575 365 609 ret
385 571 600 609 invenerat.
640 571 772 618 itaque
803 570 961 609 abstulit
979 571 1054 609 sibi
1075 572 1111 610 in
1143 583 1239 611 suos
1270 578 1502 621 potestatem
1524 581 1568 615 'et

306 625 357 664 ob
375 630 577 673 peccatum
596 626 796 673 quoddam
809 626 1058 664 commotior:
1080 631 1158 674 ,‚tu‚
1175 627 1309 676 inquit,
1328 628 1566 679 speusippe,

306 680 505 718 servulum
534 680 650 718 istum
677 679 909 718 verberibus
938 680 1121 729 obiurga:
1158 692 1247 720 nam
1273 693 1347 731 ego
1376 684 1567 724 irascor.“

263 735 284 771 7
308 733 365 772 Ob
389 734 466 772 hoc
494 745 571 773 non
602 734 755 781 cecidit,
785 740 947 783 propter
966 736 1071 783 quod
1090 736 1188 774 alius
1210 738 1430 777 cecidisset.
1487 737 1566 777 Ira-

306 798 416 835 scor,
438 788 582 838 inquit:
605 789 694 836 plus
716 789 854 827 faciam
877 800 994 837 quam
1015 795 1182 838 oportet,
1203 792 1384 831 libentius
1406 793 1565 832 faciam:
1613 828 1618 831 ⁴

305 853 384 881 non
404 843 454 882 sit
481 843 564 881 iste>
581 853 723 881 servus
743 844 781 881 in
808 844 893 882 eius
916 849 1109 892 potestate
1131 846 1197 894 qui
1220 846 1259 883 in
1284 857 1356 885 sua
1382 858 1461 886 non
1491 854 1562 887 est.

303 897 458 944 Aliquis
473 898 556 936 vult
578 898 678 936 irato
700 898 886 937 committi
904 899 1111 946 ultionem,
1141 909 1229 938 cum
1248 901 1356 940 Plato
1385 902 1566 952 sibiipsa

305 951 512 999 imperium
542 952 820 1000 abrogaverit?
862 953 1060 992 Nihiltibiv
1085 954 1218 1003 liceat,
1247 956 1339 995 dum
1368 956 1565 996 irasceris.

308 1011 459 1055 quare?
487 1007 580 1054 quia
599 1007 659 1045 vis
681 1008 811 1045 omnia
828 1008 959 1046 licere.
1479 1032 1482 1035 <

266 1066 283 1099 1
384 1059 484 1099 XIII.
512 1060 649 1109 Pugna
673 1067 804 1100 tecum
832 1062 939 1110 ipse:
968 1063 1002 1102 si
1028 1063 1188 1102 vincere
1216 1063 1314 1102 iram
1339 1075 1418 1104 non
1438 1071 1563 1114 poteS,

304 1120 342 1154 te
362 1115 427 1153 illa
452 1116 592 1164 incipit⁴
616 1116 786 1154 vincere.
834 1117 867 1155 si
894 1116 1161 1166 absconditur,
1190 1119 1223 1156 si
1250 1119 1302 1157 illi
1332 1121 1460 1159 exitus
1486 1131 1566 1159 non

305 1171 431 1217 datur,
461 1171 575 1219 signa
593 1171 679 1210 eius
701 1171 914 1210 obruamus
935 1176 974 1210 ct
999 1173 1102 1211 illam
1125 1178 1310 1221 quantum
1331 1175 1415 1212 fieri
1435 1180 1567 1222 potest

263 1229 285 1263 2
305 1225 500 1263 occultam
521 1230 794 1274 secretamque
822 1231 1040 1265 teneamus.
1090 1228 1184 1266 Cum
1204 1238 1346 1276 magna
1361 1228 1408 1267 'id
1427 1235 1566 1268 nostra

303 1279 486 1318 molestia
505 1280 600 1318 fiet*
622 1281 732 1329 cupit
757 1281 858 1318 enim
880 1281 1039 1319 exsilire
1060 1286 1098 1320 ct
1114 1281 1331 1322 'incendere
1361 1285 1499 1322 oculos
1528 1289 1567 1323 et

303 1338 455 1372 mutare
481 1335 633 1372 facicm.
664 1335 735 1373 sed
754 1336 787 1373 si
807 1336 978 1374 eminere
997 1335 1051 1373 illi
1067 1341 1178 1374 extra
1197 1348 1271 1375 nos
1298 1338 1416 1386 licuit,
1446 1350 1567 1387 supra

304 1398 378 1427 nos
399 1394 472 1427 est.
529 1390 572 1427 In
595 1389 672 1428 imo
694 1391 864 1437 pectoris
886 1400 1051 1431 secessu
1068 1392 1307 1430 recondatur
1327 1393 1564 1441 feraturque,

304 1453 383 1481 non
405 1444 513 1482 ferat.
559 1444 675 1482 immo
697 1445 735 1482 in
756 1445 991 1496 contrarium
1011 1447 1140 1483 omnia
1162 1446 1247 1484 eius
1266 1446 1412 1485 indicia
1428 1447 1564 1486 >flecta-

305 1508 412 1537 mus=
457 1500 587 1537 voltus
601 1499 838 1550 remittatur,
865 1510 947 1538 vox
973 1500 1098 1538 lenior
1125 1501 1194 1546 sit,
1234 1501 1381 1548 gradus
1412 1502 1564 1540 lentior.

263 1553 285 1586 3
307 1552 490 1601 paulatim
519 1564 607 1592 cum
636 1554 895 1592 exterioribus
923 1553 1108 1592 interiora
1137 1555 1363 1593 formantur.
1428 1557 1471 1594 In
1493 1557 1563 1595 So-

305 1612 411 1645 crate
437 1608 518 1646 irae
538 1609 691 1657 signum
712 1613 795 1647 erat
814 1619 952 1647 vocem
982 1610 1227 1657 submittere,
1258 1610 1366 1658 loqui
1392 1611 1565 1658 parcius.

304 1662 521 1710 adparebat
540 1667 631 1701 tunc
658 1662 765 1702 illum
785 1664 860 1702 sibi
889 1664 1059 1702 obstare.
1097 1664 1469 1712 deprehendebatur
1493 1666 1563 1704 ita-

306 1726 383 1764 que
403 1726 427 1754 a
457 1717 711 1755 familiaribus
739 1722 777 1756 et
805 1718 1102 1766 coarguebatur,
1131 1729 1204 1770 nec
1229 1719 1401 1758 veratilli
1420 1730 1564 1768 expro-

303 1770 430 1810 bratio
449 1771 634 1810 latitantis
655 1772 735 1810 irae
754 1773 916 1820 ingrata.
965 1773 1099 1821 quidni
1118 1774 1317 1821 gauderet,
1340 1775 1448 1822 quod
1463 1775 1564 1813 iram

306 1836 417 1863 suam
433 1826 540 1865 multi
557 1827 835 1875 intellegerent,
852 1838 967 1865 nemo
985 1828 1171 1867 sentiret?
1191 1828 1563 1877 sensissentautem,

306 1880 382 1918 nisi
401 1880 464 1919 ius
485 1881 620 1920 amicis
642 1882 875 1930 obiurgandi
905 1893 949 1920 se
977 1883 1164 1930 ded1sset,
1194 1883 1294 1921 sicut
1321 1883 1408 1931 ipse
1431 1884 1564 1923 sibiin

263 1939 286 1973 4
306 1935 453 1974 amicos
482 1942 716 1985 sumpserat.
763 1937 915 1984 Quanto
943 1937 1066 1985 magis
1094 1937 1170 1976 hoc
1197 1937 1311 1975 nobis
1341 1938 1563 1978 faciendum

307 1994 393 2027 est?
418 2001 603 2038 rogemus
624 1991 903 2030 amicissimum
924 2002 1130 2040 quemque,
1153 1996 1196 2030 ut
1215 1996 1307 2030 tunc
1326 1994 1496 2031 maxime
1518 1993 1562 2032 li-

305 2043 455 2082 bertate
475 2046 668 2084 adversus
692 2057 766 2085 nos
786 2052 926 2093 utatur,
948 2057 1035 2084 cum
1055 2047 1333 2085 minimeillam
1353 2048 1432 2095 pati
1452 2045 1561 2096 pote-

306 2097 439 2145 rimus,
461 2110 534 2138 nec
558 2100 798 2140 adsentiatur
816 2102 897 2139 irae
925 2106 1094 2139 nostrae.
1127 2106 1262 2140 contra
1282 2103 1400 2152 [nos‚]
1420 2107 1562 2151 potens

308 2154 451 2191 malum
480 2158 519 2192 et
544 2156 652 2203 apud
678 2163 760 2194 nos
779 2157 1005 2204 gratiosum,
1035 2156 1127 2193 dum
1154 2157 1433 2203 conspicimus,
1468 2157 1561 2195 dum

266 2214 287 2248 5
308 2207 431 2246 nostri
448 2219 595 2257 sumus,
616 2211 869 2249 advocemus.
901 2210 972 2258 Qui
986 2211 1117 2248 vinum
1128 2211 1228 2248 male
1249 2211 1560 2250 scruntetebric·

308 2262 397 2300 tatis
418 2273 514 2301 suae
541 2266 792 2303 temeritatem
821 2276 866 2304 ac
886 2264 1137 2313 petulantiam
1163 2269 1346 2312 metuunt,
1375 2266 1561 2304 mandant

308 2316 404 2365 suis,
424 2321 468 2356 ut
485 2327 508 2356 e
527 2319 709 2358 convivio
729 2321 966 2360 auferantur.
1001 2320 1342 2369 Intemperantiam
1360 2319 1399 2359 in
1419 2320 1557 2359 morbo
