1624 2626
261 133 328 173 DE
347 128 786 181 TRANQUILLITATE
805 129 966 170 ANIMI.
989 134 1144 170 14—16.
1267 128 1346 170 193

63 237 168 285 enim
179 265 190 283 ‚
213 233 399 284 quotiens
419 234 460 273 in
475 233 681 284 publicum
697 237 973 283 processerat,
996 231 1139 280 flebat,
1159 232 1225 271 ille
1239 231 1345 272 ride-

66 296 143 334 bat.
178 290 273 332 huic
295 290 449 338 omnia,
473 300 579 340 quae
595 289 771 338 agimus,
793 287 1001 336 miseriae,
1021 289 1076 327 illi
1092 288 1266 337 ineptiae
1288 289 1344 327 vi-

64 349 279 389 debantur:
317 346 515 385 elevanda
548 356 644 394 ergo
675 346 810 384 omnia
828 349 867 384 et
885 344 992 383 facili
1012 344 1144 384 animo
1165 345 1344 384 ferenda.

62 402 283 444 Humanius
300 407 362 441 est
377 402 562 440 deridere
574 402 694 440 vitam
705 411 826 449 quam
837 400 1065 449 deplorare.
1093 401 1223 439 Adice
1234 401 1346 450 quod
1358 401 1382 436 3

63 460 114 500 de
132 459 306 498 humano
329 468 492 507 quoque
511 467 660 506 genere
680 456 822 496 melius
838 461 1011 495 meretur
1028 457 1097 505 qui
1113 457 1219 496 ridet
1233 457 1343 504 illud,

63 527 184 565 quam
204 515 272 564 qui
292 514 420 563 luget:
456 514 522 552 ille
543 519 582 552 et
603 513 693 562 spei
711 513 844 551 bonae
865 512 1016 561 aliquid
1034 512 1242 561 relinquit,
1278 513 1343 551 hic

61 577 192 611 autem
209 571 327 610 stulte
347 569 488 616 deflet,
519 580 623 618 quae
644 568 790 617 corrigi
808 578 934 617 posse
951 569 1155 617 desperat.
1200 573 1239 607 et
1257 568 1343 607 uni-

59 638 180 667 versa
194 626 496 679 contemplatus
504 625 667 664 maioris
685 624 803 663 animi
818 629 892 672 cst,
914 625 981 673 qui
995 626 1122 663 risum
1138 635 1219 664 non
1235 630 1346 664 tenet

62 694 182 732 quam
209 682 278 732 qui
306 682 510 729 lacrimas,
547 681 711 730 quando
735 679 980 719 levissimum
1002 680 1203 720 adfectum
1223 681 1343 720 animi

59 743 196 779 movet
215 744 254 777 et
271 738 368 776 nihil
387 732 596 786 magnum,
625 736 721 775 nihil
742 747 950 785 severum,
977 747 1028 776 ne
1045 735 1236 775 miserum
1257 738 1343 787 qui-

61 796 152 834 dem
185 804 237 832 ex
270 797 378 833 tanto
412 798 555 842 paratu
583 797 707 841 putat.
753 789 919 841 Singula
937 797 1104 842 propter
1126 804 1231 842 quae
1251 793 1343 832 laeti
1358 797 1382 832 4

61 862 108 893 ac
145 850 281 889 tristes
317 860 477 897 sumus,
505 849 583 887 sibi
611 847 785 898 quisque
805 853 1006 898 proponat
1027 853 1066 888 et
1085 851 1186 888 sciet
1203 860 1344 888 verum

60 916 154 946 esse.
176 906 286 954 quod
300 905 402 944 Bion
423 905 540 943 dixit:
561 903 695 943 omnia
713 904 920 943 hominum
937 905 1098 952 negotia
1112 905 1256 944 similia
1271 905 1343 944 ini-

59 963 124 1002 tiis
159 972 253 1000 esse
283 972 358 1000 nec
387 960 508 999 vitam
540 961 699 1000 illorum
718 960 847 1009 magis
869 965 1046 999 sanctam
1069 965 1136 1000 aut
1157 972 1341 1000 severam

60 1029 154 1057 esse
169 1028 289 1067 quam
305 1022 544 1065 conceptum
559 1016 682 1055 nihilo
696 1014 868 1054 natum*.
889 1015 971 1055 Sed
987 1016 1118 1055 satiu
1129 1028 1149 1055 s
1166 1027 1188 1055 e
1199 1022 1243 1063 st
1258 1029 1340 1067 pu-
1358 1021 1380 1055 5

58 1074 226 1112 blicos
246 1084 410 1112 mores
432 1078 479 1111 et
499 1072 712 1111 humana
731 1071 856 1110 vitia
877 1071 1083 1121 placide
1103 1074 1343 1122 accipere

59 1140 135 1168 nec
169 1129 208 1167 in
235 1129 359 1167 risum
392 1139 467 1167 nec
494 1129 533 1166 in
564 1127 750 1167 lacrimas
779 1127 1043 1167 excidentem.
1088 1139 1180 1166 nam
1199 1129 1341 1169 alienis

58 1185 173 1224 malis
194 1185 371 1234 torqueri
390 1189 551 1223 aeterna
571 1184 733 1223 miseria
753 1188 834 1232 est,
855 1183 996 1223 alienis
1019 1185 1209 1224 delectari
1225 1186 1340 1225 malis

58 1243 244 1290 voluptas
277 1241 511 1280 inhumana:
546 1241 650 1280 sicut
681 1241 749 1279 illa
781 1239 930 1279 inutilis
962 1240 1190 1280 humanitas
1218 1240 1338 1290 flere,

60 1297 155 1347 quia
182 1297 326 1346 aliquis
356 1297 477 1335 filiam
507 1296 666 1344 efferat,
702 1301 740 1335 ct
760 1297 930 1335 frontem
950 1307 1065 1335 suam
1085 1297 1248 1346 fingere.
1291 1299 1341 1337 In
1361 1299 1383 1335 6

60 1354 169 1392 suis
191 1363 287 1402 quo
300 1363 394 1402 que
413 1353 557 1392 malis
581 1353 650 1392 ita
670 1363 853 1401 gerere
873 1363 927 1391 se
947 1358 1168 1401 oportet,
1188 1359 1239 1393 ut
1259 1355 1338 1393 do—

59 1408 155 1448 lori
170 1413 359 1448 tantum
375 1409 477 1456 deS,
495 1413 728 1458 quantum
745 1409 925 1457 poscit,
942 1420 1022 1448 non
1039 1414 1229 1458 quantum
1245 1420 1340 1450 con-

61 1464 244 1503 suetudo.
288 1464 470 1513 plerique
493 1465 596 1503 enim
618 1464 805 1504 lacrimas
826 1465 1015 1512 fundunt,
1048 1469 1092 1505 ut
1113 1466 1337 1513 ostendant,

59 1525 99 1559 et
119 1520 263 1559 totiens
285 1520 417 1559 siccos
438 1522 578 1560 oculos
599 1521 760 1569 habent,
776 1521 962 1570 quotiens
979 1526 1184 1570 spectator
1201 1522 1337 1570 defuit,

59 1582 176 1624 turpe
198 1575 420 1614 iudicantes
440 1587 519 1615 non
540 1576 659 1624 flere,
682 1588 773 1616 cum
794 1588 933 1617 omnes
954 1572 1113 1616 saciant.
1145 1578 1247 1618 adeo
1269 1589 1337 1628 pe-

59 1632 164 1670 nitus
184 1631 262 1670 hoc
282 1641 327 1670 se
346 1631 493 1670 malum
512 1632 619 1681 fixit,
643 1643 693 1672 ex
715 1633 847 1672 aliena
867 1634 1056 1683 opinione
1077 1634 1274 1683 pendere,
1295 1639 1340 1674 ut

58 1689 97 1726 in
119 1687 412 1727 simulationem
433 1688 550 1726 etiam
568 1699 635 1728 res
656 1689 974 1737 simplicissima,
997 1690 1134 1739 dolor,
1156 1691 1302 1730 veniat.

137 1743 242 1782 XVI.
274 1742 671 1793 Sequeturpars,
693 1756 818 1794 quae
837 1747 1083 1785 soletnon
1100 1746 1375 1786 inmeritol

57 1799 375 1838 contristare
395 1804 442 1839 et
460 1799 507 1838 in
529 1801 940 1840 sollicitudinem
960 1801 1238 1850 adducere,
1254 1801 1338 1841 ubi

57 1855 301 1894 bonorum
335 1855 510 1894 exitus
543 1856 661 1895 mali
680 1863 814 1896 sunt:
847 1862 890 1896 ut
909 1857 1098 1898 Socrates
1123 1859 1278 1907 cogitur
1298 1858 1338 1896 in

57 1921 219 1950 carcere
247 1911 367 1960 mori,
401 1910 574 1951 Rutilius
594 1912 632 1949 in
653 1913 773 1951 exilio
789 1914 945 1960 vivere,
979 1913 1198 1962 Pompeius
1218 1919 1258 1953 et
1277 1913 1351 1953 Ci-·

57 1976 150 2006 cero
172 1967 382 2006 clientibus
405 1968 490 2007 suis
512 1967 708 2016 praebere
728 1969 948 2017 cervicem,
978 1969 1073 2009 Cato
1097 1970 1182 2018 ille,
1214 1969 1337 2010 virtu-

0 2056 2 2058 ,
55 2027 137 2061 tum
158 2023 248 2061 viva
266 2023 420 2071 imago,
449 2023 685 2063 incumbens
705 2025 840 2073 gladio
861 2024 977 2064 simul
998 2025 1049 2063 de
1069 2035 1115 2063 se
1135 2036 1183 2064 ac
1207 2026 1257 2065 de
1274 2036 1336 2065 re-

56 2078 217 2127 publica
244 2079 377 2128 palam
406 2080 551 2118 facere.
600 2080 779 2119 Necesse
806 2085 867 2120 est
897 2081 1076 2129 torqueri
1104 2087 1183 2120 tam
1201 2081 1339 2132 iniqua

55 2134 232 2182 praemia
252 2136 450 2178 fortunam
471 2140 729 2185 persolvere:
766 2142 806 2174 et
826 2136 922 2185 quid
942 2137 1018 2175 sibi
1040 2137 1213 2186 quisque
1231 2149 1338 2178 nunc

57 2195 209 2238 speret,
231 2201 321 2230 cum
338 2190 474 2237 videat
493 2192 672 2241 pessima
692 2192 866 2240 optimos
886 2193 996 2240 pati?
1016 2191 1118 2240 Quid
1137 2203 1231 2242 crgo
1245 2199 1338 2234 est?
1353 2196 1375 2229 2

55 2245 151 2284 vide
179 2246 383 2294 quomodo
415 2248 588 2297 quisque
616 2248 773 2287 illorum
801 2248 950 2297 tulerit,
985 2253 1025 2287 et
1052 2249 1087 2288 si
1106 2249 1229 2290 fortes
1252 2251 1335 2289 fue—

56 2306 166 2347 runt,
195 2302 378 2350 ipsorum
410 2303 500 2344 illos
534 2305 689 2344 animos
725 2303 924 2344 desidera.
970 2303 1005 2344 si
1033 2305 1273 2346 muliebriter
1299 2312 1339 2345 et

111 2369 242 2395 SENECA
261 2371 351 2396 prm..
373 2361 398 2396 I.
1096 2367 1138 2401 13
