1592 2580
332 135 398 174 DE
424 133 705 182 BENEFicns
733 133 815 174 Lm
833 118 890 172 νζ
914 137 1084 174 12—14.
1294 131 1350 173 97

65 237 262 276 humanae
277 236 396 283 longe
413 234 574 282 lateque
589 234 782 273 terminos
796 239 967 283 ponunt,
989 233 1100 278 aiunt
1112 233 1264 274 minuta
1275 233 1345 273 be-

13 307 15 334 }
66 291 208 331 neficia
223 295 464 339 perventura
478 290 531 328 ad
548 291 691 328 malos.
719 290 820 329 haec
836 289 905 340 qui
925 301 1006 329 non
1020 290 1154 329 reddit
1167 291 1351 339 ingratus-

13 352 15 354 ’
64 352 139 386 est.
169 345 294 385 Nobis
309 347 444 394 itaque
459 345 657 384 beneficia
672 355 766 384 esse
781 356 861 385 non
878 346 1021 402 ρίψι,
1037 357 1143 394 quae
1157 355 1239 390 non
1255 349 1349 385 sunt
1361 351 1384 384 2

64 403 237 442 animum
251 402 405 440 factura
418 402 642 439 meliorem:
664 401 880 441 commoda
889 401 1021 440 tamen
1035 401 1104 440 illa
1119 410 1214 440 esse
1226 399 1346 446 §tex-

64 458 236 507 petenda
254 467 333 495 non
354 466 561 505 negamus.
590 456 691 495 haec
711 460 751 495 et
766 457 853 496 viro
871 456 978 496 bono
995 456 1094 495 dare
1111 457 1241 496 malus
1258 458 1347 506 pot-

64 518 181 552 estet
200 513 384 562 accipere
403 522 427 550 a
445 511 573 559 bono,
594 517 639 551 ut
660 513 891 561 pecuniam,
913 517 1089 560 vestem,
1111 512 1288 552 honores
1308 518 1348 551 et

64 569 196 607 vitam.
228 578 332 617 quae
351 568 387 606 si
407 578 488 606 non
508 568 659 615 reddit,
684 568 725 606 in
745 567 888 617 ingrati
905 578 1053 607 nomen
1074 568 1234 608 incidet.
1257 569 1384 617 „At-3

64 624 268 673 quomodo
285 624 481 672 ingratum
494 633 620 663 vocas
634 633 683 662 eo
699 634 780 662 non
794 623 965 672 reddito,
983 624 1095 673 quod
1110 633 1235 672 negas
1252 634 1347 663 esse

62 679 363 718 beneficium‘3“
409 679 633 727 Quaedam,
655 679 809 718 etiamsi
830 690 926 718 vera
946 680 1024 719 non
1046 684 1159 727 sunt,
1182 685 1349 729 propter

64 735 361 787 similitudinem
382 734 526 774 eodem
546 735 744 774 vocabulo
764 745 994 784 conprensa
1009 740 1126 774 sunt:
1154 736 1213 774 sic
1229 736 1345 786 pyxi-

64 791 153 830 dem
170 795 209 829 et
223 795 451 839 argenteam
467 796 507 828 et
525 800 687 829 auream
706 791 889 830 dicimus.
928 792 989 830 sic
1006 791 1246 830 inliteratum
1265 801 1346 830 non

64 857 115 884 ex
134 851 217 885 toto
232 847 391 892 rudem,
419 846 494 885 sed
510 847 562 884 ad
577 845 710 885 literas
728 846 891 885 altiores
906 857 987 886 non
1006 847 1255 895 perductum.
1280 845 1346 885 sic

66 902 132 949 qui
160 903 264 940 male
290 902 476 941 vestitum
496 906 536 940 et
555 912 779 950 pannosum
796 903 916 951 vidit,
953 903 1105 941 nudum
1126 912 1172 941 se
1191 901 1346 941 vidisse

0 952 1 957 ’
63 957 170 996 dicit.
206 957 409 996 Beneficia
422 956 500 995 ista
514 967 593 995 non
610 962 722 1005 sunt,
737 957 890 997 ‘habent
904 963 1033 997 tamen
1051 957 1238 997 beneficii
1247 967 1345 1007 spc-

64 1012 178 1051 ciem.
219 1012 457 1060 „Quomodo
476 1013 552 1052 ista
574 1018 666 1052 sunt
686 1018 887 1062 tamquam
905 1013 1121 1062 beneficia,
1137 1013 1204 1052 *sic
1222 1017 1262 1052 et
1279 1013 1346 1051 ille
1360 1020 1382 1055 4

62 1073 264 1117 tamquam
291 1069 470 1117 ingratus
490 1073 570 1115 est,
600 1079 679 1107 non
700 1068 920 1117 ingratus.“
959 1070 1120 1107 Falsum
1141 1074 1221 1116 est,
1251 1068 1347 1118 quia

62 1124 129 1162 illa
147 1123 344 1162 beneficia
362 1128 402 1163 et
422 1125 488 1172 qui
509 1124 577 1162 dat
590 1124 767 1173 adpellat
781 1129 821 1163 et
837 1124 905 1173 qui
920 1124 1084 1173 accipit:
1105 1123 1160 1163 ita
1176 1123 1245 1173 qui
1260 1124 1344 1163 veri

62 1178 247 1218 beneficii
267 1178 404 1228 specie
423 1179 578 1228 fefellit,
605 1184 685 1219 tam
704 1181 883 1228 ingratus
903 1185 966 1220 est
985 1190 1103 1229 quam
1125 1180 1342 1227 veneficus,

65 1235 132 1283 qui
153 1245 363 1283 soporem,
385 1245 475 1273 cum
497 1245 695 1274 venenum
715 1236 917 1284 crederet,
945 1236 1117 1275 miscuit·-

142 1290 246 1328 XIV.
283 1290 493 1329 Cleanthes
512 1290 786 1330 vehementius
801 1291 893 1340 agit.
932 1291 1086 1339 *,‚Licet‚
1105 1289 1252 1340 inquit,
1273 1291 1340 1329 be·
1361 1296 1379 1328 l

62 1345 248 1384 neficium
262 1357 342 1385 non
355 1346 417 1392 sit,
430 1346 538 1394 quod
549 1347 716 1395 accepit,
726 1346 817 1396 ipse
826 1351 956 1386 tamen·
972 1348 1151 1395 ingratus
1162 1352 1234 1393 est,
1249 1347 1342 1394 quia

64 1411 144 1439 non
155 1400 227 1440 fuit
238 1402 480 1448 redditurus,
492 1402 647 1440 etiamsi
662 1403 928 1451 accepisset.“
952 1402 1018 1441 Sic
1028 1403 1128 1441 latro
1138 1406 1211 1449 est,
1223 1402 1340 1440 etiam
1359 1409 1379 1441 2

62 1461 274 1504 antequam
302 1467 444 1496 manus
472 1458 668 1506 inquinet,
700 1458 793 1506 quia
819 1458 871 1496 ad
900 1457 1163 1497 occidendum
1184 1458 1261 1495 iam
1280 1467 1343 1495 ar·

63 1516 191 1550 matus
222 1517 284 1550 est
308 1517 347 1550 et
374 1512 493 1551 habet
520 1512 719 1561 spoliandi
742 1519 863 1562 atque
882 1513 1143 1552 interficiendi
1163 1514 1341 1551 volunta—

64 1573 153 1605 tem.
196 1571 406 1606 exercetur
432 1572 472 1606 ct
496 1570 671 1617 aperitur
696 1578 821 1616 opere
846 1569 1047 1617 nequitia,
1083 1579 1164 1608 non
1192 1567 1341 1616 incipit.

63 1623 200 1671 Ipsum
220 1623 330 1671 quod
349 1623 524 1671 accepit,
548 1624 785 1662 beneficium
801 1635 881 1663 non
897 1628 1001 1672 erat,
1021 1625 1095 1663 sed
1112 1624 1342 1663 vocabatur.

65 1678 254 1726 Sacrilegi
276 1678 371 1716 dant
389 1689 562 1727 poenas,
594 1680 776 1727 quamvis
797 1689 915 1718 nemo
928 1690 1061 1728 usque
1075 1680 1128 1719 ad
1144 1680 1244 1719 deos
1260 1689 1341 1717 ma-

63 1744 138 1772 nus
157 1734 344 1782 porrigat.
385 1733 687 1782 „Quomodo‚
715 1734 859 1783 inquit,
889 1735 1141 1774 adversus
1163 1736 1378 1774 malun13

47 1783 294 1838 'ingratus
329 1794 406 1827 est
444 1790 730 1839 quisquam,
760 1801 850 1828 cum
873 1791 978 1829 malo
1000 1791 1084 1829 dari
1101 1791 1341 1830 beneficium

63 1852 143 1883 non
165 1846 355 1893 ροεείῑῖῑιι
394 1845 452 1882 Ea
473 1845 624 1884 scilicet
638 1846 812 1884 ratione:
841 1848 911 1894 qui
927 1845 1095 1895 accipiet
1114 1847 1166 1884 ab
1184 1846 1251 1884 illo
1270 1845 1340 1884 ali-

4 1893 20 1945 “,
67 1900 159 1948 quid
176 1911 228 1938 ex
242 1900 316 1947 his,
334 1911 437 1949 quae
453 1902 561 1949 apud
573 1901 766 1949 inperitos
777 1906 880 1948 sunt,
891 1912 1060 1950 quorum
1073 1902 1137 1949 [si]
1148 1902 1262 1940 malis
1272 1912 1338 1940 co—

65 1954 131 2003 pia
150 1960 232 2004 est,
259 1956 348 2005 ipse
365 1966 527 2004 quoque
545 1957 585 1994 in
605 1956 722 1994 simili
736 1957 900 1995 materia
915 1961 1052 2005 gratus
1069 1967 1164 1996 esse
1178 1955 1346 1996 debebit
1368 1983 1370 1985 »

66 2015 104 2049 et
119 2010 205 2056 illa,
235 2012 529 2060 qualiacunque
545 2017 655 2059 sunt,
686 2021 775 2051 cum
793 2022 866 2060 pro
880 2009 998 2051 bonis
1014 2011 1234 2061 acceperit,
1262 2021 1338 2062 pro

4 2077 6 2082 ·
66 2065 181 2105 bonis
199 2067 382 2105 reddere.
426 2068 509 2106 Aes
535 2068 702 2105 alienum
722 2067 870 2105 habere
889 2068 1031 2106 dicitur
1050 2068 1172 2116 etqui
1191 2078 1337 2108 aureos
1351 2074 1375 2108 4

66 2120 184 2160 debet
199 2127 238 2160 et
253 2123 319 2171 qui
336 2122 486 2161 corium
502 2123 629 2162 forma
645 2122 804 2171 publica
819 2133 1055 2170 percussum
1065 2153 1075 2170 ,
1097 2124 1341 2173 quale-apud

64 2175 403 2217 Lacedaemonios
441 2179 535 2225 fuit,
572 2176 682 2227 quod
720 2189 837 2216 usum
876 2184 1105 2218 numeratae
1144 2176 1338 2228 pecuniae

65 2237 251 2278 praestat.
299 2233 384 2281 Quo
410 2244 559 2283 genere
586 2234 783 2282 obligatus
810 2239 882 2282 es,
903 2233 982 2272 hoc
1007 2235 1128 2273 fidem
1156 2236 1335 2275 exsolve.

17 2327 22 2330 ,
67 2285 168 2333 Quid
194 2289 272 2327 sint
288 2288 502 2339 beneficia,
533 2301 582 2329 an
604 2295 642 2329 et
662 2290 700 2329 in
720 2289 823 2330 hanc
842 2289 1047 2330 sordidam
1067 2289 1333 2340 humilemque
1350 2297 1371 2330 5

123 2355 251 2380 SENECA
271 2358 358 2382 prm„
380 2348 419 2382 II.
1098 2351 1117 2387 7
