<?xml version="1.0" encoding="UTF-8"?>
<!DOCTYPE html PUBLIC "-//W3C//DTD XHTML 1.0 Transitional//EN"
    "http://www.w3.org/TR/xhtml1/DTD/xhtml1-transitional.dtd">
<html xmlns="http://www.w3.org/1999/xhtml" xml:lang="en" lang="en">
 <head>
  <title>
</title>
<meta http-equiv="Content-Type" content="text/html;charset=utf-8" />
  <meta name='ocr-system' content='tesseract 3.04.00' />
  <meta name='ocr-capabilities' content='ocr_page ocr_carea ocr_par ocr_line ocrx_word'/>
</head>
<body>
  <div class='ocr_page' id='page_1' title='image "./operaquaesupersu01seneuoft/operaquaesupersu01seneuoft_0349.png"; bbox 0 0 1598 2606; ppageno 0'>
   <div class='ocr_carea' id='block_1_1' title="bbox 327 133 1337 181">
    <p class='ocr_par' dir='ltr' id='par_1_1' title="bbox 327 133 1337 181">
     <span class='ocr_line' id='line_1_1' title="bbox 327 133 1337 181; baseline -0.001 -1"><span class='ocrx_word' id='word_1_1' title='bbox 327 141 394 181; x_wconf 91' lang='lat' dir='ltr'>DE</span> <span class='ocrx_word' id='word_1_2' title='bbox 421 138 696 180; x_wconf 89' lang='lat' dir='ltr'><strong>BENEFICIIS</strong></span> <span class='ocrx_word' id='word_1_3' title='bbox 724 138 883 179; x_wconf 92' lang='lat' dir='ltr'>LIB.II.</span> <span class='ocrx_word' id='word_1_4' title='bbox 913 143 1085 180; x_wconf 81' lang='lat'>14—17.</span> <span class='ocrx_word' id='word_1_5' title='bbox 1191 133 1193 135; x_wconf 62' lang='grc'><strong>’</strong></span> <span class='ocrx_word' id='word_1_6' title='bbox 1282 137 1337 179; x_wconf 78' lang='grc'>23</span> 
     </span>
    </p>
   </div>
   <div class='ocr_carea' id='block_1_2' title="bbox 71 239 1380 1124">
    <p class='ocr_par' dir='ltr' id='par_1_2' title="bbox 71 239 1380 846">
     <span class='ocr_line' id='line_1_2' title="bbox 74 239 1338 291; baseline -0.001 -10"><span class='ocrx_word' id='word_1_7' title='bbox 74 243 137 282; x_wconf 90' lang='lat' dir='ltr'>vis</span> <span class='ocrx_word' id='word_1_8' title='bbox 160 241 286 291; x_wconf 81' lang='lat' dir='ltr'>accipi</span> <span class='ocrx_word' id='word_1_9' title='bbox 306 241 446 290; x_wconf 88' lang='lat' dir='ltr'>patiar.</span> <span class='ocrx_word' id='word_1_10' title='bbox 485 240 582 285; x_wconf 83' lang='lat' dir='ltr'>Nam</span> <span class='ocrx_word' id='word_1_11' title='bbox 608 244 651 279; x_wconf 90' lang='lat' dir='ltr'>ut</span> <span class='ocrx_word' id='word_1_12' title='bbox 678 239 747 289; x_wconf 88' lang='lat' dir='ltr'>qui</span> <span class='ocrx_word' id='word_1_13' title='bbox 775 240 927 289; x_wconf 86' lang='lat' dir='ltr'><strong>inputat</strong></span> <span class='ocrx_word' id='word_1_14' title='bbox 943 239 1128 288; x_wconf 80' lang='lat' dir='ltr'>gratiam,</span> <span class='ocrx_word' id='word_1_15' title='bbox 1157 239 1338 289; x_wconf 83' lang='lat' dir='ltr'>destruit,</span> 
     </span>
     <span class='ocr_line' id='line_1_3' title="bbox 74 296 1343 347; baseline -0.002 -10"><span class='ocrx_word' id='word_1_16' title='bbox 74 298 129 337; x_wconf 84' lang='lat' dir='ltr'>ita</span> <span class='ocrx_word' id='word_1_17' title='bbox 160 297 228 347; x_wconf 92' lang='lat' dir='ltr'>qui</span> <span class='ocrx_word' id='word_1_18' title='bbox 261 301 449 347; x_wconf 88' lang='lat' dir='ltr'>quantum</span> <span class='ocrx_word' id='word_1_19' title='bbox 477 296 562 342; x_wconf 88' lang='lat' dir='ltr'>det,</span> <span class='ocrx_word' id='word_1_20' title='bbox 591 296 782 343; x_wconf 81' lang='lat' dir='ltr'>ostendit,</span> <span class='ocrx_word' id='word_1_21' title='bbox 819 306 963 335; x_wconf 90' lang='lat' dir='ltr'>munus</span> <span class='ocrx_word' id='word_1_22' title='bbox 999 307 1115 335; x_wconf 92' lang='lat' dir='ltr'>suum</span> <span class='ocrx_word' id='word_1_23' title='bbox 1144 307 1343 336; x_wconf 89' lang='lat' dir='ltr'>commen-</span> 
     </span>
     <span class='ocr_line' id='line_1_4' title="bbox 75 350 1380 402; baseline -0.002 -9"><span class='ocrx_word' id='word_1_24' title='bbox 75 355 153 402; x_wconf 89' lang='lat' dir='ltr'>dat,</span> <span class='ocrx_word' id='word_1_25' title='bbox 172 363 251 392; x_wconf 92' lang='lat' dir='ltr'>non</span> <span class='ocrx_word' id='word_1_26' title='bbox 271 352 497 402; x_wconf 84' lang='lat' dir='ltr'>exprobrat.</span> <span class='ocrx_word' id='word_1_27' title='bbox 532 350 911 400; x_wconf 82' lang='lat' dir='ltr'>Respiciendae</span> <span class='ocrx_word' id='word_1_28' title='bbox 930 356 1049 391; x_wconf 91' lang='lat' dir='ltr'>sunt</span> <span class='ocrx_word' id='word_1_29' title='bbox 1068 352 1254 401; x_wconf 89' lang='lat' dir='ltr'>cuique</span> <span class='ocrx_word' id='word_1_30' title='bbox 1275 352 1338 391; x_wconf 89' lang='lat' dir='ltr'>fa·</span> <span class='ocrx_word' id='word_1_31' title='bbox 1357 355 1380 391; x_wconf 83' lang='lat'><strong>3</strong></span> 
     </span>
     <span class='ocr_line' id='line_1_5' title="bbox 75 407 1336 456; baseline -0.001 -8"><span class='ocrx_word' id='word_1_32' title='bbox 75 409 299 448; x_wconf 87' lang='lat' dir='ltr'>cultates</span> <span class='ocrx_word' id='word_1_33' title='bbox 326 418 448 447; x_wconf 86' lang='lat' dir='ltr'>suae</span> <span class='ocrx_word' id='word_1_34' title='bbox 474 407 738 456; x_wconf 88' lang='lat' dir='ltr'>viresque,</span> <span class='ocrx_word' id='word_1_35' title='bbox 775 417 833 445; x_wconf 87' lang='lat' dir='ltr'>ne</span> <span class='ocrx_word' id='word_1_36' title='bbox 859 411 943 446; x_wconf 88' lang='lat' dir='ltr'>aut</span> <span class='ocrx_word' id='word_1_37' title='bbox 969 408 1084 456; x_wconf 91' lang='lat' dir='ltr'>plus</span> <span class='ocrx_word' id='word_1_38' title='bbox 1113 412 1336 456; x_wconf 89' lang='lat' dir='ltr'>praeste-</span> 
     </span>
     <span class='ocr_line' id='line_1_6' title="bbox 73 462 1339 513; baseline -0.002 -9"><span class='ocrx_word' id='word_1_39' title='bbox 73 475 175 504; x_wconf 91' lang='lat' dir='ltr'>mus</span> <span class='ocrx_word' id='word_1_40' title='bbox 203 474 344 513; x_wconf 89' lang='lat' dir='ltr'>quam</span> <span class='ocrx_word' id='word_1_41' title='bbox 375 474 644 512; x_wconf 89' lang='lat' dir='ltr'>possumus</span> <span class='ocrx_word' id='word_1_42' title='bbox 682 467 764 502; x_wconf 91' lang='lat' dir='ltr'>aut</span> <span class='ocrx_word' id='word_1_43' title='bbox 798 462 971 503; x_wconf 88' lang='lat' dir='ltr'>minus.</span> <span class='ocrx_word' id='word_1_44' title='bbox 1024 463 1339 502; x_wconf 87' lang='lat' dir='ltr'>aestimanda</span> 
     </span>
     <span class='ocr_line' id='line_1_7' title="bbox 73 518 1337 568; baseline -0.002 -9"><span class='ocrx_word' id='word_1_45' title='bbox 73 524 150 559; x_wconf 90' lang='lat' dir='ltr'>est</span> <span class='ocrx_word' id='word_1_46' title='bbox 176 521 284 559; x_wconf 89' lang='lat' dir='ltr'>eius</span> <span class='ocrx_word' id='word_1_47' title='bbox 312 529 535 568; x_wconf 90' lang='lat' dir='ltr'>persona</span> <span class='ocrx_word' id='word_1_48' title='bbox 563 518 642 558; x_wconf 90' lang='lat' dir='ltr'>cui</span> <span class='ocrx_word' id='word_1_49' title='bbox 670 518 862 557; x_wconf 83' lang='lat' dir='ltr'>damus:</span> <span class='ocrx_word' id='word_1_50' title='bbox 910 519 1107 568; x_wconf 85' lang='lat' dir='ltr'>quaedam</span> <span class='ocrx_word' id='word_1_51' title='bbox 1130 519 1235 557; x_wconf 90' lang='lat' dir='ltr'>enim</span> <span class='ocrx_word' id='word_1_52' title='bbox 1266 519 1337 557; x_wconf 81' lang='lat' dir='ltr'>mi-</span> 
     </span>
     <span class='ocr_line' id='line_1_8' title="bbox 72 574 1337 624; baseline 0 -10"><span class='ocrx_word' id='word_1_53' title='bbox 72 586 171 616; x_wconf 87' lang='lat' dir='ltr'>nora</span> <span class='ocrx_word' id='word_1_54' title='bbox 188 580 298 622; x_wconf 89' lang='lat' dir='ltr'>sunt,</span> <span class='ocrx_word' id='word_1_55' title='bbox 329 586 448 624; x_wconf 89' lang='lat' dir='ltr'>quam</span> <span class='ocrx_word' id='word_1_56' title='bbox 468 580 511 613; x_wconf 93' lang='lat' dir='ltr'>ut</span> <span class='ocrx_word' id='word_1_57' title='bbox 531 574 641 613; x_wconf 89' lang='lat' dir='ltr'>exire</span> <span class='ocrx_word' id='word_1_58' title='bbox 668 584 693 612; x_wconf 89' lang='lat' dir='ltr'>a</span> <span class='ocrx_word' id='word_1_59' title='bbox 711 575 865 622; x_wconf 89' lang='lat' dir='ltr'>magnis</span> <span class='ocrx_word' id='word_1_60' title='bbox 883 575 979 614; x_wconf 89' lang='lat' dir='ltr'>viris</span> <span class='ocrx_word' id='word_1_61' title='bbox 999 574 1189 623; x_wconf 84' lang='lat' dir='ltr'>debeant,</span> <span class='ocrx_word' id='word_1_62' title='bbox 1215 585 1337 624; x_wconf 88' lang='lat' dir='ltr'>quae-</span> 
     </span>
     <span class='ocr_line' id='line_1_9' title="bbox 71 629 1339 680; baseline -0.002 -10"><span class='ocrx_word' id='word_1_63' title='bbox 71 631 163 670; x_wconf 89' lang='lat' dir='ltr'>dam</span> <span class='ocrx_word' id='word_1_64' title='bbox 182 631 401 680; x_wconf 86' lang='lat' dir='ltr'>accipiente</span> <span class='ocrx_word' id='word_1_65' title='bbox 420 630 572 669; x_wconf 87' lang='lat' dir='ltr'>maiora</span> <span class='ocrx_word' id='word_1_66' title='bbox 589 634 693 669; x_wconf 90' lang='lat' dir='ltr'>sunt.</span> <span class='ocrx_word' id='word_1_67' title='bbox 735 629 950 679; x_wconf 86' lang='lat' dir='ltr'>Utriusque</span> <span class='ocrx_word' id='word_1_68' title='bbox 968 629 1102 679; x_wconf 88' lang='lat' dir='ltr'>itaque</span> <span class='ocrx_word' id='word_1_69' title='bbox 1122 641 1339 679; x_wconf 89' lang='lat' dir='ltr'>personam</span> 
     </span>
     <span class='ocr_line' id='line_1_10' title="bbox 72 685 1337 735; baseline -0.002 -9"><span class='ocrx_word' id='word_1_70' title='bbox 72 688 210 727; x_wconf 88' lang='lat' dir='ltr'>confer</span> <span class='ocrx_word' id='word_1_71' title='bbox 228 692 267 726; x_wconf 92' lang='lat' dir='ltr'>et</span> <span class='ocrx_word' id='word_1_72' title='bbox 286 687 416 735; x_wconf 87' lang='lat' dir='ltr'>ipsum</span> <span class='ocrx_word' id='word_1_73' title='bbox 438 687 538 725; x_wconf 89' lang='lat' dir='ltr'>inter</span> <span class='ocrx_word' id='word_1_74' title='bbox 556 686 644 725; x_wconf 89' lang='lat' dir='ltr'>illas</span> <span class='ocrx_word' id='word_1_75' title='bbox 666 685 775 735; x_wconf 92' lang='lat' dir='ltr'>quod</span> <span class='ocrx_word' id='word_1_76' title='bbox 794 685 963 725; x_wconf 89' lang='lat' dir='ltr'>donabis</span> <span class='ocrx_word' id='word_1_77' title='bbox 988 686 1190 734; x_wconf 89' lang='lat' dir='ltr'>examina,</span> <span class='ocrx_word' id='word_1_78' title='bbox 1225 697 1337 725; x_wconf 90' lang='lat' dir='ltr'>num-</span> 
     </span>
     <span class='ocr_line' id='line_1_11' title="bbox 73 742 1338 792; baseline -0.001 -11"><span class='ocrx_word' id='word_1_79' title='bbox 73 742 169 791; x_wconf 90' lang='lat' dir='ltr'>quid</span> <span class='ocrx_word' id='word_1_80' title='bbox 189 747 257 781; x_wconf 90' lang='lat' dir='ltr'>aut</span> <span class='ocrx_word' id='word_1_81' title='bbox 276 743 382 781; x_wconf 90' lang='lat' dir='ltr'>danti</span> <span class='ocrx_word' id='word_1_82' title='bbox 399 752 521 790; x_wconf 89' lang='lat' dir='ltr'>grave</span> <span class='ocrx_word' id='word_1_83' title='bbox 549 742 599 781; x_wconf 89' lang='lat' dir='ltr'>sit</span> <span class='ocrx_word' id='word_1_84' title='bbox 627 746 692 781; x_wconf 89' lang='lat' dir='ltr'>aut</span> <span class='ocrx_word' id='word_1_85' title='bbox 711 752 869 790; x_wconf 87' lang='lat' dir='ltr'>parum,</span> <span class='ocrx_word' id='word_1_86' title='bbox 897 742 1091 791; x_wconf 88' lang='lat' dir='ltr'>numquid</span> <span class='ocrx_word' id='word_1_87' title='bbox 1108 752 1248 783; x_wconf 89' lang='lat' dir='ltr'>rursus</span> <span class='ocrx_word' id='word_1_88' title='bbox 1270 743 1338 792; x_wconf 92' lang='lat' dir='ltr'>qui</span> 
     </span>
     <span class='ocr_line' id='line_1_12' title="bbox 71 798 1047 846; baseline -0.002 -9"><span class='ocrx_word' id='word_1_89' title='bbox 71 803 309 846; x_wconf 87' lang='lat' dir='ltr'>accepturus</span> <span class='ocrx_word' id='word_1_90' title='bbox 329 802 409 845; x_wconf 90' lang='lat' dir='ltr'>est,</span> <span class='ocrx_word' id='word_1_91' title='bbox 439 803 506 837; x_wconf 90' lang='lat' dir='ltr'>aut</span> <span class='ocrx_word' id='word_1_92' title='bbox 524 798 699 836; x_wconf 84' lang='lat' dir='ltr'>fastidiat</span> <span class='ocrx_word' id='word_1_93' title='bbox 717 802 785 836; x_wconf 88' lang='lat' dir='ltr'>aut</span> <span class='ocrx_word' id='word_1_94' title='bbox 802 808 883 836; x_wconf 89' lang='lat' dir='ltr'>non</span> <span class='ocrx_word' id='word_1_95' title='bbox 904 798 1047 846; x_wconf 88' lang='lat' dir='ltr'>capiat.</span> 
     </span>
    </p>

    <p class='ocr_par' dir='ltr' id='par_1_3' title="bbox 71 852 1379 1124">
     <span class='ocr_line' id='line_1_13' title="bbox 152 852 1379 894; baseline 0.001 -2"><span class='ocrx_word' id='word_1_96' title='bbox 152 853 255 892; x_wconf 92' lang='lat' dir='ltr'>XVI.</span> <span class='ocrx_word' id='word_1_97' title='bbox 284 852 431 892; x_wconf 85' lang='lat' dir='ltr'>Urbem</span> <span class='ocrx_word' id='word_1_98' title='bbox 460 852 616 892; x_wconf 89' lang='lat' dir='ltr'>cuidam</span> <span class='ocrx_word' id='word_1_99' title='bbox 637 853 869 891; x_wconf 85' lang='lat' dir='ltr'>Alexander</span> <span class='ocrx_word' id='word_1_100' title='bbox 896 852 1072 892; x_wconf 87' lang='lat' dir='ltr'>donabat</span> <span class='ocrx_word' id='word_1_101' title='bbox 1096 863 1274 892; x_wconf 88' lang='lat' dir='ltr'>vesanus</span> <span class='ocrx_word' id='word_1_102' title='bbox 1303 858 1341 893; x_wconf 90' lang='lat' dir='ltr'>et</span> <span class='ocrx_word' id='word_1_103' title='bbox 1359 859 1379 894; x_wconf 89' lang='lat'>1</span> 
     </span>
     <span class='ocr_line' id='line_1_14' title="bbox 74 907 1338 959; baseline 0 -12"><span class='ocrx_word' id='word_1_104' title='bbox 74 907 142 959; x_wconf 91' lang='lat' dir='ltr'>qui</span> <span class='ocrx_word' id='word_1_105' title='bbox 161 909 258 948; x_wconf 90' lang='lat' dir='ltr'>nihil</span> <span class='ocrx_word' id='word_1_106' title='bbox 275 909 404 948; x_wconf 90' lang='lat' dir='ltr'>animo</span> <span class='ocrx_word' id='word_1_107' title='bbox 426 909 502 948; x_wconf 92' lang='lat' dir='ltr'>nisi</span> <span class='ocrx_word' id='word_1_108' title='bbox 523 907 675 957; x_wconf 85' lang='lat' dir='ltr'>grande</span> <span class='ocrx_word' id='word_1_109' title='bbox 695 909 936 958; x_wconf 86' lang='lat' dir='ltr'>conciperet.</span> <span class='ocrx_word' id='word_1_110' title='bbox 973 909 1067 947; x_wconf 90' lang='lat' dir='ltr'>Cum</span> <span class='ocrx_word' id='word_1_111' title='bbox 1087 908 1163 957; x_wconf 88' lang='lat' dir='ltr'>ille,</span> <span class='ocrx_word' id='word_1_112' title='bbox 1183 909 1248 948; x_wconf 90' lang='lat' dir='ltr'>cui</span> <span class='ocrx_word' id='word_1_113' title='bbox 1268 909 1338 947; x_wconf 90' lang='lat' dir='ltr'>do-</span> 
     </span>
     <span class='ocr_line' id='line_1_15' title="bbox 71 963 1340 1014; baseline -0.001 -10"><span class='ocrx_word' id='word_1_114' title='bbox 71 965 251 1013; x_wconf 88' lang='lat' dir='ltr'>nabatur,</span> <span class='ocrx_word' id='word_1_115' title='bbox 271 974 316 1004; x_wconf 89' lang='lat' dir='ltr'>se</span> <span class='ocrx_word' id='word_1_116' title='bbox 334 964 423 1013; x_wconf 89' lang='lat' dir='ltr'>ipsc</span> <span class='ocrx_word' id='word_1_117' title='bbox 441 974 605 1003; x_wconf 89' lang='lat' dir='ltr'>mensus</span> <span class='ocrx_word' id='word_1_118' title='bbox 619 963 715 1003; x_wconf 86' lang='lat' dir='ltr'>tanti</span> <span class='ocrx_word' id='word_1_119' title='bbox 730 964 904 1003; x_wconf 88' lang='lat' dir='ltr'>muneris</span> <span class='ocrx_word' id='word_1_120' title='bbox 920 963 1110 1003; x_wconf 89' lang='lat' dir='ltr'>invidiam</span> <span class='ocrx_word' id='word_1_121' title='bbox 1125 964 1340 1014; x_wconf 81' lang='lat' dir='ltr'>refugisset</span> 
     </span>
     <span class='ocr_line' id='line_1_16' title="bbox 72 1019 1338 1069; baseline 0 -11"><span class='ocrx_word' id='word_1_122' title='bbox 72 1020 211 1059; x_wconf 90' lang='lat' dir='ltr'>dicens</span> <span class='ocrx_word' id='word_1_123' title='bbox 239 1031 320 1060; x_wconf 89' lang='lat' dir='ltr'>non</span> <span class='ocrx_word' id='word_1_124' title='bbox 355 1020 571 1058; x_wconf 88' lang='lat' dir='ltr'>convenire</span> <span class='ocrx_word' id='word_1_125' title='bbox 598 1019 783 1059; x_wconf 85' lang='lat' dir='ltr'>fortunae</span> <span class='ocrx_word' id='word_1_126' title='bbox 812 1030 931 1058; x_wconf 81' lang='lat' dir='ltr'>suae:</span> <span class='ocrx_word' id='word_1_127' title='bbox 974 1031 1051 1059; x_wconf 80' lang='lat' dir='ltr'>non</span> <span class='ocrx_word' id='word_1_128' title='bbox 1077 1031 1241 1069; x_wconf 82' lang='lat' dir='ltr'>quaero,</span> <span class='ocrx_word' id='word_1_129' title='bbox 1278 1019 1338 1058; x_wconf 90' lang='lat' dir='ltr'>in·</span> 
     </span>
     <span class='ocr_line' id='line_1_17' title="bbox 73 1075 1340 1124; baseline 0.001 -11"><span class='ocrx_word' id='word_1_130' title='bbox 73 1075 179 1124; x_wconf 90' lang='lat' dir='ltr'>quit,</span> <span class='ocrx_word' id='word_1_131' title='bbox 199 1076 296 1124; x_wconf 76' lang='lat' dir='ltr'>quid</span> <span class='ocrx_word' id='word_1_132' title='bbox 318 1079 355 1114; x_wconf 80' lang='lat' dir='ltr'>te</span> <span class='ocrx_word' id='word_1_133' title='bbox 373 1077 553 1124; x_wconf 79' lang='lat' dir='ltr'>accipere</span> <span class='ocrx_word' id='word_1_134' title='bbox 571 1076 723 1123; x_wconf 82' lang='lat' dir='ltr'>deceat,</span> <span class='ocrx_word' id='word_1_135' title='bbox 740 1076 810 1114; x_wconf 84' lang='lat' dir='ltr'>sed</span> <span class='ocrx_word' id='word_1_136' title='bbox 825 1077 923 1124; x_wconf 82' lang='lat' dir='ltr'>quid</span> <span class='ocrx_word' id='word_1_137' title='bbox 940 1086 1000 1115; x_wconf 86' lang='lat' dir='ltr'>me</span> <span class='ocrx_word' id='word_1_138' title='bbox 1013 1076 1123 1114; x_wconf 80' lang='lat' dir='ltr'>dare.</span> <span class='ocrx_word' id='word_1_139' title='bbox 1143 1075 1340 1114; x_wconf 89' lang='lat' dir='ltr'>Animosa</span> 
     </span>
    </p>
   </div>
   <div class='ocr_carea' id='block_1_3' title="bbox 5 1119 1339 1181">
    <p class='ocr_par' dir='ltr' id='par_1_4' title="bbox 5 1119 1339 1181">
     <span class='ocr_line' id='line_1_18' title="bbox 5 1119 1339 1181; baseline 0 -11"><span class='ocrx_word' id='word_1_140' title='bbox 5 1119 7 1170; x_wconf 72' lang='grc' dir='ltr'>ἶ</span> <span class='ocrx_word' id='word_1_141' title='bbox 71 1141 154 1170; x_wconf 87' lang='lat' dir='ltr'>vox</span> <span class='ocrx_word' id='word_1_142' title='bbox 170 1131 328 1170; x_wconf 89' lang='lat' dir='ltr'>videtur</span> <span class='ocrx_word' id='word_1_143' title='bbox 347 1134 386 1168; x_wconf 88' lang='lat' dir='ltr'>et</span> <span class='ocrx_word' id='word_1_144' title='bbox 403 1131 532 1179; x_wconf 88' lang='lat' dir='ltr'>regia,</span> <span class='ocrx_word' id='word_1_145' title='bbox 562 1141 652 1169; x_wconf 92' lang='lat' dir='ltr'>cum</span> <span class='ocrx_word' id='word_1_146' title='bbox 671 1131 723 1170; x_wconf 91' lang='lat' dir='ltr'>sit</span> <span class='ocrx_word' id='word_1_147' title='bbox 742 1131 988 1170; x_wconf 88' lang='lat' dir='ltr'>stultissima.</span> <span class='ocrx_word' id='word_1_148' title='bbox 1025 1130 1122 1169; x_wconf 89' lang='lat' dir='ltr'>nihil</span> <span class='ocrx_word' id='word_1_149' title='bbox 1142 1131 1246 1169; x_wconf 89' lang='lat' dir='ltr'>enim</span> <span class='ocrx_word' id='word_1_150' title='bbox 1266 1142 1339 1181; x_wconf 90' lang='lat' dir='ltr'>per</span> 
     </span>
    </p>
   </div>
   <div class='ocr_carea' id='block_1_4' title="bbox 0 0 35 1252">
    <p class='ocr_par' dir='ltr' id='par_1_5' title="bbox 0 0 35 1252">
     <span class='ocr_line' id='line_1_19' title="bbox 0 0 35 1252; baseline 0 0"><span class='ocrx_word' id='word_1_151' title='bbox 0 0 35 1252; x_wconf 95' lang='lat' dir='ltr'> </span> 
     </span>
    </p>
   </div>
   <div class='ocr_carea' id='block_1_5' title="bbox 72 1186 1336 1236">
    <p class='ocr_par' dir='ltr' id='par_1_6' title="bbox 72 1186 1336 1236">
     <span class='ocr_line' id='line_1_20' title="bbox 72 1186 1336 1236; baseline 0 -11"><span class='ocrx_word' id='word_1_152' title='bbox 72 1196 117 1225; x_wconf 90' lang='lat' dir='ltr'>se</span> <span class='ocrx_word' id='word_1_153' title='bbox 145 1197 386 1236; x_wconf 89' lang='lat' dir='ltr'>quemquam</span> <span class='ocrx_word' id='word_1_154' title='bbox 414 1186 548 1225; x_wconf 85' lang='lat' dir='ltr'>decet:</span> <span class='ocrx_word' id='word_1_155' title='bbox 577 1186 699 1225; x_wconf 90' lang='lat' dir='ltr'>refert</span> <span class='ocrx_word' id='word_1_156' title='bbox 725 1186 840 1235; x_wconf 93' lang='lat' dir='ltr'>quid,</span> <span class='ocrx_word' id='word_1_157' title='bbox 870 1186 954 1235; x_wconf 91' lang='lat' dir='ltr'>cui,</span> <span class='ocrx_word' id='word_1_158' title='bbox 989 1187 1170 1235; x_wconf 88' lang='lat' dir='ltr'>quando,</span> <span class='ocrx_word' id='word_1_159' title='bbox 1199 1197 1336 1236; x_wconf 89' lang='lat' dir='ltr'>quare,</span> 
     </span>
    </p>
   </div>
   <div class='ocr_carea' id='block_1_6' title="bbox 0 1240 1379 1291">
    <p class='ocr_par' dir='ltr' id='par_1_7' title="bbox 0 1240 1379 1291">
     <span class='ocr_line' id='line_1_21' title="bbox 0 1240 1379 1291; baseline 0.001 -9"><span class='ocrx_word' id='word_1_160' title='bbox 0 1253 4 1282; x_wconf 53' lang='grc' dir='ltr'>ζ</span> <span class='ocrx_word' id='word_1_161' title='bbox 69 1241 156 1287; x_wconf 89' lang='lat' dir='ltr'>ubi,</span> <span class='ocrx_word' id='word_1_162' title='bbox 182 1246 221 1281; x_wconf 89' lang='lat' dir='ltr'>et</span> <span class='ocrx_word' id='word_1_163' title='bbox 240 1246 384 1289; x_wconf 85' lang='lat' dir='ltr'>cetera,</span> <span class='ocrx_word' id='word_1_164' title='bbox 405 1241 494 1281; x_wconf 87' lang='lat' dir='ltr'>sine</span> <span class='ocrx_word' id='word_1_165' title='bbox 514 1240 660 1291; x_wconf 89' lang='lat' dir='ltr'>quibus</span> <span class='ocrx_word' id='word_1_166' title='bbox 677 1241 771 1281; x_wconf 91' lang='lat' dir='ltr'>facti</span> <span class='ocrx_word' id='word_1_167' title='bbox 789 1242 888 1282; x_wconf 85' lang='lat' dir='ltr'>ratio</span> <span class='ocrx_word' id='word_1_168' title='bbox 915 1253 997 1281; x_wconf 90' lang='lat' dir='ltr'>non</span> <span class='ocrx_word' id='word_1_169' title='bbox 1017 1243 1227 1281; x_wconf 84' lang='lat' dir='ltr'>constabit.</span> <span class='ocrx_word' id='word_1_170' title='bbox 1263 1243 1338 1282; x_wconf 88' lang='lat' dir='ltr'>Tu-</span> <span class='ocrx_word' id='word_1_171' title='bbox 1356 1249 1379 1284; x_wconf 83' lang='lat'><strong>2</strong></span> 
     </span>
    </p>
   </div>
   <div class='ocr_carea' id='block_1_7' title="bbox 69 1296 1389 2292">
    <p class='ocr_par' dir='ltr' id='par_1_8' title="bbox 69 1296 1389 1723">
     <span class='ocr_line' id='line_1_22' title="bbox 70 1296 1389 1349; baseline 0.002 -14"><span class='ocrx_word' id='word_1_172' title='bbox 70 1297 330 1336; x_wconf 89' lang='lat' dir='ltr'>midissimum</span> <span class='ocrx_word' id='word_1_173' title='bbox 351 1296 514 1336; x_wconf 88' lang='lat' dir='ltr'>animal!</span> <span class='ocrx_word' id='word_1_174' title='bbox 546 1297 581 1336; x_wconf 86' lang='lat' dir='ltr'>si</span> <span class='ocrx_word' id='word_1_175' title='bbox 598 1298 706 1336; x_wconf 90' lang='lat' dir='ltr'>illum</span> <span class='ocrx_word' id='word_1_176' title='bbox 727 1297 910 1346; x_wconf 89' lang='lat' dir='ltr'>accipere</span> <span class='ocrx_word' id='word_1_177' title='bbox 929 1298 1006 1337; x_wconf 90' lang='lat' dir='ltr'>hoc</span> <span class='ocrx_word' id='word_1_178' title='bbox 1020 1309 1100 1336; x_wconf 90' lang='lat' dir='ltr'>non</span> <span class='ocrx_word' id='word_1_179' title='bbox 1117 1298 1245 1347; x_wconf 88' lang='lat' dir='ltr'>decet,</span> <span class='ocrx_word' id='word_1_180' title='bbox 1264 1309 1339 1338; x_wconf 91' lang='lat' dir='ltr'>nec</span> <span class='ocrx_word' id='word_1_181' title='bbox 1387 1347 1389 1349; x_wconf 35' lang='grc'><strong>,</strong></span> 
     </span>
     <span class='ocr_line' id='line_1_23' title="bbox 69 1352 1339 1402; baseline 0.001 -10"><span class='ocrx_word' id='word_1_182' title='bbox 69 1357 108 1392; x_wconf 88' lang='lat' dir='ltr'>te</span> <span class='ocrx_word' id='word_1_183' title='bbox 127 1352 242 1391; x_wconf 86' lang='lat' dir='ltr'>dare:</span> <span class='ocrx_word' id='word_1_184' title='bbox 263 1352 431 1392; x_wconf 87' lang='lat' dir='ltr'>habetur</span> <span class='ocrx_word' id='word_1_185' title='bbox 446 1363 710 1401; x_wconf 88' lang='lat' dir='ltr'>personarum</span> <span class='ocrx_word' id='word_1_186' title='bbox 723 1363 771 1392; x_wconf 87' lang='lat' dir='ltr'>ac</span> <span class='ocrx_word' id='word_1_187' title='bbox 786 1353 1017 1402; x_wconf 85' lang='lat' dir='ltr'>dignitatum</span> <span class='ocrx_word' id='word_1_188' title='bbox 1029 1353 1160 1402; x_wconf 88' lang='lat' dir='ltr'>portio</span> <span class='ocrx_word' id='word_1_189' title='bbox 1179 1359 1228 1402; x_wconf 87' lang='lat' dir='ltr'>et,</span> <span class='ocrx_word' id='word_1_190' title='bbox 1249 1365 1339 1393; x_wconf 90' lang='lat' dir='ltr'>cum</span> 
     </span>
     <span class='ocr_line' id='line_1_24' title="bbox 71 1407 1340 1458; baseline 0.002 -12"><span class='ocrx_word' id='word_1_191' title='bbox 71 1407 124 1447; x_wconf 82' lang='lat' dir='ltr'>sit</span> <span class='ocrx_word' id='word_1_192' title='bbox 154 1408 303 1456; x_wconf 87' lang='lat' dir='ltr'>ubique</span> <span class='ocrx_word' id='word_1_193' title='bbox 335 1408 490 1448; x_wconf 84' lang='lat' dir='ltr'>virtutis</span> <span class='ocrx_word' id='word_1_194' title='bbox 523 1408 686 1457; x_wconf 91' lang='lat' dir='ltr'>modus,</span> <span class='ocrx_word' id='word_1_195' title='bbox 715 1419 844 1457; x_wconf 91' lang='lat' dir='ltr'>aeque</span> <span class='ocrx_word' id='word_1_196' title='bbox 870 1414 1012 1458; x_wconf 88' lang='lat' dir='ltr'>peccat</span> <span class='ocrx_word' id='word_1_197' title='bbox 1038 1409 1149 1458; x_wconf 91' lang='lat' dir='ltr'>quod</span> <span class='ocrx_word' id='word_1_198' title='bbox 1181 1410 1340 1449; x_wconf 88' lang='lat' dir='ltr'>excedit</span> 
     </span>
     <span class='ocr_line' id='line_1_25' title="bbox 73 1463 1340 1511; baseline 0.004 -11"><span class='ocrx_word' id='word_1_199' title='bbox 73 1473 192 1511; x_wconf 89' lang='lat' dir='ltr'>quam</span> <span class='ocrx_word' id='word_1_200' title='bbox 212 1463 321 1511; x_wconf 89' lang='lat' dir='ltr'>quod</span> <span class='ocrx_word' id='word_1_201' title='bbox 342 1463 488 1503; x_wconf 88' lang='lat' dir='ltr'>deficit.</span> <span class='ocrx_word' id='word_1_202' title='bbox 531 1463 667 1503; x_wconf 87' lang='lat' dir='ltr'>Liceat</span> <span class='ocrx_word' id='word_1_203' title='bbox 684 1463 794 1503; x_wconf 90' lang='lat' dir='ltr'>istud</span> <span class='ocrx_word' id='word_1_204' title='bbox 810 1475 907 1503; x_wconf 91' lang='lat' dir='ltr'>sane</span> <span class='ocrx_word' id='word_1_205' title='bbox 926 1464 996 1504; x_wconf 91' lang='lat' dir='ltr'>tibi</span> <span class='ocrx_word' id='word_1_206' title='bbox 1013 1469 1052 1503; x_wconf 92' lang='lat' dir='ltr'>et</span> <span class='ocrx_word' id='word_1_207' title='bbox 1070 1470 1109 1504; x_wconf 91' lang='lat' dir='ltr'>te</span> <span class='ocrx_word' id='word_1_208' title='bbox 1130 1465 1170 1503; x_wconf 93' lang='lat' dir='ltr'>in</span> <span class='ocrx_word' id='word_1_209' title='bbox 1189 1469 1340 1505; x_wconf 88' lang='lat' dir='ltr'>tantum</span> 
     </span>
     <span class='ocr_line' id='line_1_26' title="bbox 72 1518 1337 1571; baseline 0.004 -15"><span class='ocrx_word' id='word_1_210' title='bbox 72 1518 231 1556; x_wconf 88' lang='lat' dir='ltr'>fortuna</span> <span class='ocrx_word' id='word_1_211' title='bbox 264 1519 487 1567; x_wconf 89' lang='lat' dir='ltr'>sustulerit,</span> <span class='ocrx_word' id='word_1_212' title='bbox 527 1524 571 1559; x_wconf 91' lang='lat' dir='ltr'>ut</span> <span class='ocrx_word' id='word_1_213' title='bbox 609 1520 813 1569; x_wconf 88' lang='lat' dir='ltr'>congiaria</span> <span class='ocrx_word' id='word_1_214' title='bbox 843 1524 911 1559; x_wconf 90' lang='lat' dir='ltr'>tua</span> <span class='ocrx_word' id='word_1_215' title='bbox 943 1521 1065 1560; x_wconf 89' lang='lat' dir='ltr'>urbes</span> <span class='ocrx_word' id='word_1_216' title='bbox 1098 1520 1194 1568; x_wconf 89' lang='lat' dir='ltr'>sint,</span> <span class='ocrx_word' id='word_1_217' title='bbox 1234 1532 1337 1571; x_wconf 87' lang='lat' dir='ltr'>quas</span> 
     </span>
     <span class='ocr_line' id='line_1_27' title="bbox 74 1572 1339 1625; baseline 0.003 -14"><span class='ocrx_word' id='word_1_218' title='bbox 74 1578 223 1622; x_wconf 91' lang='lat' dir='ltr'>quanto</span> <span class='ocrx_word' id='word_1_219' title='bbox 254 1572 416 1611; x_wconf 87' lang='lat' dir='ltr'>maioris</span> <span class='ocrx_word' id='word_1_220' title='bbox 446 1574 564 1613; x_wconf 89' lang='lat' dir='ltr'>animi</span> <span class='ocrx_word' id='word_1_221' title='bbox 595 1575 668 1614; x_wconf 85' lang='lat' dir='ltr'>fuit</span> <span class='ocrx_word' id='word_1_222' title='bbox 698 1586 779 1614; x_wconf 91' lang='lat' dir='ltr'>non</span> <span class='ocrx_word' id='word_1_223' title='bbox 808 1586 953 1624; x_wconf 89' lang='lat' dir='ltr'>capere</span> <span class='ocrx_word' id='word_1_224' title='bbox 974 1587 1092 1625; x_wconf 88' lang='lat' dir='ltr'>quam</span> <span class='ocrx_word' id='word_1_225' title='bbox 1120 1581 1339 1625; x_wconf 62' lang='lat' dir='ltr'>spargere?</span> 
     </span>
     <span class='ocr_line' id='line_1_28' title="bbox 73 1628 1339 1680; baseline 0.003 -13"><span class='ocrx_word' id='word_1_226' title='bbox 73 1633 135 1667; x_wconf 91' lang='lat' dir='ltr'>est</span> <span class='ocrx_word' id='word_1_227' title='bbox 153 1633 283 1668; x_wconf 90' lang='lat' dir='ltr'>tamen</span> <span class='ocrx_word' id='word_1_228' title='bbox 303 1628 448 1678; x_wconf 89' lang='lat' dir='ltr'>aliquis</span> <span class='ocrx_word' id='word_1_229' title='bbox 468 1629 613 1679; x_wconf 89' lang='lat' dir='ltr'>minor,</span> <span class='ocrx_word' id='word_1_230' title='bbox 641 1641 760 1680; x_wconf 89' lang='lat' dir='ltr'>quam</span> <span class='ocrx_word' id='word_1_231' title='bbox 776 1635 818 1670; x_wconf 93' lang='lat' dir='ltr'>ut</span> <span class='ocrx_word' id='word_1_232' title='bbox 835 1630 877 1669; x_wconf 90' lang='lat' dir='ltr'>in</span> <span class='ocrx_word' id='word_1_233' title='bbox 900 1631 991 1671; x_wconf 91' lang='lat' dir='ltr'>sinu</span> <span class='ocrx_word' id='word_1_234' title='bbox 1015 1632 1100 1671; x_wconf 89' lang='lat' dir='ltr'>eius</span> <span class='ocrx_word' id='word_1_235' title='bbox 1128 1632 1339 1671; x_wconf 87' lang='lat' dir='ltr'>condenda</span> 
     </span>
     <span class='ocr_line' id='line_1_29' title="bbox 73 1683 297 1723; baseline -0.004 0"><span class='ocrx_word' id='word_1_236' title='bbox 73 1683 126 1723; x_wconf 85' lang='lat' dir='ltr'>sit</span> <span class='ocrx_word' id='word_1_237' title='bbox 144 1684 297 1723; x_wconf 90' lang='lat' dir='ltr'>civitas.</span> 
     </span>
    </p>

    <p class='ocr_par' dir='ltr' id='par_1_9' title="bbox 72 1739 1378 2292">
     <span class='ocr_line' id='line_1_30' title="bbox 150 1739 1378 1792; baseline 0.001 -13"><span class='ocrx_word' id='word_1_238' title='bbox 150 1740 272 1779; x_wconf 89' lang='lat' dir='ltr'>XVII.</span> <span class='ocrx_word' id='word_1_239' title='bbox 300 1739 365 1778; x_wconf 87' lang='lat' dir='ltr'>Ab</span> <span class='ocrx_word' id='word_1_240' title='bbox 384 1739 586 1789; x_wconf 84' lang='lat' dir='ltr'>Antigono</span> <span class='ocrx_word' id='word_1_241' title='bbox 614 1740 788 1791; x_wconf 81' lang='lat' dir='ltr'>Cynicus</span> <span class='ocrx_word' id='word_1_242' title='bbox 812 1742 909 1791; x_wconf 87' lang='lat' dir='ltr'>petit</span> <span class='ocrx_word' id='word_1_243' title='bbox 929 1743 1131 1782; x_wconf 86' lang='lat' dir='ltr'>talentum.</span> <span class='ocrx_word' id='word_1_244' title='bbox 1167 1753 1336 1792; x_wconf 90' lang='lat' dir='ltr'>respon-</span> <span class='ocrx_word' id='word_1_245' title='bbox 1357 1746 1378 1780; x_wconf 93' lang='grc'>1</span> 
     </span>
     <span class='ocr_line' id='line_1_31' title="bbox 73 1794 1336 1848; baseline 0.002 -14"><span class='ocrx_word' id='word_1_246' title='bbox 73 1794 130 1835; x_wconf 88' lang='lat' dir='ltr'>dit</span> <span class='ocrx_word' id='word_1_247' title='bbox 151 1796 242 1844; x_wconf 91' lang='lat' dir='ltr'>plus</span> <span class='ocrx_word' id='word_1_248' title='bbox 261 1805 355 1834; x_wconf 89' lang='lat' dir='ltr'>esse</span> <span class='ocrx_word' id='word_1_249' title='bbox 375 1806 494 1844; x_wconf 88' lang='lat' dir='ltr'>quam</span> <span class='ocrx_word' id='word_1_250' title='bbox 513 1796 622 1845; x_wconf 90' lang='lat' dir='ltr'>quod</span> <span class='ocrx_word' id='word_1_251' title='bbox 642 1796 814 1846; x_wconf 85' lang='lat' dir='ltr'>Cynicus</span> <span class='ocrx_word' id='word_1_252' title='bbox 837 1802 973 1846; x_wconf 90' lang='lat' dir='ltr'>petere</span> <span class='ocrx_word' id='word_1_253' title='bbox 992 1799 1166 1838; x_wconf 89' lang='lat' dir='ltr'>deberet.</span> <span class='ocrx_word' id='word_1_254' title='bbox 1204 1800 1336 1848; x_wconf 90' lang='lat' dir='ltr'>repul-</span> 
     </span>
     <span class='ocr_line' id='line_1_32' title="bbox 74 1851 1339 1904; baseline 0.004 -15"><span class='ocrx_word' id='word_1_255' title='bbox 74 1861 144 1890; x_wconf 85' lang='lat' dir='ltr'>sus</span> <span class='ocrx_word' id='word_1_256' title='bbox 172 1851 270 1899; x_wconf 89' lang='lat' dir='ltr'>petit</span> <span class='ocrx_word' id='word_1_257' title='bbox 297 1851 514 1890; x_wconf 88' lang='lat' dir='ltr'>denarium.</span> <span class='ocrx_word' id='word_1_258' title='bbox 564 1853 772 1900; x_wconf 87' lang='lat' dir='ltr'>respondit</span> <span class='ocrx_word' id='word_1_259' title='bbox 796 1854 927 1893; x_wconf 90' lang='lat' dir='ltr'>minus</span> <span class='ocrx_word' id='word_1_260' title='bbox 961 1864 1055 1894; x_wconf 85' lang='lat' dir='ltr'>esse</span> <span class='ocrx_word' id='word_1_261' title='bbox 1081 1865 1200 1903; x_wconf 89' lang='lat' dir='ltr'>quam</span> <span class='ocrx_word' id='word_1_262' title='bbox 1228 1854 1339 1904; x_wconf 91' lang='lat' dir='ltr'>quod</span> 
     </span>
     <span class='ocr_line' id='line_1_33' title="bbox 72 1906 1336 1956; baseline 0.002 -12"><span class='ocrx_word' id='word_1_263' title='bbox 72 1916 206 1954; x_wconf 90' lang='lat' dir='ltr'>regem</span> <span class='ocrx_word' id='word_1_264' title='bbox 227 1906 388 1946; x_wconf 87' lang='lat' dir='ltr'>deceret</span> <span class='ocrx_word' id='word_1_265' title='bbox 406 1907 516 1948; x_wconf 88' lang='lat' dir='ltr'>dare.</span> <span class='ocrx_word' id='word_1_266' title='bbox 558 1907 802 1956; x_wconf 89' lang='lat' dir='ltr'>Turpissima</span> <span class='ocrx_word' id='word_1_267' title='bbox 820 1913 881 1948; x_wconf 90' lang='lat' dir='ltr'>est</span> <span class='ocrx_word' id='word_1_268' title='bbox 903 1910 1100 1949; x_wconf 89' lang='lat' dir='ltr'>eiusmodi</span> <span class='ocrx_word' id='word_1_269' title='bbox 1119 1909 1336 1950; x_wconf 80' lang='lat' dir='ltr'>cavillatio:</span> 
     </span>
     <span class='ocr_line' id='line_1_34' title="bbox 73 1960 1371 2014; baseline 0.004 -15"><span class='ocrx_word' id='word_1_270' title='bbox 73 1960 221 2001; x_wconf 89' lang='lat' dir='ltr'>invenit</span> <span class='ocrx_word' id='word_1_271' title='bbox 249 1962 451 2010; x_wconf 91' lang='lat' dir='ltr'>quomodo</span> <span class='ocrx_word' id='word_1_272' title='bbox 480 1967 662 2002; x_wconf 87' lang='lat' dir='ltr'>neutrum</span> <span class='ocrx_word' id='word_1_273' title='bbox 689 1963 812 2003; x_wconf 87' lang='lat' dir='ltr'>daret.</span> <span class='ocrx_word' id='word_1_274' title='bbox 853 1965 892 2003; x_wconf 94' lang='lat' dir='ltr'>in</span> <span class='ocrx_word' id='word_1_275' title='bbox 921 1965 1084 2004; x_wconf 89' lang='lat' dir='ltr'>denario</span> <span class='ocrx_word' id='word_1_276' title='bbox 1112 1975 1267 2014; x_wconf 84' lang='lat' dir='ltr'>regem,</span> <span class='ocrx_word' id='word_1_277' title='bbox 1297 1966 1339 2004; x_wconf 89' lang='lat' dir='ltr'>in</span> <span class='ocrx_word' id='word_1_278' title='bbox 1368 1961 1371 1963; x_wconf 77' lang='grc'><strong>’</strong></span> 
     </span>
     <span class='ocr_line' id='line_1_35' title="bbox 72 2017 1337 2069; baseline 0.004 -14"><span class='ocrx_word' id='word_1_279' title='bbox 72 2017 218 2056; x_wconf 86' lang='lat' dir='ltr'>talento</span> <span class='ocrx_word' id='word_1_280' title='bbox 240 2017 432 2068; x_wconf 84' lang='lat' dir='ltr'>Cynicum</span> <span class='ocrx_word' id='word_1_281' title='bbox 451 2019 646 2067; x_wconf 86' lang='lat' dir='ltr'>respexit,</span> <span class='ocrx_word' id='word_1_282' title='bbox 675 2028 765 2058; x_wconf 91' lang='lat' dir='ltr'>cum</span> <span class='ocrx_word' id='word_1_283' title='bbox 783 2025 926 2069; x_wconf 90' lang='lat' dir='ltr'>posset</span> <span class='ocrx_word' id='word_1_284' title='bbox 944 2026 982 2060; x_wconf 87' lang='lat' dir='ltr'>et</span> <span class='ocrx_word' id='word_1_285' title='bbox 1001 2020 1208 2059; x_wconf 88' lang='lat' dir='ltr'>denarium</span> <span class='ocrx_word' id='word_1_286' title='bbox 1239 2026 1337 2060; x_wconf 90' lang='lat' dir='ltr'>tam-</span> 
     </span>
     <span class='ocr_line' id='line_1_36' title="bbox 76 2073 1336 2124; baseline 0.004 -13"><span class='ocrx_word' id='word_1_287' title='bbox 76 2083 194 2120; x_wconf 90' lang='lat' dir='ltr'>quam</span> <span class='ocrx_word' id='word_1_288' title='bbox 214 2073 362 2122; x_wconf 84' lang='lat' dir='ltr'>Cynico</span> <span class='ocrx_word' id='word_1_289' title='bbox 386 2073 482 2112; x_wconf 88' lang='lat' dir='ltr'>dare</span> <span class='ocrx_word' id='word_1_290' title='bbox 502 2077 541 2112; x_wconf 89' lang='lat' dir='ltr'>et</span> <span class='ocrx_word' id='word_1_291' title='bbox 567 2075 755 2114; x_wconf 89' lang='lat' dir='ltr'>talentum</span> <span class='ocrx_word' id='word_1_292' title='bbox 772 2080 972 2124; x_wconf 86' lang='lat' dir='ltr'>tamquam</span> <span class='ocrx_word' id='word_1_293' title='bbox 997 2087 1081 2114; x_wconf 87' lang='lat' dir='ltr'>rex.</span> <span class='ocrx_word' id='word_1_294' title='bbox 1115 2076 1168 2115; x_wconf 91' lang='lat' dir='ltr'>Ut</span> <span class='ocrx_word' id='word_1_295' title='bbox 1193 2077 1244 2115; x_wconf 90' lang='lat' dir='ltr'>sit</span> <span class='ocrx_word' id='word_1_296' title='bbox 1267 2077 1336 2117; x_wconf 86' lang='lat' dir='ltr'>ali-</span> 
     </span>
     <span class='ocr_line' id='line_1_37' title="bbox 76 2128 1336 2181; baseline 0.005 -15"><span class='ocrx_word' id='word_1_297' title='bbox 76 2128 171 2175; x_wconf 86' lang='lat' dir='ltr'>quid</span> <span class='ocrx_word' id='word_1_298' title='bbox 189 2129 316 2167; x_wconf 88' lang='lat' dir='ltr'>maius</span> <span class='ocrx_word' id='word_1_299' title='bbox 337 2140 457 2177; x_wconf 88' lang='lat' dir='ltr'>quam</span> <span class='ocrx_word' id='word_1_300' title='bbox 477 2130 587 2178; x_wconf 91' lang='lat' dir='ltr'>quod</span> <span class='ocrx_word' id='word_1_301' title='bbox 607 2129 780 2181; x_wconf 83' lang='lat' dir='ltr'>Cynicus</span> <span class='ocrx_word' id='word_1_302' title='bbox 809 2130 999 2180; x_wconf 87' lang='lat' dir='ltr'>accipiat,</span> <span class='ocrx_word' id='word_1_303' title='bbox 1024 2131 1120 2170; x_wconf 90' lang='lat' dir='ltr'>nihil</span> <span class='ocrx_word' id='word_1_304' title='bbox 1146 2137 1226 2171; x_wconf 86' lang='lat' dir='ltr'>tam</span> <span class='ocrx_word' id='word_1_305' title='bbox 1253 2133 1336 2172; x_wconf 87' lang='lat' dir='ltr'>exi-</span> 
     </span>
     <span class='ocr_line' id='line_1_38' title="bbox 75 2184 1374 2234; baseline 0.005 -14"><span class='ocrx_word' id='word_1_306' title='bbox 75 2190 194 2229; x_wconf 85' lang='lat' dir='ltr'>guum</span> <span class='ocrx_word' id='word_1_307' title='bbox 215 2188 293 2230; x_wconf 90' lang='lat' dir='ltr'>est,</span> <span class='ocrx_word' id='word_1_308' title='bbox 318 2184 426 2233; x_wconf 90' lang='lat' dir='ltr'>quod</span> <span class='ocrx_word' id='word_1_309' title='bbox 449 2196 529 2224; x_wconf 91' lang='lat' dir='ltr'>non</span> <span class='ocrx_word' id='word_1_310' title='bbox 548 2184 717 2225; x_wconf 88' lang='lat' dir='ltr'>honeste</span> <span class='ocrx_word' id='word_1_311' title='bbox 735 2185 842 2234; x_wconf 84' lang='lat' dir='ltr'>regis</span> <span class='ocrx_word' id='word_1_312' title='bbox 861 2186 1084 2226; x_wconf 88' lang='lat' dir='ltr'>humanitas</span> <span class='ocrx_word' id='word_1_313' title='bbox 1106 2187 1262 2227; x_wconf 87' lang='lat' dir='ltr'>tribuat.</span> <span class='ocrx_word' id='word_1_314' title='bbox 1291 2188 1334 2228; x_wconf 91' lang='lat' dir='ltr'>Si</span> <span class='ocrx_word' id='word_1_315' title='bbox 1351 2191 1374 2226; x_wconf 76' lang='lat'>2</span> 
     </span>
     <span class='ocr_line' id='line_1_39' title="bbox 76 2237 1334 2292; baseline 0.008 -18"><span class='ocrx_word' id='word_1_316' title='bbox 76 2246 140 2275; x_wconf 87' lang='lat' dir='ltr'>me</span> <span class='ocrx_word' id='word_1_317' title='bbox 158 2237 398 2287; x_wconf 86' lang='lat' dir='ltr'>interrogas,</span> <span class='ocrx_word' id='word_1_318' title='bbox 417 2239 557 2289; x_wconf 87' lang='lat' dir='ltr'>probo.</span> <span class='ocrx_word' id='word_1_319' title='bbox 600 2245 664 2281; x_wconf 88' lang='lat' dir='ltr'>est</span> <span class='ocrx_word' id='word_1_320' title='bbox 679 2241 783 2280; x_wconf 89' lang='lat' dir='ltr'>enim</span> <span class='ocrx_word' id='word_1_321' title='bbox 801 2240 1058 2281; x_wconf 86' lang='lat' dir='ltr'>intolerabilis</span> <span class='ocrx_word' id='word_1_322' title='bbox 1077 2254 1143 2282; x_wconf 86' lang='lat' dir='ltr'>res</span> <span class='ocrx_word' id='word_1_323' title='bbox 1163 2254 1334 2292; x_wconf 87' lang='lat' dir='ltr'>poscere</span> 
     </span>
    </p>
   </div>
   <div class='ocr_carea' id='block_1_8' title="bbox 3 2297 1332 2347">
    <p class='ocr_par' dir='ltr' id='par_1_10' title="bbox 3 2297 1332 2347">
     <span class='ocr_line' id='line_1_40' title="bbox 3 2297 1332 2347; baseline 0.008 -17"><span class='ocrx_word' id='word_1_324' title='bbox 3 2334 6 2338; x_wconf 26' lang='lat'><strong>⁴</strong></span> <span class='ocrx_word' id='word_1_325' title='bbox 77 2300 258 2334; x_wconf 84' lang='lat' dir='ltr'>nummos</span> <span class='ocrx_word' id='word_1_326' title='bbox 277 2299 316 2334; x_wconf 87' lang='lat' dir='ltr'>et</span> <span class='ocrx_word' id='word_1_327' title='bbox 335 2300 600 2337; x_wconf 87' lang='lat' dir='ltr'>contemnere.</span> <span class='ocrx_word' id='word_1_328' title='bbox 636 2297 818 2338; x_wconf 82' lang='lat' dir='ltr'>Indixisti</span> <span class='ocrx_word' id='word_1_329' title='bbox 844 2298 1040 2347; x_wconf 88' lang='lat' dir='ltr'>pecuniae</span> <span class='ocrx_word' id='word_1_330' title='bbox 1068 2299 1214 2340; x_wconf 89' lang='lat' dir='ltr'>odium.</span> <span class='ocrx_word' id='word_1_331' title='bbox 1253 2299 1332 2341; x_wconf 89' lang='lat' dir='ltr'>hoc</span> 
     </span>
    </p>
   </div>
  </div>
 </body>
</html>
