1592 2580
288 137 475 177 NATUR.
496 135 707 185 QUAEST.
735 135 831 176 ΗΒ.
846 137 896 176 v.
926 142 1096 179 12—14.
1251 135 1334 179 263

56 237 256 288 inpulsum
283 239 378 276 aera
402 237 442 276 in
472 237 571 276 alias
591 248 753 287 quoque
779 242 914 287 partes
935 248 1056 287 quam
1074 238 1114 277 in
1134 249 1236 288 quas
1254 238 1335 289 ipsi

53 293 315 340 inclinavere,
341 293 591 342 dispergunt.
639 293 741 332 Illud
757 303 922 342 quoque
936 294 1086 342 dicam,
1111 294 1222 343 quod
1240 294 1335 333 mihi

54 349 247 388 occurrit:
272 349 609 397 quemadmodum
625 349 836 396 stillicidia,
853 347 1037 398 quamvis
1054 350 1131 388 iam
1147 351 1336 390 inclinent

53 415 101 444 se
127 409 167 443 et
192 403 387 453 labantur,
421 404 599 443 nondum
627 405 789 443 erficere
815 405 993 453 tapsum,
1023 405 1099 444 sed
1123 405 1192 444 ubi
1220 406 1336 455 plura

53 460 188 499 coiere
214 465 253 499 et
278 460 394 499 turba
417 459 526 498 vires
554 460 683 507 dedit,
717 465 812 499 tunc
838 460 964 499 fluere
987 464 1028 499 et
1054 461 1112 500 ire
1130 461 1334 500 dicuntur:

51 515 111 555 sic
129 515 321 564 quamdiu
338 516 451 554 leves
473 520 567 554 sunt
586 516 691 554 aeris
710 520 843 554 motus
864 515 999 564 agitati
1019 515 1200 564 pluribus
1220 516 1334 565 locis,

49 571 229 610 nondum
255 577 401 610 ventus
430 576 504 609 est.
542 576 635 610 tunc
665 581 759 610 esse
786 571 942 620 incipit,
973 581 1061 610 cum
1084 582 1223 611 omnes
1242 572 1332 611 illos

48 627 207 665 miscuit
235 631 275 665 et
303 627 342 664 in
371 637 495 665 unum
522 625 700 675 inpetum
730 626 906 666 contulit.
961 625 1150 676 Spiritum
1169 638 1193 666 a
1212 632 1332 666 vento

49 682 196 721 modus
223 687 407 730 separat:
445 681 723 721 vehementior
751 681 856 720 enim
889 682 1054 731 spiritus
1085 687 1230 722 ventus
1258 688 1331 731 est,

48 737 221 776 invicem
239 737 404 786 spiritus
427 738 567 776 leniter
586 737 717 777 fluens
739 748 820 776 aer.

130 793 234 831 XIV.
271 793 516 841 Repetam
544 803 691 841 nunc,
730 793 863 843 quod
894 792 1055 842 primo
1085 793 1333 844 dixeram,
1350 802 1369 835 1

48 848 129 887 edi
156 859 178 887 e
207 858 366 897 specu
393 853 580 887 ventos
607 859 931 898 recessuque
959 848 1211 888 interiore
1238 854 1331 888 ter-

47 914 226 943 rarum.
270 903 358 942 Non
384 908 468 943 tota
496 904 627 943 solido
658 909 849 943 contextu
876 904 1038 944 terrain
1059 905 1180 944 imum
1200 915 1332 954 usque

47 960 247 1008 fundatur,
277 960 351 998 sed
371 960 504 999 multis
525 960 705 1009 partibus
726 970 826 998 cava

373 1021 411 1055 et
427 1018 554 1055 caecis
571 1027 760 1065 suspensa
778 1016 948 1055 latebris.

49 1072 188 1120 [aliubi
200 1073 313 1120 aquis
323 1074 485 1121 plenaJ,
516 1072 637 1110 aliubi
656 1071 804 1110 habet
794 1071 930 1110 mania
950 1070 1037 1110 sine
1055 1070 1236 1110 humore.
1274 1071 1332 1111 lbi
1347 1079 1369 1113 2

46 1126 203 1165 etiamsi
229 1128 338 1166 nulla
357 1128 427 1166 lux
448 1126 665 1165 discrimen
683 1127 789 1166 aeris
810 1131 1022 1175 monstrat,
1053 1127 1183 1165 dicam
1202 1131 1334 1165 tamen

46 1183 178 1221 nubes
199 1183 452 1231 nebulasque
473 1183 513 1221 in
530 1182 704 1221 obscuro
721 1183 957 1221 consistere.
986 1193 1078 1220 nam
1095 1192 1145 1221 ne
1162 1181 1238 1220 hae
1249 1183 1334 1230 qui·

44 1238 138 1276 dem
166 1248 291 1286 super
317 1243 465 1285 terras,
504 1238 599 1286 quia
625 1238 832 1285 videntur,
864 1243 976 1284 sunt,
1007 1238 1080 1276 sed
1109 1238 1203 1286 quia
1229 1243 1333 1286 sunt,

45 1293 245 1332 videntur.
277 1293 355 1332 illic
376 1303 540 1342 quoque
563 1293 684 1332 nihilo
706 1293 839 1332 minus
859 1293 911 1333 ob
932 1294 973 1331 id
994 1297 1105 1341 sunt,
1129 1293 1236 1341 quod
1251 1304 1333 1333 non

44 1348 245 1388 videntur.
288 1348 469 1387 Flumina
494 1348 575 1387 illic
603 1349 711 1387 scias
739 1348 832 1388 licet
857 1348 1006 1387 nostris
1028 1347 1141 1397 paria
1164 1347 1332 1396 sublabi,

46 1404 124 1442 alia
144 1403 286 1443 leniter
306 1404 445 1451 ducta,
476 1403 554 1442 alia
572 1404 612 1442 in
632 1403 888 1452 confragosis
909 1405 1008 1442 locis
1032 1403 1333 1452 praecipitando

47 1460 243 1498 sonantia.
287 1459 388 1507 Quid
405 1463 531 1507 ergo?
558 1469 639 1497 non
656 1459 753 1497 illud
769 1470 899 1509 aeque
915 1459 1042 1505 dabis,
1065 1469 1158 1497 esse
1173 1458 1332 1508 aliquos

46 1519 87 1554 et
106 1515 182 1554 sub
202 1519 308 1554 terra
326 1516 438 1553 lacus
460 1519 499 1553 et
519 1515 714 1563 quasdam
738 1526 865 1564 aquas
886 1514 973 1553 sine
989 1513 1099 1553 exitu
1119 1518 1334 1562 stagnare?

45 1570 157 1618 Quae
185 1571 221 1609 si
248 1571 302 1611 ita
325 1575 436 1617 sunt,
468 1580 638 1608 necesse
658 1574 720 1609 est
741 1576 780 1610 et
798 1570 915 1617 illud,
946 1571 1041 1608 aera
1060 1570 1216 1608 onerari
1231 1579 1330 1609 one·
1346 1573 1368 1608 3

44 1631 258 1676 ratumque
286 1625 516 1664 incumbere
544 1630 583 1664 et
608 1631 770 1664 ventum
799 1626 996 1675 propulsu
1021 1635 1096 1664 suo
1117 1624 1331 1664 concitare.

44 1682 106 1721 Ex
133 1682 210 1721 illis
239 1692 336 1730 ergo
366 1681 639 1720 subterraneis
666 1680 838 1720 nubibus
871 1682 1046 1720 sciemus
1070 1679 1210 1719 nutriri
1230 1680 1332 1719 inter

45 1738 222 1777 obscura
241 1737 382 1785 flatus,
412 1738 509 1776 dum
527 1741 678 1775 tantum
697 1737 839 1775 virium
865 1738 1064 1783 fecerunt,
1095 1740 1243 1784 quanto
1264 1740 1332 1774 aut

44 1798 177 1832 terrac
205 1792 405 1832 obstantia
433 1793 618 1831 auferant
637 1797 704 1831 aut
724 1792 890 1842 aliquod
910 1796 1088 1840 apertum
1109 1791 1160 1830 ad
1177 1790 1252 1829 hos
1273 1791 1331 1829 ef-

46 1848 168 1888 flatus
194 1849 268 1887 iter
295 1854 495 1898 occupent
516 1852 555 1886 et
578 1858 651 1896 per
670 1847 772 1886 hanc
793 1858 1006 1886 cavernam
1026 1846 1065 1885 in
1086 1852 1245 1885 nostras
1266 1857 1328 1885 se-

47 1905 121 1943 des
142 1904 371 1944 efferantur.
418 1904 518 1942 illud
540 1913 636 1942 vero
657 1903 910 1942 manifestum
931 1907 1011 1950 est,
1037 1911 1219 1950 magnam
1239 1911 1331 1940 esse
1344 1906 1368 1941 4

46 1959 123 1999 sub
144 1960 260 1999 terris
277 1959 356 1998 vim
373 1958 578 2008 sulphuris
595 1963 634 1997 et
649 1959 818 1998 aliorum
833 1969 913 1997 non
929 1958 1060 1996 minus
1076 1958 1207 2005 ignem
1223 1957 1330 1995 alen—

44 2015 155 2054 tium.
185 2026 259 2064 per
277 2015 377 2054 haec
402 2010 490 2053 loch
510 2025 600 2052 cum
620 2024 665 2052 se
686 2015 832 2052 exitum
853 2023 1052 2063 quaerens
1071 2013 1234 2061 spiritus
1249 2017 1328 2051 tor-

49 2070 120 2117 sit,
147 2071 342 2110 accendat
362 2070 562 2109 flammam
583 2070 674 2118 ipso
696 2069 867 2108 adsi-ictu
886 2078 1057 2107 necesse
1077 2073 1155 2107 est:
1184 2065 1330 2106 deinde

47 2124 219 2165 flammis
247 2127 366 2165 latius
395 2126 516 2172 susis,
545 2125 699 2163 etiamsi
729 2125 825 2172 quid
850 2123 984 2172 ignavi
1003 2123 1107 2162 aeris
1129 2127 1232 2170 erat,
1259 2133 1327 2161 ex—

46 2185 248 2220 tenuatum
277 2181 430 2220 moveri
449 2186 488 2220 et
512 2181 614 2218 viam
634 2190 724 2218 cum
744 2179 900 2218 fremitu
918 2184 1034 2218 vasto
1054 2183 1179 2228 atque
1193 2178 1329 2227 inpetu

50 2245 256 2283 quaerere.
305 2237 387 2276 Sed
406 2237 506 2275 haec
526 2235 755 2285 diligentius
775 2244 1009 2286 persequar,
1032 2244 1123 2274 cum
1139 2242 1327 2283 quaeram

50 2289 103 2330 de
120 2292 292 2332 motibus
312 2298 455 2332 terrae.
