<?xml version="1.0" encoding="UTF-8"?>
<!DOCTYPE html PUBLIC "-//W3C//DTD XHTML 1.0 Transitional//EN"
    "http://www.w3.org/TR/xhtml1/DTD/xhtml1-transitional.dtd">
<html xmlns="http://www.w3.org/1999/xhtml" xml:lang="en" lang="en">
 <head>
  <title>
</title>
<meta http-equiv="Content-Type" content="text/html;charset=utf-8" />
  <meta name='ocr-system' content='tesseract 3.04.00' />
  <meta name='ocr-capabilities' content='ocr_page ocr_carea ocr_par ocr_line ocrx_word'/>
</head>
<body>
  <div class='ocr_page' id='page_1' title='image "./operaquaesupersu01seneuoft/operaquaesupersu01seneuoft_0622.png"; bbox 0 0 1592 2580; ppageno 0'>
   <div class='ocr_carea' id='block_1_1' title="bbox 274 163 1157 208">
    <p class='ocr_par' dir='ltr' id='par_1_1' title="bbox 274 163 1157 208">
     <span class='ocr_line' id='line_1_1' title="bbox 274 163 1157 208; baseline -0.006 -1"><span class='ocrx_word' id='word_1_1' title='bbox 274 166 354 208; x_wconf 81' lang='lat'>296</span> <span class='ocrx_word' id='word_1_2' title='bbox 646 165 691 204; x_wconf 87' lang='lat' dir='ltr'>L.</span> <span class='ocrx_word' id='word_1_3' title='bbox 718 164 908 204; x_wconf 82' lang='lat' dir='ltr'><strong>ANNAEI</strong></span> <span class='ocrx_word' id='word_1_4' title='bbox 933 163 1157 204; x_wconf 85' lang='lat' dir='ltr'><strong>SENECAE</strong></span> 
     </span>
    </p>
   </div>
   <div class='ocr_carea' id='block_1_2' title="bbox 232 264 1592 2334">
    <p class='ocr_par' dir='ltr' id='par_1_2' title="bbox 232 264 1592 2334">
     <span class='ocr_line' id='line_1_2' title="bbox 275 264 1529 314; baseline -0.002 -9"><span class='ocrx_word' id='word_1_5' title='bbox 275 266 461 314; x_wconf 83' lang='lat' dir='ltr'>regiones</span> <span class='ocrx_word' id='word_1_6' title='bbox 481 264 682 313; x_wconf 85' lang='lat' dir='ltr'><strong>urbesque</strong></span> <span class='ocrx_word' id='word_1_7' title='bbox 702 268 875 311; x_wconf 83' lang='lat' dir='ltr'>vastant,</span> <span class='ocrx_word' id='word_1_8' title='bbox 904 274 983 302; x_wconf 90' lang='lat' dir='ltr'>non</span> <span class='ocrx_word' id='word_1_9' title='bbox 1001 264 1294 312; x_wconf 71' lang='lat' dir='ltr'>naufragiorum</span> <span class='ocrx_word' id='word_1_10' title='bbox 1314 269 1415 304; x_wconf 85' lang='lat' dir='ltr'>totas</span> <span class='ocrx_word' id='word_1_11' title='bbox 1430 265 1529 304; x_wconf 86' lang='lat' dir='ltr'>clas-</span> 
     </span>
     <span class='ocr_line' id='line_1_3' title="bbox 277 318 1532 369; baseline -0.001 -10"><span class='ocrx_word' id='word_1_12' title='bbox 277 331 343 359; x_wconf 87' lang='lat' dir='ltr'>ses</span> <span class='ocrx_word' id='word_1_13' title='bbox 371 318 612 369; x_wconf 85' lang='lat' dir='ltr'>sorbentium</span> <span class='ocrx_word' id='word_1_14' title='bbox 632 323 758 357; x_wconf 84' lang='lat' dir='ltr'>metus</span> <span class='ocrx_word' id='word_1_15' title='bbox 778 323 858 364; x_wconf 89' lang='lat' dir='ltr'>est,</span> <span class='ocrx_word' id='word_1_16' title='bbox 887 329 967 357; x_wconf 89' lang='lat' dir='ltr'>non</span> <span class='ocrx_word' id='word_1_17' title='bbox 986 328 1095 356; x_wconf 86' lang='lat' dir='ltr'>arma</span> <span class='ocrx_word' id='word_1_18' title='bbox 1113 319 1317 357; x_wconf 82' lang='lat' dir='ltr'><strong>contrariis</strong></span> <span class='ocrx_word' id='word_1_19' title='bbox 1339 319 1532 368; x_wconf 86' lang='lat' dir='ltr'>disposita</span> 
     </span>
     <span class='ocr_line' id='line_1_4' title="bbox 276 373 1532 422; baseline 0 -10"><span class='ocrx_word' id='word_1_20' title='bbox 276 374 430 412; x_wconf 83' lang='lat' dir='ltr'>vexillis</span> <span class='ocrx_word' id='word_1_21' title='bbox 451 378 490 412; x_wconf 88' lang='lat' dir='ltr'>et</span> <span class='ocrx_word' id='word_1_22' title='bbox 509 373 548 411; x_wconf 95' lang='lat' dir='ltr'>in</span> <span class='ocrx_word' id='word_1_23' title='bbox 569 377 742 412; x_wconf 87' lang='lat' dir='ltr'>mutuam</span> <span class='ocrx_word' id='word_1_24' title='bbox 761 373 973 421; x_wconf 87' lang='lat' dir='ltr'>perniciem</span> <span class='ocrx_word' id='word_1_25' title='bbox 993 374 1198 411; x_wconf 88' lang='lat' dir='ltr'>multorum</span> <span class='ocrx_word' id='word_1_26' title='bbox 1217 374 1362 412; x_wconf 89' lang='lat' dir='ltr'>milium</span> <span class='ocrx_word' id='word_1_27' title='bbox 1383 385 1455 422; x_wconf 86' lang='lat' dir='ltr'>par</span> <span class='ocrx_word' id='word_1_28' title='bbox 1474 375 1532 412; x_wconf 82' lang='lat' dir='ltr'>fu—</span> 
     </span>
     <span class='ocr_line' id='line_1_5' title="bbox 275 427 1532 476; baseline -0.001 -9"><span class='ocrx_word' id='word_1_29' title='bbox 275 439 361 474; x_wconf 89' lang='lat' dir='ltr'>ror,</span> <span class='ocrx_word' id='word_1_30' title='bbox 400 439 478 466; x_wconf 91' lang='lat' dir='ltr'>non</span> <span class='ocrx_word' id='word_1_31' title='bbox 510 427 734 476; x_wconf 82' lang='lat' dir='ltr'>pestilentia</span> <span class='ocrx_word' id='word_1_32' title='bbox 761 432 801 465; x_wconf 90' lang='lat' dir='ltr'>et</span> <span class='ocrx_word' id='word_1_33' title='bbox 831 428 1014 466; x_wconf 84' lang='lat' dir='ltr'>ardentes</span> <span class='ocrx_word' id='word_1_34' title='bbox 1046 428 1271 475; x_wconf 89' lang='lat' dir='ltr'>promiscue</span> <span class='ocrx_word' id='word_1_35' title='bbox 1305 438 1532 467; x_wconf 89' lang='lat' dir='ltr'>communes</span> 
     </span>
     <span class='ocr_line' id='line_1_6' title="bbox 277 481 1532 532; baseline -0.001 -10"><span class='ocrx_word' id='word_1_36' title='bbox 277 483 438 532; x_wconf 88' lang='lat' dir='ltr'>populis</span> <span class='ocrx_word' id='word_1_37' title='bbox 467 483 699 521; x_wconf 82' lang='lat' dir='ltr'>cadentibus</span> <span class='ocrx_word' id='word_1_38' title='bbox 726 481 824 530; x_wconf 88' lang='lat' dir='ltr'>rogi.</span> <span class='ocrx_word' id='word_1_39' title='bbox 870 482 980 520; x_wconf 82' lang='lat' dir='ltr'>Istud</span> <span class='ocrx_word' id='word_1_40' title='bbox 998 483 1085 520; x_wconf 89' lang='lat' dir='ltr'>leve</span> <span class='ocrx_word' id='word_1_41' title='bbox 1106 487 1187 521; x_wconf 79' lang='lat' dir='ltr'>est:</span> <span class='ocrx_word' id='word_1_42' title='bbox 1219 484 1321 531; x_wconf 90' lang='lat' dir='ltr'>quod</span> <span class='ocrx_word' id='word_1_43' title='bbox 1340 484 1532 529; x_wconf 83' lang='lat' dir='ltr'>timemus,</span> 
     </span>
     <span class='ocr_line' id='line_1_7' title="bbox 277 537 1535 586; baseline -0.001 -11"><span class='ocrx_word' id='word_1_44' title='bbox 277 548 398 586; x_wconf 86' lang='lat' dir='ltr'>grave</span> <span class='ocrx_word' id='word_1_45' title='bbox 424 542 496 576; x_wconf 91' lang='lat' dir='ltr'>est.</span> <span class='ocrx_word' id='word_1_46' title='bbox 534 538 666 584; x_wconf 90' lang='lat' dir='ltr'>potius</span> <span class='ocrx_word' id='word_1_47' title='bbox 689 537 811 574; x_wconf 84' lang='lat' dir='ltr'>semel</span> <span class='ocrx_word' id='word_1_48' title='bbox 834 537 980 575; x_wconf 86' lang='lat' dir='ltr'>incidat</span> <span class='ocrx_word' id='word_1_49' title='bbox 999 547 1117 584; x_wconf 86' lang='lat' dir='ltr'>quam</span> <span class='ocrx_word' id='word_1_50' title='bbox 1137 547 1294 585; x_wconf 88' lang='lat' dir='ltr'>semper</span> <span class='ocrx_word' id='word_1_51' title='bbox 1311 537 1535 586; x_wconf 86' lang='lat' dir='ltr'>inpendeat.</span> 
     </span>
     <span class='ocr_line' id='line_1_8' title="bbox 239 591 1592 640; baseline -0.001 -9"><span class='ocrx_word' id='word_1_52' title='bbox 239 597 262 632; x_wconf 85' lang='lat'>8</span> <span class='ocrx_word' id='word_1_53' title='bbox 278 593 361 640; x_wconf 85' lang='lat' dir='ltr'>Ego</span> <span class='ocrx_word' id='word_1_54' title='bbox 383 597 511 630; x_wconf 85' lang='lat' dir='ltr'>autem</span> <span class='ocrx_word' id='word_1_55' title='bbox 531 591 659 639; x_wconf 84' lang='lat' dir='ltr'>perire</span> <span class='ocrx_word' id='word_1_56' title='bbox 675 592 847 638; x_wconf 89' lang='lat' dir='ltr'>timeam,</span> <span class='ocrx_word' id='word_1_57' title='bbox 868 602 955 630; x_wconf 90' lang='lat' dir='ltr'>cum</span> <span class='ocrx_word' id='word_1_58' title='bbox 974 596 1075 630; x_wconf 86' lang='lat' dir='ltr'>terra</span> <span class='ocrx_word' id='word_1_59' title='bbox 1090 596 1178 630; x_wconf 89' lang='lat' dir='ltr'>ante</span> <span class='ocrx_word' id='word_1_60' title='bbox 1193 602 1255 630; x_wconf 91' lang='lat' dir='ltr'>me</span> <span class='ocrx_word' id='word_1_61' title='bbox 1273 597 1424 640; x_wconf 85' lang='lat' dir='ltr'>pereat,</span> <span class='ocrx_word' id='word_1_62' title='bbox 1448 600 1536 631; x_wconf 87' lang='lat' dir='ltr'>cum</span> <span class='ocrx_word' id='word_1_63' title='bbox 1588 613 1592 620; x_wconf 74' lang='grc'><strong><em>«</em></strong></span> 
     </span>
     <span class='ocr_line' id='line_1_9' title="bbox 277 645 1536 695; baseline -0.002 -9"><span class='ocrx_word' id='word_1_64' title='bbox 277 647 354 686; x_wconf 87' lang='lat' dir='ltr'>ista</span> <span class='ocrx_word' id='word_1_65' title='bbox 382 647 623 695; x_wconf 80' lang='lat' dir='ltr'>quatiantur,</span> <span class='ocrx_word' id='word_1_66' title='bbox 661 655 762 693; x_wconf 90' lang='lat' dir='ltr'>quae</span> <span class='ocrx_word' id='word_1_67' title='bbox 790 646 986 694; x_wconf 88' lang='lat' dir='ltr'>quatiunt,</span> <span class='ocrx_word' id='word_1_68' title='bbox 1023 650 1061 684; x_wconf 90' lang='lat' dir='ltr'>et</span> <span class='ocrx_word' id='word_1_69' title='bbox 1085 646 1123 684; x_wconf 94' lang='lat' dir='ltr'>in</span> <span class='ocrx_word' id='word_1_70' title='bbox 1151 645 1330 684; x_wconf 87' lang='lat' dir='ltr'>iniuriam</span> <span class='ocrx_word' id='word_1_71' title='bbox 1362 651 1536 685; x_wconf 87' lang='lat' dir='ltr'>nostram</span> 
     </span>
     <span class='ocr_line' id='line_1_10' title="bbox 278 700 1536 749; baseline -0.001 -9"><span class='ocrx_word' id='word_1_72' title='bbox 278 713 357 740; x_wconf 91' lang='lat' dir='ltr'>non</span> <span class='ocrx_word' id='word_1_73' title='bbox 386 701 471 740; x_wconf 89' lang='lat' dir='ltr'>sine</span> <span class='ocrx_word' id='word_1_74' title='bbox 500 711 574 739; x_wconf 84' lang='lat' dir='ltr'>sua</span> <span class='ocrx_word' id='word_1_75' title='bbox 598 701 784 739; x_wconf 68' lang='lat' dir='ltr'>veniant?</span> <span class='ocrx_word' id='word_1_76' title='bbox 826 700 987 739; x_wconf 84' lang='lat' dir='ltr'>Helicen</span> <span class='ocrx_word' id='word_1_77' title='bbox 1006 700 1206 749; x_wconf 85' lang='lat' dir='ltr'>Burinque</span> <span class='ocrx_word' id='word_1_78' title='bbox 1228 705 1330 739; x_wconf 83' lang='lat' dir='ltr'>totas</span> <span class='ocrx_word' id='word_1_79' title='bbox 1349 711 1455 739; x_wconf 85' lang='lat' dir='ltr'>mare</span> <span class='ocrx_word' id='word_1_80' title='bbox 1473 710 1536 739; x_wconf 83' lang='lat' dir='ltr'>ac-</span> 
     </span>
     <span class='ocr_line' id='line_1_11' title="bbox 279 755 1537 804; baseline -0.001 -9"><span class='ocrx_word' id='word_1_81' title='bbox 279 757 403 804; x_wconf 85' lang='lat' dir='ltr'>cepit:</span> <span class='ocrx_word' id='word_1_82' title='bbox 433 766 508 803; x_wconf 90' lang='lat' dir='ltr'>ego</span> <span class='ocrx_word' id='word_1_83' title='bbox 529 755 579 793; x_wconf 89' lang='lat' dir='ltr'>de</span> <span class='ocrx_word' id='word_1_84' title='bbox 597 766 676 794; x_wconf 91' lang='lat' dir='ltr'>uno</span> <span class='ocrx_word' id='word_1_85' title='bbox 693 756 930 804; x_wconf 86' lang='lat' dir='ltr'>corpusculo</span> <span class='ocrx_word' id='word_1_86' title='bbox 945 755 1130 793; x_wconf 69' lang='lat' dir='ltr'>timeam?</span> <span class='ocrx_word' id='word_1_87' title='bbox 1157 766 1279 804; x_wconf 85' lang='lat' dir='ltr'>supra</span> <span class='ocrx_word' id='word_1_88' title='bbox 1295 755 1442 804; x_wconf 84' lang='lat' dir='ltr'>oppida</span> <span class='ocrx_word' id='word_1_89' title='bbox 1458 756 1537 794; x_wconf 91' lang='lat' dir='ltr'>duo</span> 
     </span>
     <span class='ocr_line' id='line_1_12' title="bbox 278 810 1539 859; baseline -0.002 -10"><span class='ocrx_word' id='word_1_90' title='bbox 278 811 498 858; x_wconf 83' lang='lat' dir='ltr'>navigatur.</span> <span class='ocrx_word' id='word_1_91' title='bbox 542 810 621 848; x_wconf 90' lang='lat' dir='ltr'>duo</span> <span class='ocrx_word' id='word_1_92' title='bbox 650 814 780 848; x_wconf 88' lang='lat' dir='ltr'>autem</span> <span class='ocrx_word' id='word_1_93' title='bbox 810 820 912 859; x_wconf 82' lang='lat' dir='ltr'>quae</span> <span class='ocrx_word' id='word_1_94' title='bbox 939 810 1143 858; x_wconf 90' lang='lat' dir='ltr'>novimus,</span> <span class='ocrx_word' id='word_1_95' title='bbox 1173 820 1275 858; x_wconf 87' lang='lat' dir='ltr'>quae</span> <span class='ocrx_word' id='word_1_96' title='bbox 1299 811 1338 848; x_wconf 92' lang='lat' dir='ltr'>in</span> <span class='ocrx_word' id='word_1_97' title='bbox 1364 814 1539 848; x_wconf 86' lang='lat' dir='ltr'>nostram</span> 
     </span>
     <span class='ocr_line' id='line_1_13' title="bbox 280 863 1540 913; baseline -0.002 -9"><span class='ocrx_word' id='word_1_98' title='bbox 280 865 456 904; x_wconf 80' lang='lat' dir='ltr'>notitiam</span> <span class='ocrx_word' id='word_1_99' title='bbox 481 865 676 904; x_wconf 86' lang='lat' dir='ltr'>memoria&#39;</span> <span class='ocrx_word' id='word_1_100' title='bbox 698 863 820 903; x_wconf 87' lang='lat' dir='ltr'>literis</span> <span class='ocrx_word' id='word_1_101' title='bbox 849 870 1006 903; x_wconf 86' lang='lat' dir='ltr'>servata</span> <span class='ocrx_word' id='word_1_102' title='bbox 1034 865 1237 913; x_wconf 84' lang='lat' dir='ltr'>produxit:</span> <span class='ocrx_word' id='word_1_103' title='bbox 1277 876 1393 913; x_wconf 89' lang='lat' dir='ltr'>quam</span> <span class='ocrx_word' id='word_1_104' title='bbox 1420 864 1540 903; x_wconf 84' lang='lat' dir='ltr'>multa</span> 
     </span>
     <span class='ocr_line' id='line_1_14' title="bbox 281 920 1541 968; baseline -0.001 -10"><span class='ocrx_word' id='word_1_105' title='bbox 281 921 357 958; x_wconf 86' lang='lat' dir='ltr'>alia</span> <span class='ocrx_word' id='word_1_106' title='bbox 383 920 468 958; x_wconf 88' lang='lat' dir='ltr'>aliis</span> <span class='ocrx_word' id='word_1_107' title='bbox 499 920 597 958; x_wconf 92' lang='lat' dir='ltr'>locis</span> <span class='ocrx_word' id='word_1_108' title='bbox 624 929 755 958; x_wconf 91' lang='lat' dir='ltr'>mersa</span> <span class='ocrx_word' id='word_1_109' title='bbox 779 924 896 958; x_wconf 68' lang='lat' dir='ltr'>sunt?</span> <span class='ocrx_word' id='word_1_110' title='bbox 932 925 1029 968; x_wconf 89' lang='lat' dir='ltr'>quot</span> <span class='ocrx_word' id='word_1_111' title='bbox 1054 920 1227 968; x_wconf 87' lang='lat' dir='ltr'>populos</span> <span class='ocrx_word' id='word_1_112' title='bbox 1257 925 1323 958; x_wconf 85' lang='lat' dir='ltr'>aut</span> <span class='ocrx_word' id='word_1_113' title='bbox 1349 925 1452 958; x_wconf 86' lang='lat' dir='ltr'>terra</span> <span class='ocrx_word' id='word_1_114' title='bbox 1474 923 1541 957; x_wconf 87' lang='lat' dir='ltr'>aut</span> 
     </span>
     <span class='ocr_line' id='line_1_15' title="bbox 280 974 1541 1022; baseline -0.001 -9"><span class='ocrx_word' id='word_1_115' title='bbox 280 976 382 1013; x_wconf 80' lang='lat' dir='ltr'>infra</span> <span class='ocrx_word' id='word_1_116' title='bbox 397 984 442 1013; x_wconf 88' lang='lat' dir='ltr'>se</span> <span class='ocrx_word' id='word_1_117' title='bbox 458 984 565 1013; x_wconf 87' lang='lat' dir='ltr'>mare</span> <span class='ocrx_word' id='word_1_118' title='bbox 581 974 764 1013; x_wconf 66' lang='lat' dir='ltr'>inclusit?</span> <span class='ocrx_word' id='word_1_119' title='bbox 792 984 866 1022; x_wconf 87' lang='lat' dir='ltr'>ego</span> <span class='ocrx_word' id='word_1_120' title='bbox 881 984 1062 1012; x_wconf 82' lang='lat' dir='ltr'>recusem</span> <span class='ocrx_word' id='word_1_121' title='bbox 1077 974 1153 1012; x_wconf 91' lang='lat' dir='ltr'>mei</span> <span class='ocrx_word' id='word_1_122' title='bbox 1166 974 1295 1020; x_wconf 87' lang='lat' dir='ltr'>finem,</span> <span class='ocrx_word' id='word_1_123' title='bbox 1318 981 1404 1012; x_wconf 89' lang='lat' dir='ltr'>cum</span> <span class='ocrx_word' id='word_1_124' title='bbox 1418 974 1541 1012; x_wconf 85' lang='lat' dir='ltr'>sciam</span> 
     </span>
     <span class='ocr_line' id='line_1_16' title="bbox 280 1028 1540 1068; baseline -0.001 0"><span class='ocrx_word' id='word_1_125' title='bbox 280 1040 343 1068; x_wconf 89' lang='lat' dir='ltr'>me</span> <span class='ocrx_word' id='word_1_126' title='bbox 363 1030 450 1068; x_wconf 88' lang='lat' dir='ltr'>sine</span> <span class='ocrx_word' id='word_1_127' title='bbox 469 1029 548 1067; x_wconf 87' lang='lat' dir='ltr'>fine</span> <span class='ocrx_word' id='word_1_128' title='bbox 566 1039 646 1067; x_wconf 90' lang='lat' dir='ltr'>non</span> <span class='ocrx_word' id='word_1_129' title='bbox 667 1033 787 1067; x_wconf 70' lang='lat' dir='ltr'>esse?</span> <span class='ocrx_word' id='word_1_130' title='bbox 814 1029 930 1067; x_wconf 88' lang='lat' dir='ltr'>immo</span> <span class='ocrx_word' id='word_1_131' title='bbox 952 1039 1039 1067; x_wconf 88' lang='lat' dir='ltr'>cum</span> <span class='ocrx_word' id='word_1_132' title='bbox 1060 1030 1182 1067; x_wconf 86' lang='lat' dir='ltr'>sciam</span> <span class='ocrx_word' id='word_1_133' title='bbox 1203 1028 1333 1067; x_wconf 87' lang='lat' dir='ltr'>omnia</span> <span class='ocrx_word' id='word_1_134' title='bbox 1348 1039 1439 1067; x_wconf 90' lang='lat' dir='ltr'>esse</span> <span class='ocrx_word' id='word_1_135' title='bbox 1454 1028 1540 1067; x_wconf 89' lang='lat' dir='ltr'>fini-</span> 
     </span>
     <span class='ocr_line' id='line_1_17' title="bbox 243 1081 1540 1132; baseline -0.002 -9"><span class='ocrx_word' id='word_1_136' title='bbox 243 1090 265 1125; x_wconf 88' lang='lat'>9</span> <span class='ocrx_word' id='word_1_137' title='bbox 281 1089 347 1122; x_wconf 68' lang='lat' dir='ltr'>ta?</span> <span class='ocrx_word' id='word_1_138' title='bbox 375 1093 449 1132; x_wconf 87' lang='lat' dir='ltr'>ego</span> <span class='ocrx_word' id='word_1_139' title='bbox 466 1084 640 1122; x_wconf 88' lang='lat' dir='ltr'>ultimum</span> <span class='ocrx_word' id='word_1_140' title='bbox 661 1083 873 1131; x_wconf 89' lang='lat' dir='ltr'>suspirium</span> <span class='ocrx_word' id='word_1_141' title='bbox 893 1084 1077 1122; x_wconf 78' lang='lat' dir='ltr'>timeam?</span> <span class='ocrx_word' id='word_1_142' title='bbox 1125 1084 1316 1131; x_wconf 80' lang='lat' dir='ltr'>Quantum</span> <span class='ocrx_word' id='word_1_143' title='bbox 1337 1088 1451 1132; x_wconf 89' lang='lat' dir='ltr'>potes</span> <span class='ocrx_word' id='word_1_144' title='bbox 1470 1081 1540 1120; x_wconf 87' lang='lat' dir='ltr'>ita-</span> 
     </span>
     <span class='ocr_line' id='line_1_18' title="bbox 282 1136 1542 1187; baseline -0.002 -10"><span class='ocrx_word' id='word_1_145' title='bbox 282 1149 379 1187; x_wconf 85' lang='lat' dir='ltr'>que,</span> <span class='ocrx_word' id='word_1_146' title='bbox 404 1139 492 1186; x_wconf 89' lang='lat' dir='ltr'>ipse</span> <span class='ocrx_word' id='word_1_147' title='bbox 511 1143 550 1176; x_wconf 89' lang='lat' dir='ltr'>te</span> <span class='ocrx_word' id='word_1_148' title='bbox 570 1138 796 1184; x_wconf 87' lang='lat' dir='ltr'>cohortare,</span> <span class='ocrx_word' id='word_1_149' title='bbox 818 1138 959 1185; x_wconf 82' lang='lat' dir='ltr'>Lucili,</span> <span class='ocrx_word' id='word_1_150' title='bbox 980 1144 1117 1177; x_wconf 88' lang='lat' dir='ltr'>contra</span> <span class='ocrx_word' id='word_1_151' title='bbox 1136 1144 1279 1177; x_wconf 88' lang='lat' dir='ltr'>metum</span> <span class='ocrx_word' id='word_1_152' title='bbox 1299 1139 1453 1177; x_wconf 81' lang='lat' dir='ltr'>mortis:</span> <span class='ocrx_word' id='word_1_153' title='bbox 1477 1136 1542 1175; x_wconf 90' lang='lat' dir='ltr'>hic</span> 
     </span>
     <span class='ocr_line' id='line_1_19' title="bbox 281 1191 1542 1242; baseline -0.003 -10"><span class='ocrx_word' id='word_1_154' title='bbox 281 1198 362 1240; x_wconf 87' lang='lat' dir='ltr'>est,</span> <span class='ocrx_word' id='word_1_155' title='bbox 393 1193 459 1242; x_wconf 92' lang='lat' dir='ltr'>qui</span> <span class='ocrx_word' id='word_1_156' title='bbox 479 1202 553 1230; x_wconf 86' lang='lat' dir='ltr'>nos</span> <span class='ocrx_word' id='word_1_157' title='bbox 574 1192 743 1230; x_wconf 84' lang='lat' dir='ltr'>humiles</span> <span class='ocrx_word' id='word_1_158' title='bbox 764 1192 868 1230; x_wconf 80' lang='lat' dir='ltr'>facit.</span> <span class='ocrx_word' id='word_1_159' title='bbox 896 1193 959 1231; x_wconf 87' lang='lat' dir='ltr'>hic</span> <span class='ocrx_word' id='word_1_160' title='bbox 979 1198 1057 1240; x_wconf 90' lang='lat' dir='ltr'>est,</span> <span class='ocrx_word' id='word_1_161' title='bbox 1089 1194 1155 1240; x_wconf 91' lang='lat' dir='ltr'>qui</span> <span class='ocrx_word' id='word_1_162' title='bbox 1175 1193 1303 1241; x_wconf 84' lang='lat' dir='ltr'>ipsam</span> <span class='ocrx_word' id='word_1_163' title='bbox 1321 1194 1458 1238; x_wconf 88' lang='lat' dir='ltr'>vitam,</span> <span class='ocrx_word' id='word_1_164' title='bbox 1480 1191 1542 1229; x_wconf 89' lang='lat' dir='ltr'>cui</span> 
     </span>
     <span class='ocr_line' id='line_1_20' title="bbox 282 1246 1541 1296; baseline -0.003 -10"><span class='ocrx_word' id='word_1_165' title='bbox 282 1247 428 1296; x_wconf 87' lang='lat' dir='ltr'>parcit,</span> <span class='ocrx_word' id='word_1_166' title='bbox 456 1247 647 1296; x_wconf 88' lang='lat' dir='ltr'>inquietat</span> <span class='ocrx_word' id='word_1_167' title='bbox 674 1256 720 1284; x_wconf 88' lang='lat' dir='ltr'>ac</span> <span class='ocrx_word' id='word_1_168' title='bbox 740 1246 880 1295; x_wconf 85' lang='lat' dir='ltr'>perdit.</span> <span class='ocrx_word' id='word_1_169' title='bbox 918 1246 980 1284; x_wconf 89' lang='lat' dir='ltr'>hic</span> <span class='ocrx_word' id='word_1_170' title='bbox 1000 1246 1130 1284; x_wconf 90' lang='lat' dir='ltr'>omnia</span> <span class='ocrx_word' id='word_1_171' title='bbox 1148 1247 1224 1285; x_wconf 84' lang='lat' dir='ltr'>ista</span> <span class='ocrx_word' id='word_1_172' title='bbox 1242 1248 1394 1295; x_wconf 82' lang='lat' dir='ltr'>dilatat,</span> <span class='ocrx_word' id='word_1_173' title='bbox 1421 1252 1541 1285; x_wconf 84' lang='lat' dir='ltr'>terra-</span> 
     </span>
     <span class='ocr_line' id='line_1_21' title="bbox 281 1299 1543 1350; baseline -0.002 -10"><span class='ocrx_word' id='word_1_174' title='bbox 281 1313 367 1340; x_wconf 89' lang='lat' dir='ltr'>rum</span> <span class='ocrx_word' id='word_1_175' title='bbox 394 1306 525 1340; x_wconf 89' lang='lat' dir='ltr'>motus</span> <span class='ocrx_word' id='word_1_176' title='bbox 553 1306 593 1340; x_wconf 91' lang='lat' dir='ltr'>et</span> <span class='ocrx_word' id='word_1_177' title='bbox 619 1300 791 1340; x_wconf 81' lang='lat' dir='ltr'>fulmina.</span> <span class='ocrx_word' id='word_1_178' title='bbox 828 1311 930 1350; x_wconf 90' lang='lat' dir='ltr'>quae</span> <span class='ocrx_word' id='word_1_179' title='bbox 957 1301 1088 1339; x_wconf 89' lang='lat' dir='ltr'>omnia</span> <span class='ocrx_word' id='word_1_180' title='bbox 1114 1302 1218 1340; x_wconf 88' lang='lat' dir='ltr'>feres</span> <span class='ocrx_word' id='word_1_181' title='bbox 1240 1307 1482 1348; x_wconf 87' lang='lat' dir='ltr'>constanter,</span> <span class='ocrx_word' id='word_1_182' title='bbox 1508 1299 1543 1338; x_wconf 92' lang='lat' dir='ltr'>si</span> 
     </span>
     <span class='ocr_line' id='line_1_22' title="bbox 286 1355 1542 1405; baseline -0.002 -10"><span class='ocrx_word' id='word_1_183' title='bbox 286 1355 521 1404; x_wconf 82' lang='lat' dir='ltr'>cogitaveris</span> <span class='ocrx_word' id='word_1_184' title='bbox 548 1355 645 1394; x_wconf 90' lang='lat' dir='ltr'>nihil</span> <span class='ocrx_word' id='word_1_185' title='bbox 671 1356 864 1394; x_wconf 86' lang='lat' dir='ltr'>interesse</span> <span class='ocrx_word' id='word_1_186' title='bbox 890 1356 989 1394; x_wconf 89' lang='lat' dir='ltr'>inter</span> <span class='ocrx_word' id='word_1_187' title='bbox 1017 1355 1200 1403; x_wconf 85' lang='lat' dir='ltr'>exiguum</span> <span class='ocrx_word' id='word_1_188' title='bbox 1228 1364 1381 1405; x_wconf 83' lang='lat' dir='ltr'>tempus</span> <span class='ocrx_word' id='word_1_189' title='bbox 1401 1359 1439 1394; x_wconf 89' lang='lat' dir='ltr'>et</span> <span class='ocrx_word' id='word_1_190' title='bbox 1458 1356 1542 1393; x_wconf 91' lang='lat' dir='ltr'>lon-</span> 
     </span>
     <span class='ocr_line' id='line_1_23' title="bbox 232 1411 1545 1460; baseline -0.002 -10"><span class='ocrx_word' id='word_1_191' title='bbox 232 1417 386 1460; x_wconf 86' lang='lat' dir='ltr'>logum.</span> <span class='ocrx_word' id='word_1_192' title='bbox 433 1411 565 1450; x_wconf 87' lang='lat' dir='ltr'>Horae</span> <span class='ocrx_word' id='word_1_193' title='bbox 585 1415 695 1455; x_wconf 86' lang='lat' dir='ltr'>sunt,</span> <span class='ocrx_word' id='word_1_194' title='bbox 725 1421 825 1459; x_wconf 89' lang='lat' dir='ltr'>quas</span> <span class='ocrx_word' id='word_1_195' title='bbox 849 1411 1061 1458; x_wconf 87' lang='lat' dir='ltr'>perdimus.</span> <span class='ocrx_word' id='word_1_196' title='bbox 1095 1415 1189 1459; x_wconf 83' lang='lat' dir='ltr'>puta</span> <span class='ocrx_word' id='word_1_197' title='bbox 1209 1411 1294 1449; x_wconf 92' lang='lat' dir='ltr'>dies</span> <span class='ocrx_word' id='word_1_198' title='bbox 1315 1421 1425 1458; x_wconf 89' lang='lat' dir='ltr'>esse,</span> <span class='ocrx_word' id='word_1_199' title='bbox 1450 1414 1545 1458; x_wconf 89' lang='lat' dir='ltr'>puta</span> 
     </span>
     <span class='ocr_line' id='line_1_24' title="bbox 282 1464 1542 1514; baseline -0.001 -11"><span class='ocrx_word' id='word_1_200' title='bbox 282 1475 462 1513; x_wconf 83' lang='lat' dir='ltr'>menseS‚</span> <span class='ocrx_word' id='word_1_201' title='bbox 497 1470 592 1514; x_wconf 88' lang='lat' dir='ltr'>puta</span> <span class='ocrx_word' id='word_1_202' title='bbox 619 1476 764 1504; x_wconf 83' lang='lat' dir='ltr'>annos:</span> <span class='ocrx_word' id='word_1_203' title='bbox 801 1464 1000 1514; x_wconf 86' lang='lat' dir='ltr'>perdimus</span> <span class='ocrx_word' id='word_1_204' title='bbox 1028 1465 1138 1512; x_wconf 88' lang='lat' dir='ltr'>iilos,</span> <span class='ocrx_word' id='word_1_205' title='bbox 1167 1475 1309 1513; x_wconf 89' lang='lat' dir='ltr'>nempe</span> <span class='ocrx_word' id='word_1_206' title='bbox 1335 1465 1542 1514; x_wconf 80' lang='lat' dir='ltr'>perituros.</span> 
     </span>
     <span class='ocr_line' id='line_1_25' title="bbox 285 1519 1543 1568; baseline -0.002 -9"><span class='ocrx_word' id='word_1_207' title='bbox 285 1520 405 1568; x_wconf 82' lang='lat' dir='ltr'>Quid,</span> <span class='ocrx_word' id='word_1_208' title='bbox 432 1531 502 1559; x_wconf 86' lang='lat' dir='ltr'>oro</span> <span class='ocrx_word' id='word_1_209' title='bbox 521 1525 579 1567; x_wconf 86' lang='lat' dir='ltr'>te,</span> <span class='ocrx_word' id='word_1_210' title='bbox 607 1521 745 1567; x_wconf 76' lang='lat' dir='ltr'>refert,</span> <span class='ocrx_word' id='word_1_211' title='bbox 771 1531 862 1558; x_wconf 87' lang='lat' dir='ltr'>num</span> <span class='ocrx_word' id='word_1_212' title='bbox 883 1519 1108 1568; x_wconf 90' lang='lat' dir='ltr'>perveniam</span> <span class='ocrx_word' id='word_1_213' title='bbox 1128 1520 1178 1558; x_wconf 83' lang='lat' dir='ltr'>ad</span> <span class='ocrx_word' id='word_1_214' title='bbox 1198 1520 1313 1558; x_wconf 67' lang='lat' dir='ltr'>illos?</span> <span class='ocrx_word' id='word_1_215' title='bbox 1348 1519 1432 1558; x_wconf 87' lang='lat' dir='ltr'>fluit</span> <span class='ocrx_word' id='word_1_216' title='bbox 1449 1524 1543 1558; x_wconf 90' lang='lat' dir='ltr'>tem-</span> 
     </span>
     <span class='ocr_line' id='line_1_26' title="bbox 283 1574 1544 1624; baseline -0.001 -11"><span class='ocrx_word' id='word_1_217' title='bbox 283 1585 360 1624; x_wconf 92' lang='lat' dir='ltr'>pus</span> <span class='ocrx_word' id='word_1_218' title='bbox 389 1579 427 1613; x_wconf 88' lang='lat' dir='ltr'>et</span> <span class='ocrx_word' id='word_1_219' title='bbox 455 1574 708 1613; x_wconf 87' lang='lat' dir='ltr'>avidissimos</span> <span class='ocrx_word' id='word_1_220' title='bbox 737 1575 798 1612; x_wconf 89' lang='lat' dir='ltr'>sui</span> <span class='ocrx_word' id='word_1_221' title='bbox 826 1574 983 1613; x_wconf 87' lang='lat' dir='ltr'>deserit.</span> <span class='ocrx_word' id='word_1_222' title='bbox 1029 1584 1104 1612; x_wconf 89' lang='lat' dir='ltr'>nec</span> <span class='ocrx_word' id='word_1_223' title='bbox 1131 1574 1239 1623; x_wconf 91' lang='lat' dir='ltr'>quod</span> <span class='ocrx_word' id='word_1_224' title='bbox 1271 1575 1442 1613; x_wconf 84' lang='lat' dir='ltr'>futurum</span> <span class='ocrx_word' id='word_1_225' title='bbox 1471 1577 1544 1620; x_wconf 85' lang='lat' dir='ltr'>est,</span> 
     </span>
     <span class='ocr_line' id='line_1_27' title="bbox 284 1628 1544 1678; baseline -0.002 -10"><span class='ocrx_word' id='word_1_226' title='bbox 284 1640 415 1668; x_wconf 86' lang='lat' dir='ltr'>meum</span> <span class='ocrx_word' id='word_1_227' title='bbox 444 1634 523 1675; x_wconf 85' lang='lat' dir='ltr'>est,</span> <span class='ocrx_word' id='word_1_228' title='bbox 553 1640 628 1668; x_wconf 88' lang='lat' dir='ltr'>nec</span> <span class='ocrx_word' id='word_1_229' title='bbox 657 1629 766 1678; x_wconf 86' lang='lat' dir='ltr'>quod</span> <span class='ocrx_word' id='word_1_230' title='bbox 793 1629 875 1667; x_wconf 84' lang='lat' dir='ltr'>fuit.</span> <span class='ocrx_word' id='word_1_231' title='bbox 912 1629 950 1667; x_wconf 88' lang='lat' dir='ltr'>in</span> <span class='ocrx_word' id='word_1_232' title='bbox 981 1633 1126 1677; x_wconf 90' lang='lat' dir='ltr'>puncto</span> <span class='ocrx_word' id='word_1_233' title='bbox 1155 1629 1339 1678; x_wconf 82' lang='lat' dir='ltr'>fugientis</span> <span class='ocrx_word' id='word_1_234' title='bbox 1356 1628 1544 1677; x_wconf 84' lang='lat' dir='ltr'>temporis</span> 
     </span>
     <span class='ocr_line' id='line_1_28' title="bbox 234 1683 1544 1733; baseline -0.002 -11"><span class='ocrx_word' id='word_1_235' title='bbox 234 1689 274 1723; x_wconf 91' lang='lat'>11</span> <span class='ocrx_word' id='word_1_236' title='bbox 286 1685 443 1733; x_wconf 91' lang='lat' dir='ltr'>pendeo</span> <span class='ocrx_word' id='word_1_237' title='bbox 464 1688 502 1722; x_wconf 91' lang='lat' dir='ltr'>et</span> <span class='ocrx_word' id='word_1_238' title='bbox 520 1684 650 1732; x_wconf 84' lang='lat' dir='ltr'>magni</span> <span class='ocrx_word' id='word_1_239' title='bbox 666 1688 727 1723; x_wconf 89' lang='lat' dir='ltr'>est</span> <span class='ocrx_word' id='word_1_240' title='bbox 744 1684 943 1733; x_wconf 79' lang='lat' dir='ltr'>modicum</span> <span class='ocrx_word' id='word_1_241' title='bbox 962 1683 1099 1722; x_wconf 88' lang='lat' dir='ltr'>fuisse.</span> <span class='ocrx_word' id='word_1_242' title='bbox 1145 1683 1354 1732; x_wconf 84' lang='lat' dir='ltr'>Eleganter</span> <span class='ocrx_word' id='word_1_243' title='bbox 1368 1684 1432 1721; x_wconf 90' lang='lat' dir='ltr'>ille</span> <span class='ocrx_word' id='word_1_244' title='bbox 1447 1683 1544 1721; x_wconf 86' lang='lat' dir='ltr'>Lae-</span> 
     </span>
     <span class='ocr_line' id='line_1_29' title="bbox 285 1738 1544 1787; baseline -0.001 -10"><span class='ocrx_word' id='word_1_245' title='bbox 285 1740 361 1778; x_wconf 91' lang='lat' dir='ltr'>lius</span> <span class='ocrx_word' id='word_1_246' title='bbox 383 1739 545 1787; x_wconf 85' lang='lat' dir='ltr'>sapiens</span> <span class='ocrx_word' id='word_1_247' title='bbox 563 1739 707 1777; x_wconf 90' lang='lat' dir='ltr'>dicenti</span> <span class='ocrx_word' id='word_1_248' title='bbox 723 1738 898 1776; x_wconf 84' lang='lat' dir='ltr'>cuidam:</span> <span class='ocrx_word' id='word_1_249' title='bbox 927 1738 1143 1786; x_wconf 74' lang='lat' dir='ltr'>Sexaqinta</span> <span class='ocrx_word' id='word_1_250' title='bbox 1157 1749 1279 1778; x_wconf 79' lang='lat' dir='ltr'>armos</span> <span class='ocrx_word' id='word_1_251' title='bbox 1293 1739 1433 1777; x_wconf 81' lang='lat' dir='ltr'>habeo:</span> <span class='ocrx_word' id='word_1_252' title='bbox 1454 1738 1544 1785; x_wconf 84' lang='lat' dir='ltr'>Hos,</span> 
     </span>
     <span class='ocr_line' id='line_1_30' title="bbox 284 1791 1542 1843; baseline -0.001 -11"><span class='ocrx_word' id='word_1_253' title='bbox 284 1793 430 1843; x_wconf 88' lang='lat' dir='ltr'>inquit,</span> <span class='ocrx_word' id='word_1_254' title='bbox 457 1795 662 1841; x_wconf 70' lang='lat' dir='ltr'>sexayinta</span> <span class='ocrx_word' id='word_1_255' title='bbox 690 1794 802 1839; x_wconf 76' lang='lat' dir='ltr'>dicis,</span> <span class='ocrx_word' id='word_1_256' title='bbox 831 1804 923 1841; x_wconf 81' lang='lat' dir='ltr'>quos</span> <span class='ocrx_word' id='word_1_257' title='bbox 941 1804 1017 1832; x_wconf 82' lang='lat' dir='ltr'>non</span> <span class='ocrx_word' id='word_1_258' title='bbox 1036 1792 1179 1832; x_wconf 82' lang='lat' dir='ltr'>habes?</span> <span class='ocrx_word' id='word_1_259' title='bbox 1218 1794 1275 1831; x_wconf 93' lang='lat' dir='ltr'>Ne</span> <span class='ocrx_word' id='word_1_260' title='bbox 1296 1803 1345 1831; x_wconf 88' lang='lat' dir='ltr'>ex</span> <span class='ocrx_word' id='word_1_261' title='bbox 1365 1793 1440 1831; x_wconf 86' lang='lat' dir='ltr'>hoc</span> <span class='ocrx_word' id='word_1_262' title='bbox 1462 1791 1542 1841; x_wconf 87' lang='lat' dir='ltr'>qui-</span> 
     </span>
     <span class='ocr_line' id='line_1_31' title="bbox 286 1846 1546 1903; baseline -0.002 -16"><span class='ocrx_word' id='word_1_263' title='bbox 286 1849 377 1888; x_wconf 86' lang='lat' dir='ltr'>dem</span> <span class='ocrx_word' id='word_1_264' title='bbox 404 1848 662 1896; x_wconf 87' lang='lat' dir='ltr'>intellegimus</span> <span class='ocrx_word' id='word_1_265' title='bbox 682 1846 1079 1903; x_wconf 62' lang='lat' dir='ltr'>inconprehensibilis</span> <span class='ocrx_word' id='word_1_266' title='bbox 1098 1848 1200 1886; x_wconf 88' lang='lat' dir='ltr'>vitae</span> <span class='ocrx_word' id='word_1_267' title='bbox 1220 1848 1491 1887; x_wconf 90' lang='lat' dir='ltr'>condicionem</span> <span class='ocrx_word' id='word_1_268' title='bbox 1508 1851 1546 1885; x_wconf 92' lang='lat' dir='ltr'>et</span> 
     </span>
     <span class='ocr_line' id='line_1_32' title="bbox 287 1902 1544 1953; baseline -0.002 -11"><span class='ocrx_word' id='word_1_269' title='bbox 287 1908 434 1953; x_wconf 85' lang='lat' dir='ltr'>sortem</span> <span class='ocrx_word' id='word_1_270' title='bbox 453 1903 641 1950; x_wconf 89' lang='lat' dir='ltr'>temporis</span> <span class='ocrx_word' id='word_1_271' title='bbox 659 1912 816 1950; x_wconf 87' lang='lat' dir='ltr'>semper</span> <span class='ocrx_word' id='word_1_272' title='bbox 832 1902 958 1950; x_wconf 87' lang='lat' dir='ltr'>alieni,</span> <span class='ocrx_word' id='word_1_273' title='bbox 980 1902 1087 1950; x_wconf 91' lang='lat' dir='ltr'>quod</span> <span class='ocrx_word' id='word_1_274' title='bbox 1102 1913 1227 1941; x_wconf 90' lang='lat' dir='ltr'>annos</span> <span class='ocrx_word' id='word_1_275' title='bbox 1243 1903 1544 1941; x_wconf 74' lang='lat' dir='ltr'>adnumeremus</span> 
     </span>
     <span class='ocr_line' id='line_1_33' title="bbox 235 1956 1544 2005; baseline -0.004 -6"><span class='ocrx_word' id='word_1_276' title='bbox 235 1965 277 1999; x_wconf 83' lang='lat'>12</span> <span class='ocrx_word' id='word_1_277' title='bbox 287 1958 487 1997; x_wconf 65' lang='lat' dir='ltr'>amissos?</span> <span class='ocrx_word' id='word_1_278' title='bbox 512 1957 599 1996; x_wconf 91' lang='lat' dir='ltr'>Hoc</span> <span class='ocrx_word' id='word_1_279' title='bbox 618 1957 837 2005; x_wconf 86' lang='lat' dir='ltr'>adfigamus</span> <span class='ocrx_word' id='word_1_280' title='bbox 857 1956 999 2003; x_wconf 89' lang='lat' dir='ltr'>animo,</span> <span class='ocrx_word' id='word_1_281' title='bbox 1020 1957 1097 1995; x_wconf 88' lang='lat' dir='ltr'>hoc</span> <span class='ocrx_word' id='word_1_282' title='bbox 1115 1957 1231 1996; x_wconf 91' lang='lat' dir='ltr'>nobis</span> <span class='ocrx_word' id='word_1_283' title='bbox 1252 1956 1420 1996; x_wconf 91' lang='lat' dir='ltr'>subinde</span> <span class='ocrx_word' id='word_1_284' title='bbox 1439 1956 1544 1994; x_wconf 86' lang='lat' dir='ltr'>dica-</span> 
     </span>
     <span class='ocr_line' id='line_1_34' title="bbox 287 2012 1545 2060; baseline -0.002 -10"><span class='ocrx_word' id='word_1_285' title='bbox 287 2023 394 2051; x_wconf 81' lang='lat' dir='ltr'>mus=</span> <span class='ocrx_word' id='word_1_286' title='bbox 423 2012 694 2060; x_wconf 88' lang='lat' dir='ltr'>„moriendum</span> <span class='ocrx_word' id='word_1_287' title='bbox 713 2016 786 2050; x_wconf 89' lang='lat' dir='ltr'>est.</span> <span class='ocrx_word' id='word_1_288' title='bbox 825 2012 998 2059; x_wconf 90' lang='lat' dir='ltr'>quando,</span> <span class='ocrx_word' id='word_1_289' title='bbox 1020 2012 1114 2060; x_wconf 91' lang='lat' dir='ltr'>quid</span> <span class='ocrx_word' id='word_1_290' title='bbox 1134 2016 1231 2050; x_wconf 70' lang='lat' dir='ltr'>tua?</span> <span class='ocrx_word' id='word_1_291' title='bbox 1258 2022 1363 2050; x_wconf 92' lang='lat' dir='ltr'>mors</span> <span class='ocrx_word' id='word_1_292' title='bbox 1382 2014 1545 2049; x_wconf 82' lang='lat' dir='ltr'>naturae</span> 
     </span>
     <span class='ocr_line' id='line_1_35' title="bbox 287 2066 1545 2114; baseline -0.001 -10"><span class='ocrx_word' id='word_1_293' title='bbox 287 2068 354 2104; x_wconf 91' lang='lat' dir='ltr'>lex</span> <span class='ocrx_word' id='word_1_294' title='bbox 381 2071 460 2114; x_wconf 88' lang='lat' dir='ltr'>est,</span> <span class='ocrx_word' id='word_1_295' title='bbox 490 2077 598 2106; x_wconf 89' lang='lat' dir='ltr'>mors</span> <span class='ocrx_word' id='word_1_296' title='bbox 622 2066 805 2105; x_wconf 80' lang='lat' dir='ltr'>tributum</span> <span class='ocrx_word' id='word_1_297' title='bbox 827 2066 1080 2114; x_wconf 83' lang='lat' dir='ltr'>officiumque</span> <span class='ocrx_word' id='word_1_298' title='bbox 1100 2067 1315 2105; x_wconf 85' lang='lat' dir='ltr'>mortalium</span> <span class='ocrx_word' id='word_1_299' title='bbox 1335 2066 1545 2104; x_wconf 88' lang='lat' dir='ltr'>malorum-</span> 
     </span>
     <span class='ocr_line' id='line_1_36' title="bbox 290 2120 1546 2170; baseline -0.002 -11"><span class='ocrx_word' id='word_1_300' title='bbox 290 2131 367 2169; x_wconf 87' lang='lat' dir='ltr'>que</span> <span class='ocrx_word' id='word_1_301' title='bbox 387 2120 560 2160; x_wconf 89' lang='lat' dir='ltr'>omnium</span> <span class='ocrx_word' id='word_1_302' title='bbox 578 2121 794 2159; x_wconf 90' lang='lat' dir='ltr'>remedium</span> <span class='ocrx_word' id='word_1_303' title='bbox 813 2125 893 2159; x_wconf 85' lang='lat' dir='ltr'>est:</span> <span class='ocrx_word' id='word_1_304' title='bbox 924 2121 1073 2169; x_wconf 88' lang='lat' dir='ltr'>optavit</span> <span class='ocrx_word' id='word_1_305' title='bbox 1086 2121 1189 2159; x_wconf 85' lang='lat' dir='ltr'>illam</span> <span class='ocrx_word' id='word_1_306' title='bbox 1205 2120 1384 2170; x_wconf 90' lang='lat' dir='ltr'>quisquis</span> <span class='ocrx_word' id='word_1_307' title='bbox 1399 2120 1546 2159; x_wconf 84' lang='lat' dir='ltr'>timet.“</span> 
     </span>
     <span class='ocr_line' id='line_1_37' title="bbox 291 2174 1543 2222; baseline -0.001 -9"><span class='ocrx_word' id='word_1_308' title='bbox 291 2175 477 2214; x_wconf 87' lang='lat' dir='ltr'>Omnibus</span> <span class='ocrx_word' id='word_1_309' title='bbox 498 2174 658 2214; x_wconf 90' lang='lat' dir='ltr'>omissis</span> <span class='ocrx_word' id='word_1_310' title='bbox 676 2175 753 2214; x_wconf 90' lang='lat' dir='ltr'>hoc</span> <span class='ocrx_word' id='word_1_311' title='bbox 771 2186 912 2222; x_wconf 90' lang='lat' dir='ltr'>unum,</span> <span class='ocrx_word' id='word_1_312' title='bbox 938 2175 1082 2222; x_wconf 88' lang='lat' dir='ltr'>Lucili,</span> <span class='ocrx_word' id='word_1_313' title='bbox 1106 2175 1314 2222; x_wconf 88' lang='lat' dir='ltr'>meditare,</span> <span class='ocrx_word' id='word_1_314' title='bbox 1339 2185 1388 2213; x_wconf 89' lang='lat' dir='ltr'>ne</span> <span class='ocrx_word' id='word_1_315' title='bbox 1407 2174 1543 2214; x_wconf 90' lang='lat' dir='ltr'>mortis</span> 
     </span>
     <span class='ocr_line' id='line_1_38' title="bbox 288 2229 1543 2277; baseline 0 -9"><span class='ocrx_word' id='word_1_316' title='bbox 288 2239 431 2268; x_wconf 88' lang='lat' dir='ltr'>nomen</span> <span class='ocrx_word' id='word_1_317' title='bbox 459 2229 708 2268; x_wconf 82' lang='lat' dir='ltr'>reformides.</span> <span class='ocrx_word' id='word_1_318' title='bbox 745 2230 860 2268; x_wconf 81' lang='lat' dir='ltr'>effice</span> <span class='ocrx_word' id='word_1_319' title='bbox 885 2230 990 2267; x_wconf 86' lang='lat' dir='ltr'>illam</span> <span class='ocrx_word' id='word_1_320' title='bbox 1008 2229 1077 2268; x_wconf 90' lang='lat' dir='ltr'>tibi</span> <span class='ocrx_word' id='word_1_321' title='bbox 1097 2229 1329 2277; x_wconf 84' lang='lat' dir='ltr'>cogitatione</span> <span class='ocrx_word' id='word_1_322' title='bbox 1349 2231 1470 2268; x_wconf 89' lang='lat' dir='ltr'>multa</span> <span class='ocrx_word' id='word_1_323' title='bbox 1488 2230 1543 2268; x_wconf 85' lang='lat' dir='ltr'>fa·</span> 
     </span>
     <span class='ocr_line' id='line_1_39' title="bbox 289 2283 1489 2334; baseline 0.001 -12"><span class='ocrx_word' id='word_1_324' title='bbox 289 2283 496 2333; x_wconf 72' lang='lat' dir='ltr'>miliat-em,</span> <span class='ocrx_word' id='word_1_325' title='bbox 521 2288 583 2334; x_wconf 89' lang='lat' dir='ltr'>ut,</span> <span class='ocrx_word' id='word_1_326' title='bbox 613 2285 647 2323; x_wconf 91' lang='lat' dir='ltr'>si</span> <span class='ocrx_word' id='word_1_327' title='bbox 666 2284 719 2324; x_wconf 89' lang='lat' dir='ltr'>ita</span> <span class='ocrx_word' id='word_1_328' title='bbox 737 2284 883 2331; x_wconf 88' lang='lat' dir='ltr'>tulerit,</span> <span class='ocrx_word' id='word_1_329' title='bbox 911 2284 1045 2332; x_wconf 87' lang='lat' dir='ltr'>possis</span> <span class='ocrx_word' id='word_1_330' title='bbox 1064 2284 1117 2322; x_wconf 91' lang='lat' dir='ltr'>illi</span> <span class='ocrx_word' id='word_1_331' title='bbox 1137 2288 1175 2323; x_wconf 91' lang='lat' dir='ltr'>et</span> <span class='ocrx_word' id='word_1_332' title='bbox 1194 2283 1350 2323; x_wconf 87' lang='lat' dir='ltr'>obviam</span> <span class='ocrx_word' id='word_1_333' title='bbox 1368 2283 1489 2323; x_wconf 89' lang='lat' dir='ltr'>exire.</span> 
     </span>
    </p>
   </div>
  </div>
 </body>
</html>
