1624 2626
191 199 360 241 LUDUS
380 199 447 239 DE
466 197 642 238 MORTE
663 196 880 236 CLAUDII.
910 199 1083 236 11—13.
1198 192 1279 235 273

119 305 280 345 Volnere
293 313 420 351 parvo
760 298 889 348 Saepe
905 302 944 338 et
960 302 1114 337 neutra.

107 361 267 409 Fiyeret
282 359 407 398 hostes
763 355 858 401 Quis
873 366 979 394 nunc
995 355 1120 393 iudex

108 417 294 464 Pictaque
311 414 423 455 Medi
768 410 858 450 Toto
875 412 961 450 lites

114 472 242 521 Terqa
255 471 429 519 fayacis.
717 484 748 507 ⁴5
762 467 906 506 Audiet
923 477 1027 506 anno
1036 464 1058 506 ?

66 547 98 569 ιε,
110 528 184 567 Ille
202 527 416 566 Britannos
768 523 854 562 Tibi
869 524 948 562 iam
965 523 1076 562 cedet

115 584 226 624 [sura
244 584 326 622 noti
764 579 864 619 Sede
881 580 1031 627 relicta,

109 640 248 680 Litora
253 640 370 688 ponti
767 635 841 682 Qui
855 635 925 674 dat
937 636 1084 685 populo

111 697 163 734 Et
178 696 381 735 caeruleos
763 692 864 730 Iura
881 693 1019 739 silenti,

110 752 231 791 Scuta
250 751 470 799 Brz‘qantas
720 766 751 788 ω
768 747 930 786 Cretaea
954 753 1085 786 tenens

66 827 97 849 ao
110 809 220 848 Dare
235 807 431 846 Romuleis
768 803 923 853 oppida
940 809 1105 843 centum.

115 864 222 903 Colla
241 864 388 902 catenis
472 872 478 875 ·
768 860 924 899 Caedite
942 860 1094 899 moestis

112 921 231 959 Iussit
247 924 285 958 et
306 920 432 968 ipsum
765 917 931 955 Pectora
945 917 1102 965 palmis,

113 976 222 1015 Nova
239 974 441 1013 Romanae
769 972 800 1012 Ο
816 972 1018 1020 causidici,

115 1033 216 1071 Iura
232 1032 380 1070 securis
721 1046 751 1068 5⁵
777 1029 922 1068 Venale
936 1039 1072 1077 qenus.

70 1106 100 1128 ³⁵
122 1088 300 1127 Tremere
319 1086 524 1125 Oceanum.
776 1083 924 1133 Vosque
935 1089 1077 1133 poetae

115 1145 261 1192 Deflete
270 1141 414 1190 ‘vir-um,
766 1141 910 1189 Luyete
927 1141 1026 1188 novi,

117 1200 199 1247 Quo
219 1209 295 1238 non
314 1199 417 1237 alius
778 1198 927 1246 Vosque
945 1198 986 1235 in
998 1197 1154 1246 primis,

116 1256 244 1296 Potuit
258 1256 371 1294 citius
770 1252 848 1299 Qui
862 1263 1047 1292 concusso

0 1348 3 1358 K
115 1313 276 1351 Discere
293 1320 436 1350 causas
724 1326 755 1349 eo
770 1308 925 1358 Maqna
937 1311 1115 1358 parastis

0 1386 3 1395 ,
72 1385 105 1408 ιο
123 1368 209 1407 Una
227 1371 374 1406 tantum
460 1367 471 1374 ”
646 1383 650 1448 Ι
768 1365 901 1405 Lucra
916 1365 1072 1413 fritillo.

118 1425 237 1463 Parte
254 1423 402 1468 audita,

89 1479 191 1517 XIII.
219 1478 499 1518 Delectabatur
520 1476 706 1516 laudibus
729 1476 815 1516 suis
837 1474 1025 1516 Claudius
1047 1482 1086 1517 et
1105 1476 1292 1526 cupiebat
1313 1486 1333 1519 1

11 1535 160 1575 diutius
188 1527 384 1583 spectare.
421 1532 532 1572 inicit
564 1532 619 1571 illi
647 1544 809 1572 manum
837 1532 1085 1583 Talthybius,
1123 1533 1292 1573 deorum

0 1590 195 1638 nuntius,
226 1595 266 1629 et
291 1589 410 1628 trahit
436 1587 567 1637 capite
594 1588 806 1636 obvoluto,
842 1599 894 1627 ne
923 1589 1014 1637 quis
1042 1599 1133 1628 eum
1162 1589 1294 1638 possit

0 1655 248 1697 agnoscere,
266 1655 340 1694 per
354 1654 537 1693 campum
552 1644 748 1693 Martium,
766 1649 806 1684 et
820 1644 922 1683 inter
936 1644 1106 1683 Tiberim
1122 1650 1161 1684 et
1173 1645 1290 1684 Viam

2 1703 171 1742 'Tectam
201 1700 412 1742 descendit
429 1701 482 1740 ad
502 1700 666 1739 inferos.
709 1702 998 1740 Antecesserat
1014 1701 1092 1739 iam
1114 1711 1291 1750 conpen-
1307 1708 1330 1742 2

13 1758 139 1799 diaria
166 1757 380 1796 Narcissus
407 1756 572 1795 libertus
602 1760 774 1804 [dominus
801 1760 964 1804 domini‚]
999 1756 1051 1795 ad
1079 1761 1293 1805 patronum

14 1814 294 1863 excipiendum
315 1817 355 1851 et
371 1812 548 1851 venienti
567 1812 735 1860 nitidus,
759 1817 803 1852 ut
821 1817 906 1851 erat
924 1823 948 1851 a
965 1812 1131 1861 balneo,
1152 1823 1292 1852 occur-

13 1870 64 1909 rit
82 1875 122 1909 et
141 1870 214 1908 ait:
244 1868 369 1918 „quid
389 1868 429 1906 di
449 1868 502 1906 ad
521 1867 764 1907 homines?“
800 1868 1018 1917 „,Cele1·ius
1040 1872 1293 1917 [praecedito]‚

14 1926 142 1975 inquit
159 1924 400 1972 Mercurius,
430 1928 469 1962 et
485 1923 624 1962 venire
643 1935 718 1963 nos
738 1924 928 1963 nuntia.“‘
975 1924 1059 1975 [ille
1075 1929 1207 1963 autem
1224 1935 1294 1973 pa-

14 1986 130 2021 trono
150 1982 266 2030 plura
284 1980 455 2019 blandiri
473 1979 647 2018 volebat.
693 1991 813 2029 quem
830 1979 1053 2018 Mercurius
1077 1981 1219 2019 iterum
1238 1981 1295 2018 fe-

0 2034 165 2083 stinare*
195 2036 313 2075 iussit
345 2041 386 2075 et
411 2036 526 2084 virga
560 2041 780 2075 morantem
810 2036 980 2086 inpulit]
1034 2036 1148 2075 Dicto
1181 2035 1296 2075 citius

13 2092 230 2131 Narcissus
256 2093 402 2132 evolat.
451 2091 591 2130 Omnia
618 2091 812 2140 proclivia
840 2097 950 2139 sunt,
979 2091 1097 2130 facile
1127 2091 1334 2132 descen-3

0 2147 134 2193 uitur.
162 2147 315 2196 itaque,
346 2147 530 2197 quamvis
552 2147 797 2197 podagricus
818 2152 946 2194 esset,
977 2151 1178 2186 momento
1199 2152 1294 2187 tem-

17 2204 127 2255 poris
148 2204 328 2253 pervenit
346 2205 398 2243 ad
417 2203 576 2243 ianuam
595 2203 714 2242 Ditis:
748 2203 816 2241 ubi
831 2202 988 2241 iacebat
1003 2202 1200 2243 Cerberus
1214 2204 1294 2253 vel,

17 2265 62 2298 ut
86 2259 140 2298 ait
165 2259 375 2308 Horatius,
404 2261 517 2300 belua
543 2262 737 2308 centiceps
763 2259 872 2309 [sese
897 2267 1066 2298 movens
1093 2259 1294 2309 villasque

0 2313 242 2357 &horrendos
257 2315 494 2364 excutiens].
521 2315 711 2365 pusillum
728 2314 1072 2363 submi-turbatur,
1086 2337 1144 2345 -—
1162 2315 1294 2354 albam

0 2412 1 2420 ἵ
20 2379 159 2408 canem
186 2371 225 2409 in
246 2371 399 2412 deliciis
416 2372 565 2412 habere
586 2372 829 2412 adsueverat
846 2392 903 2400 —
921 2375 965 2411 ut
982 2370 1092 2411 illum
1108 2371 1207 2411 vidit
1227 2382 1292 2411 ca-

0 2464 1 2467 ,
75 2437 205 2464 smum
223 2439 315 2465 mm..
336 2430 362 2465 Ι.
498 2441 502 2448 ·
1052 2431 1095 2468 18
