1624 2626
279 156 360 198 252
522 157 565 196 L.
591 157 780 195 ANNAEI
807 156 1032 196 SENECAE
1059 158 1190 197 DIAL.
1206 158 1287 197 ΧΠ.

281 256 505 304 suppletum
531 255 600 302 sit,
638 254 730 304 quia
763 255 967 295 defuerat?
1007 255 1078 295 His
1107 266 1201 305 ergo
1230 258 1432 296 advocatis
1453 267 1532 297 non

279 315 427 349 tantum
446 314 527 348 tuta
545 314 623 357 est,
650 310 723 348 sed
740 309 855 347 etiam
874 310 1048 358 gratiosa
1068 317 1293 359 paupertas.

244 373 261 405 1
357 364 458 402 X111.
494 364 744 412 Responderi
764 369 914 412 potest=
948 364 1075 412 „Quid
1095 365 1306 404 artificiose
1323 365 1398 405 ista
1418 351 1532 405 didu—

280 418 357 466 cis,
390 428 520 467 quae
557 419 759 467 singula
791 418 1035 458 sustineri
1071 424 1306 468 possunt,
1345 421 1534 459 collata

279 484 303 511 n
315 484 337 512 o
348 484 374 510 n
403 484 427 521 p
441 484 463 511 0
475 483 494 511 s
505 483 524 511 s
534 477 619 512 unt
632 477 652 511 ἵ
694 473 937 512 conmutatio
956 473 1034 512 loci
1052 474 1265 513 tolerabilis
1284 479 1366 521 cst,
1394 475 1427 513 si
1449 479 1531 513 tan-

278 533 359 567 tum
378 529 508 566 locum
527 532 667 566 mutes.
696 532 910 576 paupertas
928 529 1143 567 tolerabilis
1164 533 1241 575 est,
1270 529 1303 567 si
1322 528 1534 578 ignominia

242 588 263 621 2
279 582 400 629 absit,
431 592 533 630 quae
553 582 615 621 vel
631 583 717 621 sola
734 582 957 630 opprimere
971 583 1124 622 animos
1142 584 1282 622 solet.“
1325 584 1533 622 Adversus

278 637 383 675 hunc
400 637 579 685 quisquis
595 647 656 676 me
672 638 863 679 malorum
879 637 992 676 turba
1008 638 1184 684 terrebit,
1201 637 1261 676 his
1276 637 1408 677 verbis
1422 643 1532 677 uten-

279 692 371 730 dum
390 692 482 731 erit:
513 690 563 729 Si
586 696 761 730 contra
781 702 840 730 un
854 692 1205 740 amquamlibet
1222 698 1411 740 partem
1432 693 1531 731 for-

278 751 429 785 tunae
465 745 592 784 satis
627 745 719 785 tibi
751 746 956 785 roboris
993 751 1090 793 est,
1129 747 1257 786 idem
1283 748 1532 786 adversus

280 801 437 839 omnis
466 800 573 838 erit.
620 811 710 839 cum
738 802 860 839 semel
888 801 1057 840 animum
1076 801 1200 839 virtus
1220 801 1433 849 induravit,
1461 813 1533 839 un·

279 855 398 904 dique
424 855 747 894 involnerabilem
767 860 959 904 praestat:
989 856 1023 894 si
1042 855 1204 894 avaritia
1222 855 1386 903 dimisit,
1414 856 1531 895 vehe-

279 909 523 948 mentissima
548 909 704 957 generis
729 909 889 948 humani
916 910 1061 959 pestis,
1097 921 1246 949 moram
1273 910 1340 959 tibi
1372 911 1531 950 ambitio

279 975 359 1003 non
378 965 504 1003 saciet.
534 963 568 1002 si
587 964 761 1003 ultimum
778 964 881 1003 diem
894 975 974 1003 non
991 964 1105 1013 quasi
1121 975 1288 1013 poenam
1299 995 1308 1013 ‚
1329 965 1402 1003 sed
1419 966 1532 1014 quasi

280 1024 442 1057 naturae
468 1019 595 1066 legem
617 1017 813 1066 adspicis,
843 1029 893 1057 ex
913 1029 991 1067 quo
1011 1024 1172 1068 pectore
1191 1025 1335 1058 metum
1355 1019 1531 1066 eieceris,

241 1079 264 1113 3
280 1074 319 1111 in
338 1073 378 1111 id
397 1071 539 1110 nullius
559 1072 616 1110 rei
631 1073 746 1111 timor
761 1073 921 1112 audebit
934 1074 1090 1113 intrare.
1119 1074 1153 1112 si
1169 1073 1318 1122 cogitas
1333 1074 1532 1113 libidinem

279 1139 358 1166 non
386 1126 599 1175 voluptatis
620 1137 742 1165 causa
760 1127 907 1166 homini
926 1128 1076 1175 datam,
1105 1128 1178 1166 sed
1196 1129 1443 1176 propagandi
1463 1138 1531 1176 ge-

278 1182 385 1220 neris
396 1211 406 1229 ,
426 1192 544 1230 quem
562 1191 640 1219 non
656 1181 862 1220 violaverit
875 1181 950 1221 hoc
965 1188 1159 1221 secretum
1174 1187 1213 1220 et
1226 1181 1389 1220 infixum
1403 1183 1530 1221 visce-

278 1236 388 1275 ribus
414 1235 513 1285 ipsis
539 1235 719 1283 exitium,
747 1236 874 1274 omnis
901 1237 977 1274 alia
996 1237 1192 1285 cupiditas
1211 1237 1397 1276 intactum
1416 1247 1530 1285 prae-

278 1290 420 1330 teribit.
465 1291 552 1329 Non
581 1290 735 1338 singula
761 1290 854 1328 vitia
878 1290 997 1337 ratio,
1028 1291 1100 1329 sed
1128 1290 1273 1339 pariter
1291 1292 1421 1330 omnia
1439 1301 1530 1339 pro-

242 1348 265 1382 4
280 1344 435 1385 sternit:
463 1344 503 1382 in
521 1345 748 1383 universum
765 1345 889 1383 semel
906 1345 1083 1384 vincitur.
1124 1346 1340 1393 Ignominia
1358 1351 1401 1384 tu
1415 1352 1531 1394 putas

280 1410 533 1462 quemquam
538 1399 755 1447 sapientem
774 1399 922 1438 moveri
942 1409 1084 1447 posse,
1112 1400 1177 1448 qui
1200 1401 1330 1438 omnia
1347 1401 1387 1438 in
1407 1410 1452 1438 se
1469 1410 1530 1438 re-

279 1453 430 1504 posuit,
467 1452 536 1502 qui
563 1454 611 1492 ab
639 1453 890 1502 opinionibus
917 1454 1022 1502 volgi
1055 1454 1254 1493 secessit?
1293 1456 1383 1503 plus
1416 1455 1532 1494 etiam

280 1520 398 1558 quam
424 1507 648 1564 ignominia
666 1513 728 1547 est
753 1518 859 1547 mors
879 1507 1162 1556 ignominiosa:
1198 1508 1382 1548 Socrates
1401 1513 1531 1548 tamen

279 1565 421 1604 eodem
445 1564 511 1602 illo
540 1552 668 1611 voltu,
697 1574 776 1611 quo
803 1562 959 1611 triginta
976 1568 1168 1613 tyrannos
1187 1563 1297 1602 solus
1317 1564 1530 1626 aliquando

279 1620 318 1657 in
339 1618 516 1658 ordinem
542 1618 767 1666 redegerat,
796 1628 993 1656 carcerem
1011 1618 1167 1657 intravit
1183 1617 1434 1666 ignominiam
1452 1619 1530 1666 ipsi

280 1675 369 1712 loco
398 1673 656 1712 detracturus.
705 1683 835 1721 neque
862 1673 964 1711 enim
993 1677 1147 1721 poterat
1173 1683 1308 1711 carcer
1337 1673 1462 1711 videri
1489 1673 1529 1711 in

243 1735 264 1768 5
283 1738 361 1777 quo
383 1727 568 1766 Socrates
591 1731 684 1765 erat.
731 1727 826 1774 Quis
844 1737 973 1775 usque
993 1738 1041 1767 eo
1060 1728 1111 1766 ad
1127 1727 1446 1776 conspiciendam
1460 1737 1528 1766 ve-

278 1783 430 1821 ritatem
457 1786 694 1820 excaecatus
721 1786 799 1829 est,
829 1787 872 1820 ut
899 1781 1151 1830 ignominiam
1170 1786 1280 1830 putet
1299 1781 1350 1819 Μ.
1371 1781 1529 1820 Catonis

280 1838 404 1876 fuisse
432 1837 628 1885 duplicem
654 1835 693 1874 in
721 1836 908 1885 petitione
934 1842 1142 1885 praeturae
1167 1842 1204 1875 et
1223 1836 1449 1875 consulatus
1467 1846 1529 1874 re-

281 1893 460 1940 pulsam?
495 1890 708 1940 ignominia
726 1892 791 1930 illa
809 1896 1016 1940 praeturae
1035 1896 1073 1930 et
1092 1892 1317 1930 consulatus
1332 1890 1421 1937 fuit,
1444 1890 1528 1939 qui-

243 1950 264 1985 6
279 1947 353 1984 bus
373 1957 425 1984 ex
443 1946 590 1986 Catone
607 1946 736 1985 honor
751 1946 978 1985 habebatur.
1023 1946 1144 1985 Nemo
1160 1946 1207 1984 ab
1223 1945 1298 1983 alio
1316 1945 1527 1984 contemni-

280 2005 361 2047 tur,
387 2001 463 2040 nisi
491 2012 515 2040 a
542 2011 587 2039 se
608 2005 699 2039 ante
718 2005 965 2049 contemptus
985 2005 1057 2040 est.
1097 1999 1251 2038 humilis
1272 2004 1310 2039 et
1327 1998 1527 2048 proiectus

280 2055 432 2094 animus
455 2056 506 2094 sit
530 2054 596 2094 isti
614 2055 872 2095 contumeliae
892 2060 1156 2104 opportunus:
1187 2054 1253 2102 qui
1271 2064 1367 2093 vero
1387 2054 1527 2092 adver-

281 2119 352 2147 sus
379 2109 637 2150 saevissimos
657 2121 776 2149 casus
796 2121 841 2149 se
861 2111 1010 2150 extollit
1028 2114 1066 2148 et
1085 2119 1132 2147 ea
1148 2110 1268 2157 mala,
1299 2108 1440 2157 quibus
1460 2107 1528 2147 alii

281 2164 570 2212 opprimuntur,
590 2166 738 2213 evertit,
757 2166 866 2214 ipsas
881 2165 1058 2203 miserias
1071 2163 1277 2202 infularum
1292 2164 1380 2202 loco
1395 2162 1524 2208 habet,

281 2218 440 2266 quando
468 2219 521 2258 ita
546 2219 688 2258 adfecti
714 2230 871 2268 sumus,
899 2224 941 2259 ut
966 2218 1057 2257 nihil
1076 2228 1203 2266 aeque
1221 2228 1400 2266 magnam
1417 2217 1526 2265 apud

281 2283 356 2313 nos
386 2272 681 2313 admirationem
709 2279 898 2324 occupet,
930 2284 1044 2322 quam
1072 2273 1188 2312 homo
1216 2274 1366 2312 fortiter
1391 2272 1523 2312 miser.
