1624 2626
0 2290 20 2325 ἵζ’,
0 2128 19 2272 ’Ἀθ-’.Σεθὶ
0 2104 11 2118 s*
3 2092 7 2096 ⁴

306 173 441 213 DIAL.
471 172 537 211 111.
579 164 646 212 DE
669 172 761 212 IRA
787 171 883 211 LIB.
910 171 941 210 Ι.
972 177 1141 213 11—13.
1312 169 1366 211 45

72 277 238 318 tioribus
266 281 306 314 et
330 275 469 314 relicto
489 274 621 314 iudice
653 275 704 313 ad
734 284 924 314 coronam
950 275 1080 314 venis.
1121 273 1215 323 quia
1242 285 1366 314 unus--

74 333 248 382 quisque
278 330 316 370 in
346 331 544 370 eiusmodi
573 341 737 370 suorum
759 341 859 370 casu
885 330 1089 379 irascitur,
1118 335 1236 380 putas
1263 330 1365 370 iudi-

73 394 234 428 caturos
261 386 445 426 homines
473 387 512 425 id
535 387 620 425 fieri
643 386 805 434 debere,
826 386 937 436 quod
956 386 1119 425 faciunt.
1155 386 1240 425 fere
1261 386 1366 425 enim

72 446 220 484 iustum
249 444 422 492 quisque
457 443 658 481 adfectum
686 441 853 489 iudicat,
893 452 1010 491 quem
1040 442 1237 490 agnoscit.
1285 442 1407 481 Ira-4

73 505 240 540 scuntur
265 499 361 538 boni
389 498 463 537 viri
492 509 565 547 pro
587 509 754 537 suorum
777 498 951 537 iniuriis=
981 498 1054 537 sed
1074 497 1182 536 idem
1202 497 1366 544 faciunt,

72 557 106 595 si
134 555 250 594 calda
277 565 359 593 non
389 555 494 593 bene
522 553 756 603 praebetur,
788 554 823 593 si
841 554 1009 593 vitreum
1031 554 1199 593 fractum
1220 558 1301 602 est,
1331 553 1368 593 si

72 608 233 651 calceus
261 611 343 649 luto
372 621 541 659 sparsus
563 615 635 648 est.
677 610 765 648 Non
786 609 915 659 pietas
934 609 1040 648 illam
1059 611 1178 658 iram,
1212 610 1286 648 sed
1307 610 1366 648 in-

72 667 238 707 firmitas
257 671 412 714 movet,
442 666 547 705 sicut
565 665 726 715 pueris,
757 666 825 715 qui
844 671 922 705 tam
945 666 1178 715 parentibus
1199 666 1363 704 amissis

71 723 227 763 flebunt
255 733 375 771 quam
403 722 588 761 nucibus.
623 722 749 760 Irasci
774 733 848 770 pro
870 720 955 761 suis
976 732 1056 760 non
1078 727 1140 761 est
1158 720 1214 771 pii
1233 722 1366 768 ammi,
1382 730 1405 764 5

72 780 146 818 sed
173 778 330 817 infirmi.
369 778 471 816 lllud
492 777 702 826 pulchrum
722 778 987 826 dignumque,
1016 788 1088 826 pro
1119 778 1367 826 parentibus,

71 835 229 880 liberis,
260 833 418 880 amicis,
450 832 604 872 civibus
632 833 796 882 prodire
824 833 1078 872 defensorem
1107 834 1199 882 ipso
1230 833 1365 872 officio

73 891 265 937 ducente,
286 890 504 938 volentem,
525 889 788 937 iudicantem,
812 890 1112 938 providentem,
1135 900 1216 927 non
1236 889 1366 938 inpul—

74 957 162 985 sum
180 950 220 984 et
237 945 433 984 rabidum.
463 946 596 984 nullus
613 944 719 989 enim
737 945 919 984 adfectus
935 945 1167 983 vindicandi
1184 944 1369 994 cupidior

74 1007 136 1040 est
157 1012 276 1050 quam
303 1001 363 1038 ira
390 1005 430 1039 et
458 1000 509 1039 ob
529 1001 571 1038 id
590 1001 723 1049 ipsum
743 1001 796 1038 ad
816 1000 1102 1038 vindicandum
1123 1004 1232 1048 [tam]
1255 1000 1367 1039 inha-

72 1057 184 1104 bilis,
204 1056 468 1105 praerapidus
490 1060 531 1094 et
549 1066 709 1104 amens,
739 1060 783 1094 ut
802 1056 932 1095 omnis
951 1056 1036 1094 fere
1056 1057 1255 1105 cupiditas
1276 1056 1369 1105 ipsa

73 1113 150 1151 sibi
168 1113 206 1151 in
229 1112 269 1150 id
289 1112 328 1150 in
349 1112 459 1160 quod
480 1117 674 1161 properat
693 1113 931 1161 opponitur:
952 1111 1089 1161 itaque
1108 1123 1184 1151 nec
1204 1113 1243 1151 in
1264 1123 1368 1161 pace

72 1178 148 1206 nec
167 1168 207 1206 in
228 1168 333 1206 bello
353 1178 543 1217 umquam
563 1168 671 1207 bono
694 1168 779 1207 suit.
809 1178 952 1216 pacem
966 1168 1073 1206 enim
1089 1168 1257 1207 similem
1273 1167 1368 1206 belli

70 1223 213 1272 efficit,
234 1223 273 1262 in
295 1224 414 1262 armis
433 1234 530 1262 vero
551 1223 798 1263 obliviscitur
812 1223 980 1263 Martem
999 1234 1094 1263 csse
1114 1234 1367 1263 communem

73 1280 263 1329 venitque
282 1280 320 1318 in
342 1280 512 1318 alienam
532 1284 791 1328 potestatem,
814 1280 907 1318 dum
928 1279 967 1317 in
989 1290 1064 1319 sua
1083 1291 1163 1319 non
1185 1284 1261 1319 est.
1289 1281 1364 1318 De·
1382 1285 1405 1320 6

71 1335 166 1373 inde
192 1347 273 1375 non
302 1335 394 1374 ideo
422 1335 518 1374 vitia
544 1335 583 1374 in
610 1347 729 1375 usum
755 1336 991 1384 recipienda
1023 1341 1138 1384 sunt,
1174 1337 1269 1385 quia
1296 1336 1365 1374 ali-

73 1391 235 1440 quando
256 1391 407 1440 aliquid
423 1391 653 1431 effecerunt.
683 1403 774 1430 nam
795 1397 834 1431 et
850 1391 984 1430 febres
1002 1393 1200 1440 quaedam
1216 1402 1367 1441 genera

72 1447 302 1485 valitudinis
323 1448 475 1494 levant,
496 1458 572 1486 nec
592 1447 684 1487 ideo
709 1459 790 1487 non
810 1458 862 1485 ex
880 1452 964 1487 toto
985 1447 1062 1486 illis
1084 1448 1264 1487 caruisse
1282 1458 1365 1485 me-

75 1501 151 1540 lius
167 1507 248 1540 est:
267 1502 575 1542 abominandum
589 1504 755 1542 remedii
770 1514 898 1552 genus
915 1509 978 1543 est
992 1504 1199 1543 sanitatem
1217 1504 1366 1542 debere

75 1557 230 1596 morbo.
269 1557 395 1596 Simili
413 1559 533 1598 modo
562 1559 639 1606 ira,
669 1559 786 1598 etiam
809 1560 843 1599 si
864 1559 1081 1608 aliquando
1102 1565 1146 1599 ut
1164 1570 1366 1598 venenum

75 1618 115 1651 et
136 1613 410 1662 praecipitatio
441 1618 480 1652 et
498 1615 747 1663 naufragium
775 1626 827 1654 ex
853 1615 1061 1664 inopinato
1087 1615 1253 1664 profuit,
1284 1626 1365 1654 non

75 1668 166 1708 ideo
189 1669 373 1708 salutaris
400 1669 613 1709 iudicanda
631 1676 705 1710 est.
743 1682 869 1721 saepe
897 1672 1002 1710 enim
1025 1673 1142 1710 saluti
1164 1672 1274 1710 suere
1295 1681 1367 1719 pe-

76 1725 224 1763 stifera.

155 1781 256 1819 XIII.
285 1780 438 1819 Deinde
459 1791 563 1830 quae
582 1780 768 1821 habenda
785 1788 877 1822 sunt
893 1785 948 1831 [in
962 1784 1095 1834 bonis]‚
1117 1794 1198 1833 quo
1214 1784 1368 1821 maiora
1383 1791 1402 1824 1

75 1848 124 1875 eo
144 1836 310 1876 meliora
330 1842 369 1875 et
389 1836 629 1885 optabiliora
647 1843 751 1877 sunt.
782 1837 824 1877 Si
844 1839 992 1879 iustitia
1010 1840 1163 1878 bonum
1187 1844 1267 1886 est,
1296 1849 1365 1877 ne-

74 1903 141 1931 mo
163 1892 268 1931 dicet
291 1892 496 1931 meliorem
516 1893 706 1940 futuram,
727 1894 762 1932 si
782 1894 880 1943 quid
900 1896 1122 1934 detractum
1142 1905 1193 1932 ex
1213 1905 1261 1932 ea
1279 1895 1364 1934 sue-

75 1948 136 1987 rit.
180 1948 214 1986 si
250 1948 440 1987 fortitudo
470 1948 618 1987 bonum
646 1955 725 1997 est,
761 1960 878 1989 nemo
906 1951 1011 1990 illam
1043 1950 1290 1989 desiderabit
1315 1958 1402 1991 ex2

77 2004 210 2053 aliqua
237 2008 349 2052 parte
371 2004 565 2042 deminui:
596 2015 692 2052 crgo
721 2009 759 2044 et
784 2006 851 2044 ira
865 2018 944 2055 quo
965 2006 1091 2044 maior
1113 2006 1192 2044 hoc
1210 2006 1364 2045 melior.

77 2059 166 2108 quis
188 2061 292 2098 enim
312 2059 432 2099 ullius
451 2060 547 2099 boni
567 2060 845 2100 accessionem
863 2062 1140 2101 recusaverit?
1163 2062 1274 2111 atqui
1295 2073 1364 2101 au-

75 2116 159 2163 geri
181 2116 286 2154 illam
312 2115 450 2155 inutile
470 2121 551 2154 est:
581 2126 677 2163 ergo
699 2121 737 2155 et
756 2127 862 2156 esse.
896 2118 984 2156 Non
1005 2122 1067 2156 est
1083 2118 1232 2157 bonum
1254 2119 1365 2168 quod

74 2171 319 2210 incremento
339 2173 486 2210 malum
506 2172 561 2210 fit.
591 2172 745 2219 ,‚Utilis‚
767 2173 906 2221 inquit,
926 2173 986 2211 ira
1005 2178 1078 2222 est,
1099 2174 1193 2223 quia
1211 2185 1363 2223 pugna·
1380 2183 1403 2217 3

77 2227 208 2266 ciores
229 2228 362 2266 facit.“
392 2227 472 2267 Isto
495 2228 616 2267 modo
638 2233 676 2266 et
695 2228 890 2267 ebrietas:
909 2229 1003 2268 facit
1023 2230 1127 2268 enim
1150 2235 1364 2280 protervos

77 2287 117 2320 et
144 2282 320 2321 audaces
347 2284 539 2332 multique
567 2284 755 2322 meliores
782 2284 834 2322 ad
862 2285 1008 2324 ferrum
1035 2286 1148 2324 fuere
1166 2287 1270 2324 male
1298 2297 1363 2325 so-

77 2337 164 2377 brii.
199 2339 417 2378 istomodo
440 2340 503 2378 dic
533 2345 570 2378 et
598 2340 815 2388 phrenesin
844 2345 963 2389 atque
991 2341 1186 2381 insaniam
1210 2342 1363 2381 viribus

8 2428 29 2454 »μ’

0 2533 57 2626 Q
