1592 2580
287 155 354 195 DE
381 155 661 197 emmens
685 155 781 195 LIB.
801 155 868 194 111.
897 143 1069 197 17420.
1271 153 1325 195 47

47 259 124 298 sub
145 256 297 307 dispari
319 257 428 296 titulo
451 255 564 306 paria
583 256 620 295 in
641 256 732 295 illos
752 257 884 295 licent.
925 255 1037 305 atqui
1053 256 1148 296 dant
1165 254 1327 305 regibus

47 313 154 362 suis,
183 313 280 354 dant
298 313 607 362 imperatoribus
628 312 844 351 beneficia:
873 322 971 361 ergo
992 317 1032 351 et
1052 315 1181 360 [serm]
1203 313 1327 352 domi-

47 371 124 409 nis.
168 369 306 408 Potest
324 379 468 408 servus
488 369 617 408 iustus
638 362 754 416 es'se,
784 372 916 417 potest
934 368 1069 417 sortis,
1091 373 1226 417 potest
1246 379 1325 407 ma-
1346 373 1370 408 4

47 426 114 475 gni
133 425 272 464 animi:
300 435 396 474 ergo
426 429 465 463 et
490 424 731 463 beneficium
758 424 855 462 dare
883 429 1030 473 potest.
1070 435 1161 462 nam
1191 429 1230 464 et
1248 424 1326 463 hoc

45 481 201 520 virtutis
221 485 296 520 est.
342 481 460 520 Adeo
482 481 643 529 quidem
671 479 844 519 dominis
872 479 978 519 servi
1004 479 1203 519 beneficia
1231 490 1326 529 pos-

49 543 142 576 sunt
161 537 276 583 dare‚
300 541 343 576 ut
362 536 478 585 ipsos
499 547 624 585 saepe
643 536 829 575 beneficii
847 535 911 575 sui
930 535 1108 575 fecerint.

127 593 229 631 XIX.
252 593 428 632 Non-est
454 592 639 637 dubium,
672 592 767 641 quin
788 602 931 630 servus
959 591 1198 631 beneficium
1230 592 1327 630 dare
1351 598 1368 631 1

45 648 178 699 possit
196 648 378 687 cuilibet:
409 659 533 698 quare
563 658 659 696 ergo
695 659 775 687 non
803 652 842 687 et
869 647 1030 686 domino
1065 658 1140 686 suo
1171 648 1328 697 possit?

45 704 174 753 „Quia
193 716 273 744 non
296 709 441 753 potest,
462 704 609 752 inquit,
631 704 807 742 creditor
829 702 979 742 domini
999 704 1062 743 sui
1077 702 1182 750 fieri,
1207 704 1240 743 si
1256 714 1326 752 pe>

46 762 204 799 cuniam
223 760 277 798 illi
298 760 464 798 dederit.
491 760 682 808 Alloquin
704 759 850 799 cotidie
868 759 1073 798 dominum
1092 770 1208 798 suum
1227 759 1327 799 obli-

45 821 132 865 gat:
163 815 484 865 peregrinantem
505 816 706 864 sequitur,
734 825 857 863 aegro
878 815 1122 854 ministratur
1149 814 1236 854 eius
1271 815 1326 854 la—

44 872 146 911 bore
166 882 320 910 summo
343 872 486 922 [colitjz
519 872 652 910 omnia
678 876 810 910 tamen
842 871 938 918 ista,
971 881 1077 920 quae
1101 870 1179 910 alio
1212 881 1326 920 prae-

46 933 179 967 stante
197 927 396 966 beneficia
422 928 666 974 dicerentur,
697 931 927 976 praestante
956 937 1075 966 servo
1108 926 1328 966 ministerIa

45 989 150 1023 sunt.
198 983 438 1022 beneficium
458 984 562 1022 enim
586 983 626 1021 id
647 988 727 1029 est,
758 983 871 1031 quod
892 983 984 1031 quis
1004 982 1133 1030 dedit,
1162 993 1251 1022 cum
1273 983 1327 1021 illi

45 1039 184 1078 liceret
202 1043 241 1077 et
259 1050 339 1078 non
359 1039 468 1077 dare.
508 1049 650 1078 servus
675 1043 804 1077 autem
824 1050 902 1078 non
924 1038 1044 1077 habet
1064 1039 1236 1087 negandi
1254 1050 1325 1087 po-

46 1099 250 1134 testatem:
277 1095 331 1133 ita
357 1105 436 1133 non
466 1098 661 1142 praestat,
692 1094 765 1132 sed
786 1099 918 1142 paret,
950 1105 1026 1133 nec
1045 1095 1087 1132 id
1107 1104 1152 1132 se
1179 1095 1326 1133 secisse

43 1149 184 1197 iactat,
215 1151 323 1200 quod
344 1161 423 1188 non
447 1150 579 1188 facere
607 1161 685 1189 non
714 1150 880 1198 potuit.“
929 1150 1010 1188 Iam
1038 1150 1113 1189 sub
1143 1149 1218 1188 ista
1239 1152 1326 1198 lege
1346 1153 1368 1186 2

42 1206 201 1245 vincam
226 1211 266 1245 et
293 1217 343 1246 eo
373 1206 589 1254 perducam
622 1217 803 1253 servum,
829 1211 874 1244 ut
902 1205 943 1244 in
970 1206 1093 1244 multa
1126 1206 1228 1244 liber
1255 1207 1324 1244 sit:

43 1261 199 1300 interim
220 1262 284 1300 dic
305 1262 420 1310 mihi,
451 1262 485 1300 si
506 1262 574 1300 tibi
595 1262 812 1301 ostendero
833 1261 1006 1310 aliquem
1027 1262 1221 1312 [servum]
1250 1272 1325 1311 pro

44 1319 175 1356 salute
197 1318 347 1357 domini
376 1318 439 1356 sui
466 1318 554 1356 sine
573 1323 762 1366 respectu
790 1318 852 1356 sui
880 1317 1132 1356 dimicantem
1163 1323 1203 1357 et
1230 1328 1325 1356 con-

44 1375 201 1412 fossum
235 1374 488 1420 volneribus,
516 1374 708 1423 reliquias
737 1379 868 1412 tamen
903 1372 1111 1422 sanguinis
1146 1372 1195 1411 ab
1223 1373 1325 1422 ipsis

19 1429 22 1431 ’
41 1428 231 1468 vitalibus
253 1429 483 1468 fundentem
505 1435 561 1476 et,
589 1435 632 1468 ut
650 1430 715 1468 ille
743 1428 961 1477 effugiendi
986 1434 1144 1477 tempus
1165 1429 1323 1473 habeat,

43 1494 197 1523 moram
217 1495 293 1523 sua
318 1490 445 1523 morte
474 1490 749 1533 quaerentem:
777 1485 884 1523 hunc
912 1489 953 1523 tu
978 1484 1144 1532 negabis
1173 1484 1324 1523 benefi-

45 1539 149 1578 cium
171 1540 354 1586 dedisse,
377 1540 470 1589 quia
486 1551 629 1580 servus
648 1545 736 1580 est?
760 1540 802 1579 Si
817 1540 887 1579 tibi
903 1540 1120 1579 ostendero
1138 1540 1323 1589 aliquem,
1343 1552 1367 1587 3

44 1599 86 1633 ut
109 1601 265 1634 secreta
285 1596 435 1634 domini
457 1596 617 1644 prodat,
638 1598 747 1635 nulla
760 1596 919 1646 tyranni
935 1595 1221 1644 pollicitatione
1237 1606 1324 1635 cor-

43 1656 227 1700 ruptum,
259 1652 378 1690 nullis
394 1651 570 1690 territum
589 1652 725 1700 minis,
755 1652 874 1690 nullis
905 1651 1146 1691 cruciatibus
1177 1652 1326 1690 victum

44 1707 242 1746 avertisse
266 1711 455 1756 quantum
477 1708 650 1755 potuerit
669 1707 926 1756 suspiciones
951 1707 1181 1756 quaerentis
1210 1712 1248 1746 et
1266 1707 1324 1745 in—

47 1763 242 1812 pendisse
263 1763 444 1812 spiritum
466 1763 581 1801 fidei:
610 1763 716 1802 hunc
736 1769 777 1802 tu
797 1762 964 1811 negabis
991 1763 1232 1802 beneficium
1253 1763 1323 1801 do—

44 1818 152 1857 mino
179 1819 365 1865 dedisse,
398 1817 492 1867 quia
517 1829 661 1858 servus
689 1824 779 1858 est?
823 1819 929 1857 Vide
955 1829 1006 1858 ne
1040 1829 1088 1858 eo
1116 1820 1246 1857 maius
1276 1818 1367 1858 sit-1

43 1878 127 1923 'quo
147 1875 276 1913 rarius
297 1880 361 1914 est
379 1875 606 1923 exemplum
629 1875 782 1914 virtutis
804 1875 842 1913 in
864 1874 992 1913 servis
1021 1885 1153 1923 eoque
1173 1875 1323 1923 gratius

45 1930 173 1979 quod,
205 1940 295 1969 cum
323 1932 406 1969 sere
434 1930 563 1968 invisa
589 1931 861 1979 imperia‘sint
883 1934 923 1968 et
951 1931 1080 1968 omnis
1099 1930 1324 1968 necessitas

44 1985 199 2033 gravis,
230 1997 442 2025 commune
461 1986 664 2025 servitutis
693 1986 826 2025 odium
855 1984 894 2024 in
917 1985 1052 2034 aliquo
1083 1985 1231 2024 domini
1259 1996 1324 2024 ca-

43 2041 140 2080 ritas
158 2042 265 2082 vicit.
295 2043 354 2082 Ita
374 2053 453 2081 non
475 2042 566 2080 ideo
587 2041 824 2080 beneficium
846 2052 926 2080 non
948 2045 1028 2088 est,
1051 2041 1145 2090 quia
1160 2051 1184 2079 a
1202 2051 1323 2080 servo

46 2097 268 2145 profectum
289 2103 368 2145 est,
400 2097 474 2136 sed
495 2097 587 2136 ideo
605 2097 755 2145 maius,
776 2097 871 2147 quia
890 2096 1093 2136 deterrere
1112 2095 1162 2135 ab
1182 2097 1248 2135 illo
1271 2107 1322 2135 ne

47 2152 220 2192 servitus
243 2154 402 2202 quidem
424 2152 564 2202 potuit.

124 2207 208 2247 XX.
234 2208 368 2257 Errat,
398 2210 432 2248 si
454 2208 544 2258 quis
567 2207 768 2247 existimat
786 2208 1018 2247 servitutem
1039 2206 1081 2247 in
1107 2211 1231 2247 totum
1250 2207 1322 2247 ho—
1344 2212 1362 2245 1

46 2260 192 2303 minem
213 2264 482 2304 descendere:
514 2275 608 2313 pars
637 2262 897 2303 melior'eius
925 2269 1097 2312 excepta
1123 2268 1203 2303 est:
1233 2274 1320 2302 cor-

47 2327 149 2366 pora
176 2319 352 2360 obnoxia
375 2326 468 2360 sunt
494 2326 532 2359 et
559 2320 763 2370 adscripta
792 2318 984 2367 dominis,
1013 2330 1126 2359 mens
1159 2319 1321 2369 quidem
