1592 2580
316 155 394 197 132
590 190 593 192 <
684 157 729 196 L.
755 157 946 197 ANNAEI
957 161 960 164 ’
973 158 1199 199 SENECAE
1215 199 1219 201 .

315 254 524 304 delinquis,
543 254 651 304 quod
666 256 743 294 no'n
761 261 972 305 exspectas
989 267 1101 297 suum
1119 257 1313 307 'cuiusque
1327 258 1385 297 rei
1397 264 1565 310 tempuS,

313 311 422 359 quod
446 320 574 358 aeque
594 315 734 359 peccat
753 311 819 359 qui
838 321 916 349 non
935 313 1112 361 sequitur
1132 324 1247 360 quam
1269 313 1335 362 qui
1358 315 1564 361 antecedit.

313 365 518 413 Quomodo
549 365 784 403 beneficium
813 377 891 404 non
918 376 1076 414 semper
1100 367 1367 415 recipiendum
1397 373 1476 416 est,
1507 370 1566 409 sic

276 430 297 463 2
313 430 390 465 non
417 417 552 467 utique
578 419 836 458 reddendum.
883 420 925 458 Si
951 421 1140 462 mihinon
1163 422 1402 468 desideranti
1424 424 1565 462 redde-

311 484 395 520 res,
425 474 598 522 ingratus
618 484 752 513 esses:
782 480 926 523 quanto
945 475 1132 524 ingratior
1150 486 1215 524 es,
1247 477 1314 525 qui
1335 477 1565 516 desiderare

311 539 374 566 me
400 528 541 577 cogis?
584 528 802 577 Exspecta:
837 540 963 577 quare*
985 530 1189 569 subsidere
1217 532 1323 579 apud
1354 536 1389 570 te
1420 542 1563 570 munus

308 593 438 621 meum
465 594 544 622 non
570 582 666 621 vis?
701 594 822 631 quare
849 584 1058 632 obligatum
1089 587 1253 624 moleste
1286 587 1398 624 fers?
1443 597 1564 634 quare

311 638 423 686 quasi
445 647 531 676 cum
552 638 695 677 acerbo
711 639 930 677 feneratore
945 639 1102 687 signare
1115 640 1303 678 rationem
1321 650 1456 688 parem
1471 651 1562 688 pro,-

311 697 455 740 peras2
497 692 592 740 quid
618 692 709 730 mihi
736 694 934 741 negotium
961 694 1145 742 quaeris?
1183 695 1275 742 quid
1304 694 1344 732 in
1371 704 1434 732 me
1462 695 1561 735 deos

308 746 496 784 inmittis?
526 747 730 809 quomodo
747 748 945 795 exigeres,
957 749 1055 798 qui
1063 749 1120 787 sic
1140 749 1303 787 reddis?

274 815 292 848 1
388 801 484 839 XLI.
511 802 615 840 Ante
629 802 758 840 omnia
773 812 880 850 ergo,
899 778 1101 847 Liberalis,
1121 802 1198 841 hoc
1214 803 1425 850 discamus,
1439 802 1559 841 bene-

308 854 398 894 ficia
413 865 551 894 secure
567 856 712 894 debere
727 861 770 895 et
779 857 1010 895 occasiones
1026 857 1316 896 reddendorum
1333 858 1476 896 observ
1479 867 1559 904 are,

306 919 385 948 non
405 920 522 949 manu
542 911 683 948 facere.
721 910 852 949 hane
842 921 968 959 ipsam
986 912 1237 959 cupiditatem
1258 911 1382 960 primo
1400 921 1560 960 quoque

306 968 483 1012 tempore
510 964 699 1006 liberandi
729 976 773 1004 se
799 966 1088 1005 meminerimus
1120 966 1260 1014 ingrati
1287 977 1391 1005 esse.
1443 976 1558 1005 nemo

306 1019 409 1057 enim
427 1019 592 1058 libenter
609 1020 737 1058 reddit
756 1021 864 1071 quod
886 1020 1029 1059 invitus
1050 1021 1183 1067 debet,
1213 1026 1251 1059 et
1267 1020 1372 1068 quod
1390 1021 1494 1068 apud
1514 1030 1559 1059 se

269 1082 384 1115 2-non
409 1075 492 1111 vult
518 1083 629 1121 esse,
658 1084 760 1113 onus
786 1074 934 1113 iudicat
959 1085 1070 1122 esse,
1104 1086 1181 1113 non
1201 1086 1356 1114 munus.
1407 1075 1557 1122 Quanto

305 1127 442 1165 melius
471 1137 517 1165 ac
542 1127 682 1166 iustius
708 1128 747 1165 in
769 1134 952 1177 promptu
970 1129 1114 1168 habere
1133 1129 1268 1168 merita
1287 1130 1500 1168 amicorum
1520 1134 1559 1168 et

299 1181 460 1227 offerre,
477 1190 555 1219 non
570 1181 748 1229 ingerere
764 1193 836 1221 nec
849 1184 1074 1222 obaeratum
1091 1194 1136 1223 se
1151 1184 1351 1222 iudicare?
1371 1184 1558 1231 quoniam

303 1235 536 1274 beneficium
552 1246 756 1274 commune
772 1237 966 1275 vinculum
981 1241 1093 1276 estet
1108 1237 1207 1276 inter
1223 1248 1266 1275 se
1282 1238 1382 1276 duos
1398 1238 1556 1286 adligat.

303 1289 394 1327 Dic:
421 1290 514 1328 nihil
533 1301 674 1338 moror,
696 1301 774 1339 quo
790 1291 917 1329 minus
932 1297 1041 1330 tuum
1059 1296 1285 1338 revertatur,
1311 1297 1404 1339 opto
1422 1292 1556 1330 hilaris

303 1344 490 1392 accipias.
525 1345 560 1382 si
584 1345 802 1384 necessitas
827 1346 1000 1385 alterutri
1019 1351 1196 1385 nostrum
1216 1346 1376 1384 inminet
1395 1347 1555 1394 satoque

304 1399 474 1446 quodam
495 1399 627 1437 datum
643 1404 725 1445 est,
746 1404 798 1438 -ut
816 1405 882 1438 aut
902 1404 941 1438 tu
956 1401 1111 1448 cogaris
1128 1399 1360 1438 beneficium
1377 1401 1555 1449 recipere

303 1456 370 1491 aut
386 1462 460 1501 ego
481 1454 680 1502 accipere,
711 1454 777 1492 det
795 1454 925 1502 potius
938 1455 1007 1502 qui
1024 1456 1136 1495 solet.
1177 1455 1262 1503 Ego
1277 1460 1439 1503 paratus
1455 1466 1554 1494 sum

656 1511 765 1546 nulla
783 1519 891 1547 mora
906 1511 956 1547 in
970 1509 1096 1548 Turno
1112 1514 1186 1548 est:

303 1561 508 1600 ostendam
526 1560 630 1600 hunc
650 1562 840 1611 animum,
869 1574 957 1602 cum
977 1565 1144 1612 primum
1163 1568 1320 1612 tempus
1339 1542 1553 1603 advenerit.

303 1616 451 1654 interim
472 1616 511 1654 di
530 1621 651 1655 testes
672 1623 772 1656 sunt.

267 1677 285 1710 1
378 1669 492 1708 XLII.
521 1670 659 1718 Soleo,
683 1671 957 1718 miLiberalis‚
978 1677 1114 1711 notare
1129 1672 1258 1711 hune
1249 1683 1285 1710 1n
1302 1676 1339 1717 te
1355 1668 1552 1711 adfectum

301 1730 339 1763 et
361 1725 475 1773 quasi
493 1735 611 1763 manu
632 1726 824 1774 prendere
845 1727 1014 1766 verentis
1035 1731 1073 1765 et
1092 1727 1327 1774 aestuantis,
1348 1737 1397 1765 ne
1417 1727 1454 1764 in
1472 1728 1550 1766 ullo

301 1779 434 1818 officio
454 1779 510 1817 sis
531 1780 688 1818 tardior.
733 1781 818 1819 Non
836 1781 950 1819 decet
962 1786 1114 1828 gratum
1130 1782 1297 1819 animum
1314 1780 1550 1828 sollicitudo,

301 1839 436 1872 contra
462 1844 613 1872 summa
639 1834 784 1873 fiducia
808 1835 870 1873 sui
896 1840 933 1873 et
960 1845 1011 1872 ex
1037 1836 1277 1874 conscientia
1303 1835 1383 1876 veri
1404 1836 1549 1873 amoris

300 1887 463 1926 dimissa
476 1889 602 1926 omnis
619 1889 809 1927 anxietas.
841 1891 934 1927 Tam
950 1890 1167 1928 convicium
1185 1895 1263 1928 est=
1292 1888 1425 1936 recipe
1441 1890 1549 1936 quod

301 1943 451 1989 [debeo‚
479 1953 613 1990 quam.-
648 1944 702 1981 da
727 1945 843 1991 quod]
871 1943 1006 1981 debes.
1044 1944 1146 1982 >Hoc
1176 1945 1341 1992 primum
1367 1942 1549 1990 beneficii

262 1999 283 2032 2
300 1997 378 2035 dati
402 1997 452 2035 sit
478 1997 558 2038 ius.
587 1998 868 2045 ut-recipiendi
895 2002 1050 2045 tempus
1078 1998 1194 2045 eligat
1219 1997 1284 2045 qui
1309 1996 1426 2034 dedit.
1473 2000 1550 2044 „At

300 2061 458 2098 vereor,
479 2062 529 2089 ne
548 2051 726 2090 homines
746 2052 796 2089 de
814 2062 876 2091 me
895 2053 1058 2100 sequius
1074 2052 1322 2100 loquantur.“
1354 2050 1455 2089 Male
1471 2052 1550 2099 agit

301 2106 367 2152 qui
394 2106 538 2152 famae,
567 2116 646 2144 non
674 2105 937 2157 conscientiae
956 2111 1090 2154 gratus
1111 2111 1182 2144 est.
1228 2106 1337 2143 Duos
1359 2105 1472 2144 istius
1492 2105 1547 2144 rei

298 2159 448 2199 iudices
477 2159 618 2206 habes,
657 2160 779 2207 illum,
816 2164 939 2209 [quem
961 2167 1067 2209 potes
1088 2160 1251 2207 fallere,
1283 2164 1320 2197 et
1350 2163 1398 2205 te]
1430 2170 1546 2208 quem

299 2223 378 2252 non
408 2219 533 2261 potes.
580 2214 706 2262 „Quid
732 2225 846 2261 ergo,
884 2225 917 2253 st
949 2215 1056 2253 nulla
1082 2215 1332 2252 intervenerit
1360 2214 1548 2252 occasio?

300 2278 456 2317 semper
481 2268 695 2310 debebo⁴3“
739 2269 923 2318 Debeb1s=
958 2268 1029 2319 sed
1047 2268 1176 2317 palam
1196 2267 1381 2318 debebiS‚
1412 2268 1484 2307 sed
1502 2268 1544 2306 li-
