1592 2580
280 150 367 192 304
654 149 698 188 L.
725 149 914 189 ANNAEI
940 150 1164 190 SENECAE

285 248 427 299 quibus
446 248 484 286 in
505 258 652 286 morem
669 247 816 287 barbae
835 248 992 287 flamma
1006 249 1220 299 dependet,
1239 255 1277 289 et
1292 261 1442 300 eorum,
1454 251 1531 302 ,qui

282 303 457 351 undique
484 303 589 341 circa
615 312 660 340 se
679 303 785 342 velut
803 313 952 342 comam
973 310 1176 352 spargunt,
1205 310 1244 344 et
1262 316 1416 354 eorum,
1446 307 1529 356 qui-

282 359 357 397 bus
378 359 490 396 susus
512 357 669 405 quidem
690 362 750 396 est
768 357 890 405 ignis,
919 359 990 397 sed
1009 359 1047 396 in
1065 359 1246 398 verticem
1267 362 1451 408 tendens,
1474 368 1530 401 ta-

282 423 370 451 men
393 411 457 451 isti
476 422 612 451 omnes
632 412 808 450 eiusdem
829 417 943 450 notae
964 418 1055 451 sunt
1073 418 1326 463 cometaeque
1345 421 1450 454 recte
1473 416 1529 454 di-

240 473 263 507 3
283 471 433 506 cuntur.
471 477 636 514 quorum
657 477 743 504 cum
765 471 857 515 post
875 467 1032 516 longum
1050 472 1206 515 tempus
1225 470 1439 517 adpareant
1452 472 1530 509 for-

282 532 388 569 mae,
417 522 516 559 inter
543 531 587 559 se
614 531 685 560 eos
714 531 932 570 conparare
958 522 1117 560 difficile
1136 527 1214 561 est:
1242 523 1308 562 illo
1329 524 1416 572 ipso
1436 530 1530 563 tem-

282 586 399 625 pore,
429 586 508 624 quo
538 575 748 624 adparent,
781 575 880 614 inter
907 582 1131 625 spectantes
1151 577 1201 615 de
1220 577 1350 616 habitu
1377 579 1530 617 illorum

281 642 359 670 non
380 630 579 677 convenit,
609 631 680 668 sed
700 636 816 679 prout
837 631 978 679 cuique
998 631 1125 670 acrior
1142 632 1249 670 acies
1265 637 1330 670 aut
1342 632 1529 680 hebetior,

281 685 334 724 ita
352 685 404 723 ait
423 690 489 723 aut
507 685 733 723 lucidiorem
754 695 844 724 esse
863 691 928 724 aut
942 686 1258 724 rubicundiorem
1273 692 1311 725 et
1325 687 1450 725 crines
1467 692 1531 726 aut

282 741 321 778 in
348 739 534 779 inferiora
560 739 753 778 deductos
786 745 851 778 aut
874 740 912 778 in
940 742 1061 779 latera
1089 741 1287 779 dimissos.
1338 741 1418 780 Sed
1446 743 1530 780 sive

282 799 373 833 sunt
387 794 542 842 aliquae
556 803 691 832 eorum
707 794 948 833 differentiae
964 794 1048 833 sive
1062 805 1140 833 non
1157 801 1263 842 sunt,
1284 796 1419 834 eadem
1438 797 1532 834 fiant
1575 810 1585 824 ·

279 848 431 887 ratione
457 858 624 886 necesse
644 855 705 887 est
723 853 917 887 cometae:
950 850 1044 888 illud
1064 861 1183 888 unum
1203 847 1383 889 constare
1402 851 1530 898 debet,

281 908 437 952 praeter
455 902 611 941 solitum
631 903 703 941 ads
708 903 786 952 pici
804 915 946 943 novam
961 905 1101 943 sideris
1119 905 1257 943 faciem
1273 905 1377 943 circa
1391 915 1436 944 se
1450 905 1529 947 dis·-

281 958 449 1006 sipatum
469 958 598 1005 ignem
617 957 817 997 trahentis.

241 1018 258 1050 1
358 1012 441 1050 XII.
490 1012 792 1059 Quibusdam
842 1013 1159 1061 antiquorum
1205 1013 1370 1061 placet
1410 1013 1530 1051 haec

278 1067 430 1106 ratio:
460 1077 547 1105 cum
566 1077 616 1105 ex
636 1067 758 1106 stellis
778 1067 996 1106 errantibus
1013 1068 1123 1106 alteri
1138 1078 1182 1105 se
1196 1068 1317 1106 altera
1332 1067 1528 1115 adplicuit,

280 1122 446 1160 confuso
472 1121 511 1159 in
540 1133 659 1159 unum
689 1122 851 1160 duarum
872 1122 1012 1160 lumine
1033 1123 1153 1160 facies
1181 1122 1367 1170 longioris
1388 1121 1529 1160 sideris

277 1176 465 1213 redditur.
503 1186 576 1213 nec
594 1176 670 1214 hoc
689 1180 779 1213 tunc
798 1181 944 1214 tantum
967 1177 1115 1223 evenit,
1142 1187 1228 1214 cum
1249 1177 1361 1215 stella
1379 1177 1529 1215 stellam

279 1230 432 1277 adtigit,
461 1229 531 1267 sed
553 1230 667 1267 etiam
682 1239 769 1268 cum
786 1231 832 1268 ad
840 1230 1128 1279 propinquavit,
1157 1230 1401 1268 intervallum
1416 1231 1528 1277 enim,

281 1284 389 1332 quod
407 1284 507 1321 inter
525 1284 625 1322 duas
646 1289 725 1331 est,
754 1284 979 1323 inlustratur
998 1286 1047 1323 ab
1066 1290 1234 1332 utraque
1252 1284 1529 1322 inflammatur-

238 1343 259 1375 2
281 1349 358 1387 que
384 1343 423 1377 et
449 1338 608 1386 longum
635 1339 763 1386 ignem
794 1339 924 1378 efficit.
979 1340 1064 1378 His
1099 1339 1224 1377 illud
1251 1339 1527 1386 responde-

213 1430 218 1434 .
280 1403 402 1440 mus,
431 1397 577 1431 certum
597 1403 689 1432 esse
708 1404 909 1431 numerum
933 1394 1131 1432 stellarum
1151 1393 1370 1439 mobilium,
1401 1393 1529 1431 solere

279 1453 409 1486 autem
435 1447 575 1486 eodem
601 1453 778 1495 tempore
806 1453 843 1486 et
870 1447 943 1487 has
969 1449 1162 1496 adparere
1189 1452 1227 1486 et
1247 1452 1435 1486 cometen.
1479 1458 1529 1485 ex

278 1503 354 1541 hoc
379 1502 626 1540 manifestum
651 1502 693 1541 fit
720 1513 797 1541 non
826 1503 975 1540 illarum
999 1503 1101 1541 coitu
1128 1502 1213 1539 fieri
1233 1507 1429 1549 cometen,
1457 1501 1529 1540 sed

238 1559 260 1594 3
279 1557 480 1606 proprium
509 1562 546 1595 et
572 1557 633 1595 sui
663 1556 757 1595 iuris
778 1567 882 1595 esse.
926 1557 1156 1595 Etiamnunc
1177 1557 1399 1604 frequenter
1417 1557 1529 1594 stella

279 1612 352 1650 sub
373 1612 521 1651 altioris
542 1612 677 1650 stellae
694 1611 899 1660 vestigium
914 1612 1029 1650 venit.
1059 1617 1096 1651 et
1111 1611 1301 1649 Saturnus
1317 1610 1527 1659 aliquando

279 1677 401 1714 supra
427 1667 559 1705 Iovem
586 1671 647 1704 est
675 1671 713 1705 et
740 1667 845 1704 Mars
873 1666 1068 1704 Venerem
1097 1671 1135 1704 et
1161 1666 1394 1703 Mercurium
1422 1669 1529 1703 recta

278 1722 386 1759 linea·
408 1720 594 1769 despicit,
626 1731 699 1758 nec
725 1725 850 1760 tamen
880 1726 1041 1770 propter
1066 1721 1168 1759 hunc
1195 1721 1344 1758 illorum
1364 1729 1529 1758 concur-

279 1786 384 1823 sum,
405 1785 492 1813 cum
511 1777 606 1814 alter
625 1776 786 1814 alterum
803 1775 923 1822 subit,
945 1779 1117 1814 cometes
1133 1775 1186 1813 fit.
1217 1774 1388 1823 alioquin
1405 1773 1526 1812 omni·

276 1830 351 1868 bus
379 1831 492 1869 annis
519 1830 647 1868 fieret:
676 1829 855 1868 omnibus
877 1829 978 1868 enim
998 1830 1152 1878 aliquae
1175 1830 1309 1867 stellae
1329 1828 1367 1866 in
1388 1828 1527 1866 eodem

235 1890 257 1924 4
278 1884 390 1932 signo
411 1885 525 1923 simul
545 1889 646 1923 sunt.
692 1884 732 1923 Si
756 1889 932 1923 cometen
953 1886 1097 1923 faceret
1113 1885 1226 1923 stella
1240 1884 1373 1922 stellae
1388 1892 1525 1930 super-

279 1939 462 1986 veniens,
491 1943 686 1978 momento
708 1949 798 1978 esse
818 1939 1026 1978 desineret.
1057 1949 1208 1977 summa
1223 1938 1323 1976 enim
1338 1937 1525 1975 velocitas

277 1994 559 2032 transeuntium
585 1999 656 2032 est,
694 1994 784 2032 ideo
808 1994 933 2033 omnis
955 1994 1093 2032 sideris
1114 1993 1280 2031 desectio
1300 1990 1431 2029 brevis
1453 1996 1525 2037 est,

279 2049 372 2096 quia
397 2048 473 2087 cito
501 2048 587 2086 illas
613 2048 714 2086 idem
743 2059 905 2095 cursus,
943 2049 1009 2097 qui
1038 2048 1282 2093 admoverat,
1318 2045 1524 2083 abstrahit:
1586 2081 1592 2094 Ι,

277 2103 458 2141 videmus
479 2104 602 2141 solem
622 2107 660 2141 et
678 2104 808 2141 lunam
828 2103 927 2141 intra
947 2103 1127 2150 exiguum
1148 2107 1320 2149 tempuS,
1350 2110 1438 2138 cum
1457 2100 1524 2137 ob-

280 2158 430 2196 scurari
457 2162 690 2206 coeperunt,
728 2157 902 2196 liberarit
934 2162 1078 2205 quanto
1107 2156 1271 2195 celerior
1297 2155 1414 2193 debet
1434 2164 1525 2192 esse

279 2211 316 2248 in
339 2212 462 2251 stellis
482 2212 676 2260 digressio
697 2216 802 2251 tanto
824 2212 1067 2250 minoribus?
1100 2210 1203 2259 atqui
1224 2214 1397 2248 cometae
1417 2208 1524 2247 senis

280 2266 483 2306 mensibus
510 2272 677 2306 manent.
718 2267 824 2315 quod
852 2278 928 2306 non
955 2266 1167 2313 accideret,
1195 2263 1229 2303 si
1249 2265 1412 2303 duarum
1434 2264 1523 2302 stel-

270 2481 315 2563 ‘t
