1624 2626
344 149 423 191 166
564 149 607 187 L.
635 147 822 187 ΑΝΝΑΕΙ
852 147 1075 186 SENECAE
1104 146 1356 186 D1AL V111.
1620 147 1624 208 2

303 252 326 286 4
342 249 543 298 Quomodo
563 259 702 287 navem
730 257 916 296 quassam
939 258 1018 286 non
1047 247 1259 286 deduceret
1276 247 1315 285 in
1333 256 1460 293 mare,
1495 256 1591 294 quo·
1621 294 1624 295 ⁷

339 305 457 343 modo
483 314 625 342 nomen
651 301 690 340 in
714 302 885 340 militiam
911 312 990 340 non
1018 301 1128 339 daret
1153 301 1313 349 debilis,
1346 301 1404 338 sic
1433 300 1483 338 ad
1508 301 1591 346 iter,

340 359 448 407 quod
467 358 636 396 inhabile
656 357 771 402 sciet,
799 366 879 394 non
898 356 1071 394 accedet.
1098 354 1233 393 Potest
1251 365 1345 403 ergo
1365 359 1403 392 et
1421 355 1505 400 ille,
1530 354 1593 392 cui
1622 353 1624 356 ’

339 413 468 452 omnia
487 412 615 450 adhuc
634 411 842 458 inintegro
869 414 977 457 sunt,
1010 414 1218 457 antequam
1244 410 1342 447 ullas
1370 408 1594 456 experiatur
1623 411 1624 414 ’

337 471 612 514 tempestates,
641 466 679 503 in
706 469 787 503 tuto
817 463 1033 502 subsistere
1053 468 1091 502 et
1120 464 1297 512 protinus
1318 463 1594 501 commendare
1621 468 1624 486 ³

339 532 385 559 se
403 521 509 559 bonis
529 520 678 558 artibus
700 524 738 557 et
755 519 793 556 in
812 518 888 556 illis
908 518 1062 556 beatum
1084 519 1203 556 otium
1222 517 1392 564 exigere,
1411 516 1593 555 virtutum
1621 525 1624 558 ,ἰ

297 582 318 614 5
341 577 484 623 cultor,
518 585 619 622 quae
651 573 827 610 exerceri
859 573 974 611 etiam
1002 571 1254 620 quietissimis
1286 575 1465 619 possunt.
1508 571 1594 608 Hoc
1621 575 1624 577 ’

339 639 481 677 nempe
507 629 555 666 ab
575 628 733 666 homine
760 626 945 674 exigitur,
976 630 1019 665 ut
1039 627 1164 674 prosit
1182 626 1422 672 hominibus,
1457 624 1491 663 si
1509 624 1595 662 fieri
1622 622 1624 648 ἶ

338 688 488 733 potest,
517 682 666 729 multis,
696 682 729 719 si
748 682 894 728 minus,
923 680 1082 728 paucis,
1114 681 1147 718 si
1166 680 1314 727 minus,
1334 678 1542 727 proximis,
1560 678 1595 716 si

339 739 488 784 minus,
510 736 597 775 sibi,
638 747 728 774 nam
748 746 834 773 cum
855 746 900 774 se
918 735 1050 774 utilem
1070 733 1211 773 ceteris
1231 734 1369 781 efficit,
1389 742 1595 772 commune

339 792 419 839 agit
448 791 658 839 negotium.
698 790 897 837 quomodo
932 789 998 837 qui
1032 799 1076 827 se
1109 788 1342 827 deteriorem
1375 788 1483 834 facit,
1515 797 1596 824 non

338 846 413 885 sibi
437 845 704 884 tantummodo
728 849 863 892 nocet,
892 844 965 882 sed
990 843 1102 882 etiam
1135 843 1316 882 omnibus
1342 842 1419 888 eis,
1451 841 1595 889 quibus

337 900 475 938 melior
492 901 618 938 factus
638 899 834 947 prodesse
853 898 1065 947 potuisset,
1086 898 1144 936 sic
1164 897 1343 945 quisquis
1362 897 1463 934 bene
1483 896 1532 933 de
1551 904 1597 932 se

337 960 526 1001 meretur,
559 953 635 992 hoc
662 953 750 1001 ipso
779 953 864 991 aliis
892 952 1078 1000 prodest,
1111 951 1220 1000 quod
1245 951 1321 989 illis
1349 951 1596 999 profuturum

339 1012 463 1056 parat.

301 1067 322 1101 1
413 1062 480 1099 IV.
511 1062 596 1110 [31.]
625 1060 731 1098 Duas
758 1060 1005 1108 respublicas
1028 1060 1157 1098 animo
1179 1060 1482 1107 conplectamur‚
1503 1058 1597 1095 alte-

337 1125 419 1153 ram
451 1125 629 1162 magnam
659 1118 698 1151 et
725 1124 816 1152 vere
849 1114 1064 1162 publicam,
1098 1125 1176 1162 qua
1206 1114 1245 1151 di
1274 1117 1392 1160 atque
1417 1113 1596 1150 homines

339 1170 602 1216 continentur,
623 1169 662 1206 in
684 1179 762 1216 qua
775 1179 858 1206 vnon
880 1168 930 1206 ad
948 1168 1052 1205 hunc
1074 1168 1256 1215 angulum
1275 1165 1510 1215 respicimus
1531 1169 1598 1202 aut

340 1225 391 1262 ad
418 1224 543 1269 illum,
578 1223 650 1261 sed
675 1223 861 1261 terminos
888 1221 1054 1260 civitatis
1080 1227 1239 1260 nostrae
1269 1232 1356 1259 cum
1385 1222 1469 1259 sole
1488 1218 1597 1257 meti-

339 1288 442 1316 mur:
474 1279 642 1323 alteram,
663 1277 725 1314 cui
744 1287 818 1314 nos
838 1275 1050 1324 adscripsit
1068 1276 1247 1314 condicio
1268 1274 1469 1313 nascendi.
1498 1274 1598 1311 haec

339 1337 406 1371 aut
423 1331 720 1370 Atheniensium
747 1330 820 1368 erit
847 1335 913 1369 aut
932 1331 1325 1377 Carthaginiensium,
1352 1333 1420 1366 aut
1437 1328 1598 1366 alterius

341 1386 505 1424 alicuius
540 1385 669 1433 urbis,
704 1395 806 1432 quae
837 1396 916 1424 non
943 1385 994 1422 ad
1022 1384 1148 1423 omnis
1182 1383 1375 1431 pertineat
1405 1382 1596 1428 homines,

341 1440 415 1478 sed
437 1440 487 1478 ad
508 1444 650 1478 certos,
685 1439 848 1486 Quidam
875 1439 1014 1477 eodem
1040 1444 1217 1486 tempore
1236 1438 1392 1485 utrique
1414 1436 1598 1484 reipubli-

342 1505 412 1532 cae
433 1494 525 1532 dant
545 1503 724 1541 operam,
755 1493 891 1531 maiori
918 1493 1156 1540 minorique,
1186 1492 1345 1540 quidam
1363 1495 1510 1529 tantum
1528 1490 1597 1528 mi-

303 1548 444 1594 2nori,
475 1548 631 1596 quidam
660 1551 807 1586 tantum
836 1547 984 1585 maiori.
1020 1547 1120 1586 Huic
1146 1546 1284 1584 maiori
1301 1545 1540 1593 reipublicae
1560 1547 1599 1581 et

341 1603 380 1640 in
401 1603 479 1641 otio
501 1600 703 1640 deservire
723 1612 956 1650 possumus,
979 1601 1096 1639 immo
1119 1611 1214 1638 vero
1235 1600 1370 1639 nescio
1391 1610 1439 1637 an
1459 1599 1496 1636 in
1518 1598 1596 1636 otio

339 1657 498 1705 melius,
525 1661 571 1694 ut·
587 1665 840 1704 quaeramus,
862 1656 956 1704 quid
976 1655 1026 1694 sit
1043 1656 1188 1702 virtuS,
1208 1665 1286 1693 una
1304 1654 1489 1702 pluresne
1508 1653 1597 1691 sint.

340 1717 480 1749 natura
506 1722 554 1750 an
582 1721 646 1748 ars
682 1710 807 1749 bonos
832 1711 939 1748 viros
967 1710 1094 1748 faciat.
1132 1720 1251 1748 unum
1280 1710 1330 1746 sit
1359 1708 1455 1754 hoe,
1490 1706 1598 1755 quod

340 1766 463 1803 maria
481 1770 685 1813 terrasque
705 1769 744 1803 et
761 1765 857 1803 mari
877 1775 923 1803 ac
942 1765 1054 1803 terris
1082 1764 1228 1802 inserta
1247 1762 1522 1810 conplectitur,
1546 1771 1598 1798 an

340 1821 462 1858 multa
500 1819 693 1858 eiusmodi
738 1829 907 1867 corpora
947 1819 1044 1857 deus
1077 1817 1277 1866 sparserit.
1333 1816 1518 1855 continua
1548 1814 1598 1853 sit

343 1874 470 1912 omnis
496 1878 535 1912 et
561 1874 679 1922 plena
710 1873 891 1919 materia,
923 1883 974 1910 ex
1005 1883 1083 1921 qua
1115 1875 1254 1911 cuncta
1284 1871 1512 1918 gignuntur,
1547 1879 1596 1906 an
1622 1913 1624 1921 ¹

343 1929 502 1966 diducta
527 1933 566 1966 et
598 1928 734 1966 solidis
768 1928 882 1966 inane
915 1926 1146 1975 permixtum
1177 1924 1238 1963 sit.
1285 1925 1383 1963 deus
1416 1924 1596 1962 desidens

344 1993 447 2030 opus
476 1993 589 2023 suum
618 1987 787 2030 spectet,
814 1993 863 2020 an
891 1986 1039 2020 tractet.
1074 1985 1252 2020 utrumne
1280 1980 1522 2016 extrinsecus
1543 1977 1596 2014 illi

345 2037 604 2075 circumfusus
631 2037 699 2084 sit,
728 2047 777 2075 an
804 2037 873 2075 toti
898 2036 1056 2074 inditus.
1097 2033 1311 2072 inmortalis
1339 2032 1389 2071 sit
1413 2032 1596 2077 mundus,

345 2101 393 2128 an
421 2091 519 2128 inter
545 2091 696 2129 caduca
728 2097 765 2130 et
793 2092 843 2129 ad
870 2095 1024 2138 tempus
1053 2093 1143 2128 nata
1174 2087 1453 2125 numerandus.
1488 2087 1596 2124 Haec

347 2144 414 2192 qui
434 2147 727 2194 contemplatur,
747 2146 841 2194 quid
859 2146 934 2184 deo
954 2147 1152 2193 praestat?
1176 2152 1226 2180 ne
1239 2146 1346 2180 tanta
1365 2140 1449 2179 eius
1473 2150 1596 2188 opera

347 2199 434 2236 sine
452 2203 552 2237 teste
571 2201 659 2237 sint.

309 2258 330 2293 1
422 2254 471 2291 V.
516 2252 695 2292 Solemus
720 2254 852 2293 dicere
873 2262 1067 2292 summum
1091 2247 1238 2290 bonum
1261 2259 1352 2289 esse
1377 2248 1594 2288 secundum
