1592 2580
243 184 324 226 240
619 185 663 222 L.
692 183 880 222 ΑΝΝΑΕΙ
909 183 1134 222 SENECAE

249 286 398 325 luisset.
454 283 561 332 „Nec
580 282 782 330 invidebo,
812 282 955 331 inquit,
982 283 1099 322 vobis
1117 283 1192 322 hac
1213 289 1315 331 arte,
1345 284 1418 322 sed
1437 284 1505 322 do-

247 340 346 378 cebo
368 350 460 384 cos,
489 339 635 386 quibus
657 338 836 386 quaesito
855 347 958 385 opus
977 343 1057 384 est,
1077 339 1409 386 quemadmodum
1427 350 1506 378 non

246 395 406 432 dubiam
438 393 633 431 fortunam
662 392 801 439 maris,
830 402 910 430 non
933 392 1088 430 emendi
1108 393 1383 442 vendendique
1403 393 1506 433 litem

247 449 435 495 subeant,
464 457 544 486 non
564 448 750 485 incertam
771 446 889 484 fidem
909 445 1032 493 ruris,
1060 446 1307 486 incertiorem
1322 449 1395 486 sori
1413 453 1506 487 tem-

247 508 375 551 ptent,
404 501 736 551 quemadmodum
761 512 839 540 non
866 501 994 539 solum
1017 501 1140 548 facili,
1170 502 1243 540 sed
1261 503 1375 541 etiam
1396 502 1507 540 hilari

207 561 230 594 8
252 558 316 595 via
333 556 539 606 pecuniam
556 556 700 594 faciant
713 556 1013 604 gaudentesque
1027 555 1251 604 dispolient.
1286 558 1351 604 Te,
1370 557 1506 605 inquit,

247 611 463 659 longiorem
483 610 581 649 Fido
597 611 762 648 Annaeo
783 609 919 648 iurabo
941 615 980 648 et
992 611 1206 658 Apollonio
1218 615 1350 660 pycta,
1372 622 1507 659 quam-

245 667 307 704 vis
336 671 523 705 staturam
550 665 700 703 habeas
732 665 889 703 Thra-cis
914 675 1000 703 cum
1021 664 1171 703 Threce
1196 665 1403 713 conpositi.
1438 665 1507 704 ho-

246 721 391 759 minem
420 720 580 768 quidem
602 730 680 758 non
701 729 794 757 esse
814 719 932 758 ullum
953 718 1214 758 liberaliorem
1234 731 1312 759 non
1332 720 1507 767 mentiar,

249 785 338 813 cum
374 776 509 823 possis
543 774 671 812 videri
705 773 885 812 omnibus
915 773 1110 822 donasse,
1147 773 1335 823 quicquid
1369 775 1508 812 dereli-

210 833 232 867 9
250 828 409 877 quisti.“
463 830 520 868 Ita
547 834 626 877 est,
660 829 712 866 mi
738 828 883 867 Iunior.
927 839 1006 876 quo
1034 829 1208 876 apertior
1236 833 1298 867 est
1323 828 1507 875 adulatio,

250 893 330 932 quo
350 883 566 931 inprobior,
596 893 675 932 quo
694 883 820 930 magis
841 884 1008 921 frontem
1025 893 1137 921 suam
1156 883 1376 931 perfricuit,
1408 882 1507 921 ccci-

249 940 305 977 dit
325 939 514 984 alienam,
543 938 620 976 hoc
641 938 754 976 citius
774 943 987 986 expugnat.
1016 947 1064 976 eo
1081 939 1184 976 enim
1198 938 1274 975 iam
1290 937 1509 976 dementiae

197 998 238 1030 10
250 993 448 1040 venimus,
485 998 527 1031 ut
555 992 621 1040 qui
647 1002 767 1040 parce
786 992 976 1039 adulatur,
1006 1002 1080 1040 pro
1099 993 1268 1040 maligno
1298 991 1360 1031 sit.
1398 990 1507 1030 Sole-

247 1049 339 1086 bam
366 1047 435 1086 tibi
463 1046 597 1085 dicere
625 1047 862 1096 Gallionem,
890 1047 1048 1085 fratrem
1076 1057 1226 1093 meum,
1254 1057 1371 1095 quem
1393 1056 1508 1085 nemo

248 1113 327 1141 non
356 1112 495 1150 parum
523 1106 645 1148 amat,
675 1101 791 1139 etiam
811 1101 877 1149 qui
897 1111 1027 1139 amare
1047 1101 1136 1150 plus
1157 1112 1236 1139 non
1256 1105 1406 1149 potest,
1434 1100 1510 1139 alia

247 1157 343 1195 vitia
369 1167 446 1193 non
475 1166 619 1202 nosse,
647 1155 724 1194 hoc
751 1165 839 1193 eum
867 1155 1014 1194 odisse.
1062 1156 1125 1194 Ab
1146 1155 1250 1195 omni
1271 1156 1375 1193 illum
1397 1160 1508 1203 parte

248 1210 466 1258 temptasti:
495 1210 693 1257 ingenium
708 1210 913 1257 suspicere
928 1210 1095 1258 coepisti
1110 1210 1281 1248 omnium
1295 1209 1508 1247 maximum

250 1271 289 1304 et
316 1264 609 1312 dignissimum,
646 1263 755 1312 quod
782 1264 1007 1301 consecrari
1034 1264 1170 1302 malles
1201 1262 1318 1312 quam
1338 1263 1508 1302 conteri:

249 1319 375 1368 pedes
403 1318 575 1357 abstulit.
611 1318 870 1365 frugalitatem
895 1317 1056 1356 laudare
1085 1318 1270 1366 coepisti,
1307 1328 1386 1365 qua
1408 1318 1465 1355 sic
1484 1327 1509 1354 a

250 1374 361 1412 novis
391 1374 584 1420 [moribus]
604 1371 774 1420 resiluit,
805 1378 848 1411 ut
865 1373 953 1411 illos
972 1383 1047 1411 nec
1064 1372 1211 1410 habere
1229 1382 1303 1410 nec
1323 1372 1508 1410 damnare

197 1436 235 1469 11
251 1429 447 1467 videatur:
484 1428 611 1476 prima
637 1426 770 1465 statim
794 1427 918 1465 verba
942 1427 1146 1475 praecidit.
1186 1426 1352 1474 coepisti
1378 1425 1508 1464 mirari

250 1482 472 1522 comitatem
500 1486 539 1520 et
565 1480 856 1530 inconpositam
884 1482 1136 1528 suavitatem,
1165 1490 1267 1529 quae
1295 1481 1383 1519 illos
1412 1490 1507 1528 quo—

251 1547 350 1587 que,
385 1547 488 1585 quos
514 1536 671 1583 transit,
709 1536 888 1582 abducit,
922 1536 1131 1584 gratuitum
1157 1535 1272 1574 etiam
1299 1535 1337 1573 in
1366 1534 1508 1573 obvios

249 1591 442 1630 meritum.
470 1601 587 1629 nemo
614 1591 717 1628 enim
742 1589 960 1629 mortalium
980 1589 1047 1629 uni
1066 1595 1143 1629 tam
1163 1590 1289 1628 dulcis
1310 1594 1371 1628 est
1387 1599 1509 1638 ,quam

249 1647 314 1685 hic
335 1645 537 1692 omnibus,
558 1655 648 1683 cum
666 1644 820 1684 interim
838 1649 945 1684 tanta
962 1644 1148 1683 naturalis
1168 1644 1262 1683 boni
1278 1644 1339 1682 vis
1359 1649 1431 1690 est,
1453 1642 1509 1681 uti

252 1705 372 1739 artem
400 1700 769 1748 simulationemque
787 1710 866 1738 non
885 1699 1072 1738 redoleat.
1108 1709 1222 1737 nemo
1242 1709 1320 1737 non
1339 1697 1509 1746 inputari

252 1755 327 1794 sibi
354 1754 566 1793 bonitatem
596 1753 792 1802 publicam
819 1753 984 1802 patitur:
1011 1754 1087 1791 hoc
1108 1763 1268 1802 quoque
1289 1754 1378 1791 loco
1398 1752 1508 1790 blan-

252 1809 356 1848 ditiis
383 1808 462 1848 tuis
481 1809 640 1856 restitit,
665 1813 708 1847 ut
726 1808 970 1847 exclamares
989 1807 1189 1846 invenisse
1207 1813 1247 1846 te
1264 1808 1507 1855 inexpugna—

250 1864 370 1902 bilem
388 1864 515 1902 virum
536 1863 728 1901 adversus
748 1853 936 1909 insidias,
966 1869 1065 1911 'quas
1085 1872 1199 1900 nemo
1221 1872 1300 1900 non
1319 1861 1358 1898 in
1378 1861 1507 1899 sinum

199 1919 399 1967 12recipit.
453 1918 512 1957 Eo
539 1918 699 1965 quidem
730 1917 857 1965 magis
889 1917 990 1956 hanc
1018 1916 1103 1955 eius
1129 1915 1376 1964 prudentiam
1404 1920 1442 1953 et
1468 1914 1507 1952 in

253 1973 438 2012 evitando
465 1971 678 2011 inevitabili
707 1972 810 2010 malo
838 1971 1091 2020 pertinaciam
1121 1976 1156 2010 te
1182 1970 1387 2018 suspicere
1413 1979 1506 2007 con-

251 2028 385 2066 fessus
414 2037 479 2073 es,
510 2026 601 2074 quia
627 2035 861 2074 speraveras
882 2036 1004 2074 posse
1024 2026 1171 2073 apertis
1190 2024 1350 2065 auribus
1370 2023 1507 2071 recipi,

253 2081 434 2129 quamvis
461 2081 607 2120 blanda
631 2080 805 2128 diceres,
836 2081 931 2128 quia
946 2090 1042 2119 vera
1060 2079 1239 2119 dicebas:
1270 2078 1339 2117 sed
1361 2087 1410 2116 eo
1425 2088 1505 2115 ma-

252 2137 313 2183 gis
339 2136 529 2175 intellexit
553 2135 802 2174 obstandum.
839 2145 997 2183 semper
1024 2134 1125 2175 enim
1153 2133 1261 2171 falsis
1281 2143 1304 2170 a
1323 2142 1417 2171 vero
1437 2142 1506 2180 pe-

251 2191 343 2229 titur
362 2191 520 2230 veritas.
563 2190 662 2229 Nolo
682 2195 812 2228 tamen
831 2189 900 2228 tibi
919 2189 1150 2238 displiceas,
1171 2187 1283 2235 quasi
1300 2187 1401 2224 male
1417 2196 1506 2234 ege-

252 2244 308 2282 ris
338 2245 494 2283 mimum
523 2248 561 2283 et
588 2243 704 2292 quasi
729 2245 793 2281 ille
820 2243 966 2292 aliquid
993 2244 1169 2282 iocorum
1189 2246 1256 2279 aut
1277 2241 1358 2280 doli
1377 2241 1506 2287 suspi-

201 2301 363 2338 13catus
397 2299 470 2338 sit:
514 2310 591 2338 non
626 2298 885 2347 deprehendit
917 2303 981 2347 te,
1024 2297 1095 2336 sed
1127 2296 1280 2345 repulit.
1335 2296 1399 2334 Ad
1429 2295 1506 2333 hoc
