1624 2626
164 151 418 190 ACCIDANT
447 150 553 190 CUM
576 149 920 190 PROVIDENTIA
951 149 1041 190 SIT.
1086 150 1244 189 111.1V.
1323 149 1352 190 9

61 253 156 293 vitia
171 257 377 301 venerunt,
396 256 441 290 ut
456 251 624 291 dubium
644 252 705 299 sit,
726 261 778 290 an
796 230 991 291 electione
1011 250 1080 290 fati
1099 251 1195 293 data
1212 251 1350 300 plures

0 351 1 356 ,
61 307 175 348 nasci
191 308 334 362 Reguli
361 317 482 357 quam
498 307 752 346 Maecenates
767 307 912 347 velint.
949 311 1018 346 aut
1044 306 1079 346 si
1100 307 1194 356 quis*
1219 307 1351 354 fuerit,

62 364 131 414 qui
159 363 304 403 audeat
333 363 467 402 dicere
491 363 764 402 Maecenatem
789 372 836 402 se
864 373 985 412 quam
1011 363 1207 411 Regulum
1235 362 1352 402 nasci

59 420 271 468 maluisse,
299 419 406 458 idem
425 419 674 467 iste‚'taceat
693 419 803 466 licet,
823 419 936 457 nasci
956 429 1002 458 se
1021 418 1247 459 Terentiam
1266 429 1350 458 ma-

59 476 143 515 luit.
185 475 290 514 Male
321 479 530 514 tractatum
557 474 766 514 Socratem
791 475 967 522 iudicas,
1004 475 1125 524 quod·
1142 474 1248 513 illam
1276 485 1349 523 po·
1362 475 1407 510 12

59 532 209 571 tionem
236 531 396 580 publice
420 530 584 570 mixtam
612 542 705 570 non.
721 531 834 569 aliter
861 541 982 579 quam
1015 530 1352 569 medicamentum

59 586 351 626 inmortalitatis
385 586 554 626 obduxit
586 591 626 625 et
654 587 704 625 de
730 590 857 625 morte
885 586 1107 635 disputavit
1134 596 1269 635 usque
1299 586 1353 625 ad

59 643 218 693 ipsam?
243 643 346 681 male
373 652 464 681 cum
491 642 558 681 illo
587 647 717 681 actum
747 642 964 691 est,'qu0d
990 643 1146 690 gelatus
1176 646 1239 681 est
1260 651 1352 680 san-

59 699 151 748 guis
172 709 220 737 ac
239 697 429 747 paulatim
449 698 598 747 frigore
618 698 780 736 inducto
799 708 992 736 venarum
1010 698 1127 746 vigor
1147 698 1353 736 constitit?

59 754 215 803 Quanto
246 754 375 803 magis
409 753 502 793 huic
527 753 794 792 ‘invidendum
827 758 892 792 est
919 764 1038 803 quam
1072 753 1169 801 illis,
1205 753 1409 801 quibusl3

59 820 217 858 gemma
250 809 515 858 ministratur,
549 809 695 858 quibus
722 809 905 848 exoletus
934 809 1068 848 omnia
1095 809 1178 858 pati
1206 808 1354 848 doctus

60 870 250 905 exsectae
275 864 473 904 virilitatis
503 870 572 904 aut
591 864 737 903 dubiae
757 874 999 913 suspensam
1021 874 1119 903 auro
1140 863 1276 904 nivem
1294 864 1352 903 di-

60 922 159 960 luit?
184 920 225 959 hi
251 920 446 970 quicquid
471 919 675 968 biberunt,
707 919 859 959 vomitu
884 920 1140 959 remetientur
1159 920 1294 958 tristes
1316 924 1357 958 et

60 976 180 1015 bilem
204 986 323 1015 ,suam
349 980 624 1024 regustantes‚
653 979 695 1013 at
712 975 778 1013 ille
797 984 996 1013 venenum
1018 976 1146 1014 laetus
1164 981 1204 1014 et
1222 975 1353 1013 libens

59 1030 226 1070 hauriet.
257 1030 374 1078 Quod
394 1031 445 1069 ad
461 1031 650 1069 Catonem
667 1030 855 1078 pertinet,
877 1029 976 1069 satis
997 1029 1147 1070 dictum
1167 1031 1410 1069 estsum-14

58 1096 244 1136 mamque
262 1085 318 1124 illi
337 1085 563 1125 felicitatem
585 1085 803 1132 contigisse
819 1095 1047 1125 consensus
1068 1085 1275 1125 hominum
1296 1086 1352 1124 fa-

58 1142 216 1181 tebitur.
239 1151 359 1191 quem
374 1141 451 1180 sibi
463 1151 597 1180 rerum
613 1145 755 1179 natura
771 1141 918 1189 delegit
933 1151 1022 1180 cum
1039 1152 1120 1189 quo
1138 1141 1355 1181 metuenda

59 1197 276 1237 collideret.
305 1195 562 1245 „Inimicitiae
582 1196 802 1245 potentium
821 1207 967 1244 graves
988 1202 1102 1236 sunt:
1124 1202 1354 1246 opponatur

59 1253 177 1292 simul
190 1253 402 1301 Pompeio,
426 1251 606 1300 Caesari,
629 1252 789 1291 Crasso.
817 1262 941 1300 grave
960 1257 1023 1292 est
1041 1263 1067 1292 a
1086 1253 1354 1293 deterioribus

57 1307 215 1347 honore
241 1308 400 1347 anteiri:
430 1307 592 1347 Vatinio
624 1308 880 1356 postte-ratur.
925 1318 1051 1356 grave
1077 1314 1140 1348 est
1169 1309 1354 1349 civilibus

27 1388 30 1391 -
57 1363 174 1403 bellis
201 1364 415 1403 interesse=
444 1368 528 1402 toto
557 1368 749 1402 terrarum
779 1363 878 1401 orbe
906 1374 979 1412 pro
1002 1374 1126 1403 causa
1146 1364 1254 1404 bona
1272 1369 1355 1403 tam

60 1418 268 1459 infeliciter
288 1430 409 1468 quam
435 1419 690 1468 pertinaciter
707 1419 856 1457 militet.
885 1429 1010 1467 grave
1030 1424 1093 1458 est
1113 1419 1189 1458 sibi
1208 1430 1353 1459 manus

61 1474 238 1514 adferre:
258 1475 388 1513 faciat.
419 1474 517 1523 quid
530 1485 603 1523 per
615 1474 716 1513 haec
733 1479 990 1523 consequar?
1007 1480 1052 1514 ut
1068 1486 1210 1516 omnes
1225 1475 1356 1514 sciant

61 1539 143 1568 non
162 1540 257 1569 esse
271 1529 372 1568 haec
386 1530 501 1576 mala,
526 1530 672 1579 quibus
691 1540 767 1578 ego
788 1530 950 1579 dignum
969 1531 1159 1570 Catonem
1176 1531 1355 1580 putavi.⁴‘

142 1585 212 1624 IV.
238 1584 439 1633 Prospera
454 1595 499 1624 re
512 1584 532 1609 *
544 1586 576 1633 *‚
599 1587 672 1625 sed
691 1586 732 1624 in
752 1586 911 1635 plebem
930 1597 977 1625 ac
992 1586 1087 1626 vilia
1106 1586 1268 1635 ingenia
1283 1586 1352 1625 de·
1370 1591 1389 1625 1

59 1641 244 1680 veniunt:
274 1644 314 1678 at
333 1640 576 1680 calamitates
596 1647 854 1690 terroresque
874 1643 1099 1682 mortalium
1119 1643 1195 1682 sub
1214 1642 1354 1691 iugum

61 1696 215 1735 mittere
243 1696 452 1744 proprium
477 1697 610 1744 magni
638 1696 712 1736 viri
739 1703 814 1736 est.
856 1708 1019 1747 semper
1037 1708 1134 1738 vero
1154 1708 1248 1738 esse
1267 1697 1353 1737 feli—

61 1753 148 1790 c'em
168 1756 208 1790 et
227 1751 314 1790 sine
333 1761 471 1791 morsu
485 1752 605 1790 animi
619 1753 788 1792 transire
805 1753 924 1793 vitam
940 1754 1126 1802 ignorare
1143 1759 1206 1793 est
1219 1763 1353 1792 rerum

61 1812 229 1846 naturae
248 1807 412 1846 alteram
432 1812 597 1855 partem.
627 1808 823 1857 „Magnus
845 1809 990 1850 vines:
1021 1810 1094 1849 sed
1113 1810 1223 1848 unde
1250 1809 1348 1856 scio,
1368 1812 1391 1846 2

62 1862 99 1901 si
116 1862 186 1902 tibi
206 1863 365 1901 fortuna
383 1873 464 1900 non
482 1862 550 1902 dat
565 1863 789 1908 facultatem
805 1864 1057 1904 exhibendae
1074 1865 1257 1903 virtutis?
1284 1865 1352 1903 de-

63 1918 256 1957 scendisti
276 1919 328 1956 ad
350 1917 556 1968 Olympia,
577 1919 789 1963 sed‘nemo
809 1925 971 1968 praeter
990 1926 1049 1959 tet
1071 1930 1263 1959 coronam
1283 1919 1352 1959 ha-

61 1973 154 2019 bes,
185 1972 389 2012 victoriam
419 1979 499 2012 non
530 1973 670 2013 habes.
714 1986 801 2014 non
828 1977 1008 2024 gratulor
1034 1980 1237 2023 tamquam
1262 1975 1352 2015 viro

62 2029 175 2076 forti,
199 2029 272 2068 sed
291 2034 492 2078 tamquam
513 2030 763 2068 consulatum
783 2036 1065 2079 praeturamve
1084 2030 1251 2080 adepto:
1278 2031 1352 2071 ho-

62 2095 162 2123 nore
181 2090 320 2124 auctus
340 2088 426 2123 es.“
453 2085 564 2123 Idem
586 2086 720 2125 dicere
738 2091 777 2125 et
794 2086 902 2125 bono
925 2087 1011 2125 viro
1031 2097 1220 2136 possum,
1243 2085 1280 2126 si
1298 2086 1390 2126 illia

62 2140 211 2180 nullam
233 2140 488 2180 occasionem
508 2140 709 2180 difficilior
727 2151 848 2185 casus
870 2142 982 2181 dedit
1006 2142 1046 2181 in
1074 2153 1155 2192 qua
1172 2153 1254 2182 una
1272 2143 1353 2182 vim

63 2195 127 2234 sui
146 2195 264 2234 animi
280 2197 528 2236 ostenderet:
553 2196 768 2245 „miserum
789 2203 828 2238 te
847 2197 992 2246 iudico,
1010 2198 1120 2248 quod
1135 2209 1354 2248 numquam

0 2281 2 2294 ζ
64 2250 173 2290 fuisti
192 2252 326 2290 miser.
365 2252 544 2291 transisti
571 2253 658 2291 sine
687 2252 922 2292 adversario
937 2252 1075 2294 witam.
1114 2265 1232 2293 nemo
1253 2255 1355 2294 sciet

0 2305 6 2424 ἓ

66 2306 164 2355 quid
182 2308 374 2356 potueris.
405 2319 455 2347 ne
474 2313 516 2347 tu
538 2309 697 2358 quidem
719 2309 848 2359 ipse.“
879 2319 981 2359 opus
1003 2315 1065 2350 est
1084 2309 1190 2349 enim
1209 2310 1261 2349 ad
1281 2320 1352 2348 no-
