1592 2580
279 177 464 217 NATUR.
485 175 700 226 QUAEST.
726 175 821 217 LIB.
838 176 906 215 VI.
936 181 1109 216 20—22.
1258 176 1339 220 287

55 283 227 322 sortasse
253 279 390 330 aliqua
416 284 530 328 parte
557 278 692 319 subito
720 278 931 318 decidente
951 278 1170 328 percutitur
1188 283 1228 319 et
1246 278 1341 318 inde

53 342 204 377 motum
231 334 351 385 capit.
388 336 564 375 fortasse
591 335 726 385 aliqua
748 345 842 384 pars
862 338 992 374 terrae
1010 335 1121 374 velut
1144 335 1340 374 columnis

55 392 295 442 quibusdam
316 402 365 431 ac
387 391 479 440 pilis
499 390 728 438 sustinetur,
753 390 900 440 quibus
920 390 1065 430 vitiatis
1084 400 1133 429 ac
1146 391 1338 430 receden-

51 449 158 488 tibus
185 448 318 487 tremit
344 447 508 497 pondus
526 447 758 497 inpositum.
792 447 966 486 sortasse
986 446 1116 486 calida
1137 447 1200 485 vis
1224 446 1340 496 spiri·
1356 452 1386 488 Τ

51 504 181 543 tusin
213 504 344 552 ignem
371 513 492 543 versa
517 508 557 542 et
586 502 737 542 fulmini
763 502 903 542 similis
929 513 1019 542 cum
1039 511 1186 551 magna
1204 507 1340 552 strage

52 559 296 599 obstantium
326 560 462 598 fertur.
506 560 682 598 fortasse
707 559 908 608 palustres
935 563 976 598 et
1002 557 1181 598 iacentes
1210 569 1339 608 aquas

51 615 198 665 aliquis
228 615 347 654 ssatus
374 614 528 664 inpellit
554 619 594 654 et
620 614 714 654 inde
740 619 810 653 aut
833 615 936 654 ictus
960 619 1107 655 terram
1128 615 1256 664 quatit
1274 619 1341 654 aut

52 671 217 720 spiritus
239 670 401 720 agitatio
423 671 515 720 ipso
538 675 647 710 motu
667 680 856 709 crescens
877 675 918 710 et
936 680 982 709 se
1001 670 1169 710 incitans
1188 671 1240 710 ab
1258 671 1339 710 imo

51 728 91 766 in
108 737 264 766 summa
278 737 411 776 usque
429 727 665 776 perfertur-‘⁴
710 726 865 765 Nullam
882 731 1013 765 tamen
1027 726 1080 765 illi
1097 727 1231 776 placet
1245 737 1339 766 cau—

53 793 139 822 sam
161 787 293 822 motus
313 793 408 822 esse
427 783 617 821 maiorem
637 792 757 832 quam
777 781 973 832 spiritum.

132 837 234 878 XXI.
276 838 434 878 Nobis
473 848 676 888 quoque
716 839 888 888 placet
929 839 1060 878 hunc
1103 838 1341 887 spiritum
1360 847 1378 880 l

54 905 190 942 esse,
230 894 314 943 qui
352 894 523 944 possit
558 898 701 933 tanta
740 894 939 943 conari,
979 904 1060 943 quo
1088 894 1186 933 nihil
1213 900 1276 935 est
1301 896 1340 934 in

51 960 186 989 rerum
203 955 357 989 natura
383 950 606 1000 potentius,
643 949 741 988 nihil
768 950 924 999 acrius,
962 951 1050 989 sine
1071 960 1151 1000 quo
1179 960 1255 990 nec
1275 951 1343 990 illa

56 1006 237 1055 quidem,
266 1016 373 1054 quae
399 1005 752 1044 vehementissima
779 1011 891 1053 sunt,
920 1007 1073 1045 valent=
1102 1007 1235 1055 ignem
1258 1007 1341 1056 spi-

52 1062 151 1101 ritus
177 1062 362 1101 concitat.
400 1072 550 1111 aquae,
581 1061 615 1100 si
638 1066 796 1101 ventum
817 1061 1027 1111 detrahas,
1056 1062 1206 1101 inertes
1227 1068 1340 1102 sunt:

53 1123 147 1157 tunc
174 1118 335 1157 demum
362 1117 539 1167 inpetum
567 1121 748 1165 sumunt,
785 1128 876 1157 cum
902 1118 992 1157 illas
1020 1119 1103 1167 agit
1128 1116 1261 1157 flatus.
1303 1125 1342 1157 et
1369 1151 1376 1157 .

55 1178 187 1223 potest
211 1173 412 1222 dissipare
437 1183 583 1222 magna
610 1173 742 1222 spatia
760 1177 954 1213 terrarum
975 1179 1015 1213 et
1032 1184 1163 1213 novos
1183 1179 1341 1214 montes

53 1229 259 1268 subiectus
287 1229 479 1268 extollere
506 1234 548 1268 et
573 1229 726 1268 insulas
754 1240 835 1268 non
867 1234 960 1268 ante
992 1230 1105 1269 visas
1140 1230 1178 1268 in
1207 1230 1340 1269 medio

52 1285 151 1324 mari
166 1294 333 1334 ponere.
378 1284 533 1323 Theren
549 1290 589 1324 et
601 1284 830 1323 Therasiam
846 1290 886 1324 et
899 1285 1003 1335 hanc
1019 1290 1183 1325 nostrae
1198 1285 1341 1326 aetatis

52 1341 241 1387 insulam,
269 1340 545 1389 spectantibus
567 1341 684 1380 nobis
704 1341 743 1379 in
764 1343 931 1389 Aegaeo
951 1343 1049 1380 mari
1069 1347 1223 1390 natam,
1249 1342 1341 1391 quis

55 1396 207 1435 dubitet
226 1396 322 1445 quin
342 1395 381 1434 in
403 1396 532 1434 lucem
552 1395 717 1445 spiritus
737 1396 922 1435 vexerit?

137 1452 240 1491 Duo
266 1461 455 1500 genera
479 1456 616 1500 sunt,
646 1456 698 1490 ut
714 1450 995 1491 Posidonio
1017 1453 1206 1502 placet,
1236 1454 1341 1502 qui·
1357 1461 1379 1494 2

54 1507 146 1546 bus
175 1511 402 1546 movetur
429 1512 578 1546 terra.
622 1508 831 1556 utriusque
858 1518 1004 1546 nomen
1027 1513 1091 1547 est
1111 1508 1339 1557 proprium:

54 1564 179 1601 altera
204 1563 476 1602 succussio
506 1568 586 1610 est,
614 1573 705 1602 cum
731 1567 838 1602 terra
858 1563 1032 1612 quatitur
1051 1569 1091 1603 et
1109 1574 1271 1603 sursum
1291 1575 1340 1603 ac

55 1618 244 1658 deorsum
271 1623 466 1667 movetur,
487 1618 611 1657 altera
637 1618 929 1668 inclinatio,
962 1630 1042 1668 qua
1061 1620 1100 1658 in
1121 1620 1246 1658 latera
1267 1631 1339 1659 nu-

53 1678 109 1713 tat
135 1673 282 1723 navigii
309 1684 432 1713 more.
481 1684 572 1723 ego
602 1679 650 1713 et
681 1673 885 1713 tertium
921 1675 1048 1714 illud
1077 1676 1338 1723 existimo,

56 1729 167 1778 quod
183 1734 323 1768 nostro
338 1729 539 1769 vocabulo
555 1729 754 1778 signatum
774 1734 849 1769 est.
878 1741 958 1770 non
980 1731 1084 1770 enim
1105 1731 1193 1770 sine
1214 1742 1339 1771 causa

54 1792 320 1825 tremorem
348 1790 479 1825 terrae
498 1785 637 1824 dixere
657 1786 849 1833 maiores,
873 1786 941 1835 qui
957 1787 1115 1836 utrique
1131 1787 1338 1827 dissimilis

55 1845 129 1880 est.
172 1852 265 1880 nam
292 1852 368 1880 nec
397 1841 670 1880 succutiuntur
696 1845 791 1880 tunc
817 1843 951 1881 omnia
979 1853 1055 1882 nec
1087 1843 1336 1891 inclinantur,

56 1897 130 1935 sed
148 1896 372 1936 vibrantur:
401 1907 468 1936 res
488 1896 647 1935 minime
665 1897 704 1935 in
718 1896 948 1937 huiusmodi
967 1909 1066 1937 casu
1080 1897 1213 1947 noxia,
1234 1899 1339 1938 sicut

55 1953 175 2002 longe
204 1952 468 2002 pernIciosior
494 1957 556 1992 est
587 1952 788 1992 inclinatio
813 1954 1096 1993 concussione.
1140 1965 1231 1993 nam
1258 1954 1337 1994 nisi

56 2008 239 2047 celeriter
258 2019 310 2047 ex
329 2009 452 2047 altera
471 2012 584 2058 parte
603 2009 879 2058 properaverit
892 2015 1044 2059 motuS,
1065 2009 1133 2060 qui
1151 2010 1338 2050 inclinata

55 2063 255 2112 restituat,
285 2064 401 2103 ruina
421 2064 654 2103 necessario
675 2065 867 2113 sequitur.

137 2119 256 2158 XXII.
295 2119 392 2159 Cum
419 2120 634 2159 dissimiles
667 2119 707 2158 hi
732 2125 866 2160 motus
892 2119 996 2161 inter
1018 2132 1064 2161 se
1086 2127 1196 2170 sunt,
1227 2125 1334 2170 [tum]
1354 2132 1370 2164 1

60 2183 207 2215 causae
237 2187 387 2225 quoque
412 2186 551 2215 eorum
578 2175 766 2216 diversae
798 2181 916 2216 suntz
960 2178 1102 2227 prius
1139 2188 1236 2227 ergo
1275 2178 1334 2218 de

59 2234 188 2270 motu
217 2231 480 2281 quatiente
506 2231 746 2271 dicamus.
801 2231 1026 2282 Siquando
1048 2244 1192 2283 magna
1211 2242 1334 2273 onera

60 2293 132 2332 per
150 2285 258 2326 vices
277 2287 551 2327 vehiculorum
571 2287 742 2336 plurium
758 2292 883 2327 tracta
897 2294 991 2328 sunt
1005 2293 1044 2328 et
1058 2294 1170 2329 rotae
1183 2289 1334 2329 maiore

61 2339 151 2380 nisu
166 2341 203 2380 in
220 2342 399 2383 salebras
415 2342 647 2394 inciderunt,
670 2348 814 2384 terram
827 2343 987 2386 concuti
1005 2345 1166 2386 senties.
1191 2345 1332 2386 Ascle--
