1592 2580
260 154 327 194 DE
355 152 635 194 BENEFICIIS
662 153 759 192 LlB.
772 154 824 192 V.
851 157 908 193 24.
929 175 986 182 —-
1004 153 1178 192 LIB.VI.
1206 158 1241 192 2.
1315 151 1394 194 107

105 255 257 296 Moneri
273 254 376 293 velle
389 264 437 293 ac
457 264 582 303 posse
596 253 779 293 secunda
793 251 918 292 virtus
931 257 1007 292 est.
1032 264 1149 302 equos
1164 252 1393 302 obsequen-

104 318 166 351 tes
181 311 311 360 facies
331 320 474 360 parere
494 310 572 348 huc
592 309 686 349 illuc
702 309 826 348 frenis
841 308 983 349 leniter
997 309 1136 348 motis=
1168 308 1395 348 flectendus

106 371 168 406 est
186 366 324 416 paucis
345 365 522 415 animus,
552 366 615 404 sui
634 371 767 405 rector
787 365 975 415 optimus.
1021 364 1198 405 Proximi
1218 370 1311 404 sunt
1327 365 1395 414 qui
1411 370 1432 403 5

104 422 294 462 admoniti
318 422 357 460 in
388 421 492 461 viam
514 421 696 460 redeunt.
732 420 798 461 h1s
817 432 898 460 non
914 426 978 461 est
1001 420 1084 460 dux
1107 420 1395 460 detrahendus.

105 477 263 527 Opertis
297 478 424 517 oculis
453 478 558 517 inest
585 477 716 525 acies,
751 477 828 516 sed
861 476 950 517 sine
982 488 1080 525 usu,
1111 488 1231 526 quam
1261 477 1393 516 lumen

102 532 182 572 diei
201 532 410 573 inmissum
430 534 482 572 ad
501 533 721 572 ministeria
740 543 816 572 sua
835 538 990 573 evocat.
1022 533 1286 572 instrumenta
1306 543 1393 572 ces-

102 594 212 637 sant,
242 589 318 628 nisi
343 590 412 629 illa
436 590 474 628 in
504 600 609 638 opus
629 600 746 628 suum
766 589 909 628 artifex
929 589 1064 628 movit.
1110 589 1221 628 Inest
1238 589 1395 627 interIm
1411 593 1433 627 6

100 644 244 684 animis
262 645 450 684 voluntas
477 645 604 693 bona,
636 645 710 683 sed
737 649 885 694 torpet,
917 645 1038 684 modo
1059 644 1215 683 deliciis
1234 655 1282 684 ac
1303 645 1395 691 situ,

101 702 222 739 modo
251 701 374 740 officii
402 701 571 740 inscitia.
613 700 717 739 hanc
749 701 883 740 utilem
911 702 1044 740 faeere
1071 701 1286 748 debemus,
1317 711 1394 740 nec

100 756 188 795 irati
214 757 444 805 relinquere
471 757 510 795 in
541 756 655 804 vitm,
692 757 768 795 sed
792 762 835 795 ut
861 756 1041 806 magistri
1068 756 1267 805 patienter
1289 756 1395 795 ferre

101 811 390 851 offensationes
419 823 634 861 puerorum
662 811 923 858 discentium,
961 812 1178 852 memoriae
1207 812 1393 851 labentis.

102 878 207 916 quae
227 868 566 916 quemadmodum
585 877 711 916 saepe
732 867 915 907 subiecto
935 879 1017 907 uno
1037 873 1106 908 aut
1126 869 1252 908 altero
1268 868 1393 907 verbo

102 924 150 961 ad
182 928 409 962 contextum
444 924 678 963 reddendae
710 923 904 963 orationis
931 924 1106 963 adducta
1131 929 1214 972 est,
1253 924 1312 963 sic
1342 924 1394 963 ad

103 979 354 1018 referendam
372 979 539 1029 gratiam
558 979 833 1020 admonitione
852 980 1085 1020 revocanda
1104 984 1178 1020 est.

482 1201 527 1254 ¹¹·
568 1199 754 1254 ΑΝΝΑΕΙ
786 1199 1014 1254 SENECAE

399 1311 465 1344 AD
496 1311 720 1345 AEBUTIU
731 1312 763 1345 M
796 1312 1103 1345 LIBERALEM

184 1401 323 1463 DE
424 1400 1302 1465 BENEFlCllS

607 1524 786 1565 LIBER
821 1524 886 1564 VI.

183 1698 213 1735 Ι.
252 1697 478 1745 Quaedam,
515 1697 728 1745 Liberalis,
764 1697 942 1737 virorum
972 1699 1140 1748 optime,
1176 1702 1394 1740 exercendi

100 1758 251 1793 tantum
277 1753 427 1801 ingenii
451 1763 580 1792 *causa
607 1758 854 1802 quaeruntur
881 1760 921 1794 et
949 1765 1113 1804 semper
1139 1760 1253 1795 extra
1274 1757 1392 1796 vitam

99 1809 243 1848 iacent.
282 1808 481 1857 quaedam
509 1813 549 1847 et
576 1809 670 1847 dum
692 1815 954 1858 quaeruntur,
986 1811 1277 1850 oblectamento
1299 1819 1394 1852 sunt

99 1870 140 1904 et
159 1864 343 1914 quaesita
362 1865 466 1903 usui.
515 1864 698 1903 Omnium
717 1864 783 1903 tibi
805 1865 964 1914 copiam
986 1866 1142 1905 faciam.
1172 1871 1214 1905 tu
1233 1867 1310 1915 illa,
1332 1874 1391 1908 ut-

101 1931 272 1969 cumque
300 1920 370 1958 tibi
401 1919 529 1959 visum
559 1920 649 1966 erit,
681 1925 749 1959 aut
779 1921 916 1969 peragi
943 1921 1078 1962 iubeto
1106 1927 1175 1962 aut
1192 1923 1245 1961 ad
1265 1924 1390 1973 expli-

101 1976 274 2016 candum
306 1976 492 2015 ludorum
525 1976 706 2014 ordinem
735 1975 884 2016 induci.
930 1977 999 2028 [in]
1034 1976 1099 2016 his
1134 1989 1317 2028 quoque,
1357 1979 1392 2018 si

100 2030 211 2070 abire
237 2032 407 2071 iusseris
437 2032 639 2080 protinuS‚
670 2031 848 2070 nonnihil
874 2038 1005 2071 actum
1035 2033 1128 2072 erit:
1159 2044 1250 2072 nam
1274 2035 1392 2074 etiam

102 2087 213 2135 quod
232 2087 389 2126 discere
410 2097 710 2136 supervacuum
729 2092 810 2134 est,
842 2088 1011 2136 prodest
1030 2099 1293 2137 cognoscere.
1329 2091 1391 2130 Ex

100 2143 212 2182 voltu
238 2143 357 2192 igitur
386 2148 453 2182 tuo
481 2142 690 2192 pendebo:
729 2147 849 2191 prout
879 2143 945 2182 ille
975 2145 1147 2184 suaserit
1168 2145 1284 2193 mihi,
1313 2147 1391 2187 alia

102 2197 290 2238 detinebo
310 2199 459 2238 diutius
471 2229 480 2246 ‚
511 2199 589 2237 alia
607 2198 807 2247 expellam
825 2202 866 2238 et
884 2199 1015 2248 capite
1033 2210 1162 2249 agam.

183 2253 231 2292 ΙΙ.
268 2255 341 2293 An
376 2254 686 2294 beneficium
715 2253 846 2303 eripi
875 2255 1064 2303 possit,
1104 2255 1425 2305 quaesitumi

103 2313 192 2348 est.
237 2309 406 2358 Quidam
425 2315 574 2359 negant
594 2319 732 2359 posse.
763 2320 844 2350 non
865 2309 971 2350 enim
989 2321 1056 2351 res
1076 2316 1157 2361 est,
1178 2313 1252 2352 sed
1271 2313 1388 2353 actio.
