1592 2580
294 191 362 230 DE
388 189 670 230 BENEFICIIS
698 190 794 230 LIB.
810 190 876 230 111.
906 196 1082 232 24—28.
1281 190 1334 232 51

129 294 290 335 XXVII.
329 294 414 334 Sub
434 293 528 333 divo
550 293 736 343 Augusto
757 293 937 333 nondum
959 292 1191 334 hominibus
1211 293 1336 333 verba
1352 294 1372 328 l

50 361 125 392 sua
149 351 380 401 periculosa
405 354 538 398 erant,
568 349 648 388 iam
675 350 859 388 molesta.
909 350 1062 398 Rufus,
1090 350 1152 388 vir
1181 350 1336 389 ordinis

50 407 260 456 senatorii,
286 405 388 445 inter
408 415 575 445 coenam
596 410 824 455 optaverat,
853 415 932 454 „ne
949 405 1100 444 Caesar
1118 406 1258 445 salvus
1272 416 1337 444 re—

50 463 151 504 diret
177 473 230 501 ex
257 473 306 501 ea
333 461 658 511 peregrinatione
686 471 807 510 quam
824 461 1033 511 parabat.“
1072 466 1112 501 et
1132 461 1340 501 adiecerat

47 519 179 567 „idem
208 528 350 558 omnes
377 523 416 557 et
441 523 581 557 tauros
610 522 649 556 et
675 516 822 556 vitulos
843 519 1024 567 optare.“
1066 517 1247 557 Fuerunt
1268 518 1338 567 qui

48 576 114 613 illa
142 574 352 623 diligenter
381 574 577 613 audirent.
624 573 677 612 Ut
702 573 874 622 primum
902 573 1063 621 diluxit,
1082 583 1239 628 ¹¹servus
1269 573 1339 623 qui

49 630 232 670 coenanti
265 630 319 668 ad
353 629 482 678 pedes
517 633 702 678 steterat,
737 634 873 668 narrat
901 639 1006 678 quae
1033 629 1138 669 inter
1165 639 1336 668 coenam

48 686 182 725 ebrius
209 686 382 725 dixisset
408 690 448 724 et
477 685 677 734 hortatur,
713 689 758 724 ut
785 685 998 724 Caesarem
1019 691 1195 734 occupet
1213 690 1336 734 atque

48 742 137 791 ipse
164 752 210 780 se
237 741 406 781 deferat.
458 741 569 780 Usus
599 740 770 780 consilio
797 741 1061 780 descendenti
1082 741 1246 780 Caesari
1267 751 1335 780 oc·
1352 744 1374 777 2

48 798 169 836 currit
195 802 253 844 et,
285 808 375 836 cum
401 798 546 836 malam
573 801 748 836 mentem
775 796 970 835 habuisse
991 807 1037 836 se
1057 797 1188 845 pridie
1206 797 1335 836 iuras—

48 858 126 900 set,
157 853 199 892 id
217 857 262 892 ut
279 853 318 892 in
340 864 386 892 se
406 857 446 891 et
464 853 504 891 in
522 851 630 892 filios
648 863 746 892 suos
763 853 980 902 recideret,
1009 852 1163 902 optavit
1182 857 1222 892 et
1239 852 1335 891 Cae·

49 919 200 957 sarem,
229 914 274 948 ut
301 910 530 958 ignosceret
559 908 636 947 sibi
662 908 895 958 rediretque
921 908 962 947 in
990 910 1160 958 gratiam
1183 918 1335 956 secum,

48 964 214 1013 rogavit.
265 965 363 1003 Cum
382 965 553 1004 dixisset
579 974 626 1003 se
646 964 795 1003 Caesar
815 965 970 1003 facere:
1001 975 1167 1013 „nem0,
1195 964 1335 1014 inquit,
1351 965 1373 999 3

48 1020 184 1059 credet
208 1026 248 1059 te
272 1031 428 1059 mecum
457 1020 496 1058 in
528 1020 696 1070 gratiam
723 1020 902 1067 redisse,
923 1019 1022 1059 'nisi
1053 1019 1207 1069 aliquid
1240 1020 1337 1058 mihi

48 1077 313 1125 donaveris,“
348 1077 528 1125 petitque
555 1087 637 1115 non
664 1075 948 1114 fastidiendam
976 1086 1000 1114 a
1027 1075 1205 1125 propitio
1227 1086 1334 1115 surn-

36 1137 150 1170 ‘mam
167 1137 207 1171 et
219 1131 447 1181 inpetravit.
486 1131 635 1170 Caesar
652 1131 725 1170 ait:
754 1131 872 1180 „Mea
889 1141 1015 1171 causa
1029 1131 1136 1170 dabo
1154 1142 1335 1180 operam,

47 1198 98 1226 ne
124 1198 314 1237 umquam
342 1188 412 1226 tibi
440 1187 632 1226 irascar.“
677 1187 860 1226 Honeste
894 1187 989 1226 fecit
1017 1186 1186 1236 Caesar,
1226 1188 1337 1236 quod
1354 1190 1402 1237 4,

47 1243 219 1292 ignovit,
256 1244 367 1293 quod
394 1238 670 1298 liberalitgmfi
697 1243 932 1282 clementiae
950 1243 1110 1282 adiecit.
1156 1242 1336 1292 quicum-

50 1309 128 1349 que
153 1299 233 1339 hoc
259 1298 430 1339 audierit
456 1299 704 1348 exemplum,
734 1308 907 1338 necesse
934 1303 997 1338 est
1017 1299 1232 1338 Caesarem
1251 1300 1336 1338 lau-

49 1356 134 1403 det,
155 1356 229 1394 sed
250 1365 339 1395 cum
361 1365 522 1394 servum
541 1360 634 1395 ante
652 1355 887 1394 laudaverit.
925 1355 1014 1394 Non
1033 1360 1273 1404 exspectas,
1293 1362 1338 1394 ut

48 1411 118 1449 tibi
144 1421 300 1449 narrem
330 1411 642 1459 manumissum,
682 1411 752 1459 qui
779 1410 858 1449 hoc
887 1411 1049 1450 fecerat.
1100 1421 1176 1450 nec
1202 1416 1335 1450 tamen

50 1464 194 1514 gratis:
224 1467 434 1515 pecuniam
461 1477 535 1515 pro
557 1466 737 1506 libertate
756 1465 844 1505 eius
866 1466 1016 1505 Caesar
1040 1472 1334 1506 numeraverat.

132 1521 310 1560 XXVIII.
337 1521 436 1561 Post
452 1526 512 1562 tot
529 1523 719 1571 exempla
737 1533 832 1561 num
852 1527 915 1561 est
932 1521 1117 1570 dubium,
1150 1524 1247 1572 quin
1266 1523 1336 1561 be·
1354 1528 1372 1561 1

53 1577 238 1616 neficium
266 1576 483 1626 aliquando
517 1588 542 1616 a
573 1589 694 1617 servo
727 1577 917 1617 dominus
951 1578 1153 1627 accipiat?
1203 1578 1336 1627 Quare

51 1634 184 1682 potius
214 1643 391 1681 persona
414 1643 498 1671 rem
517 1634 669 1672 minuat
688 1644 807 1682 quam
830 1644 1047 1682 personam
1065 1645 1133 1673 res
1157 1634 1249 1683 ipsa
1268 1645 1336 1673 eo-

49 1689 263 1727 honestet?
290 1689 432 1727 eadem
452 1688 638 1728 omnibus
660 1689 858 1738 principia
876 1689 1102 1738 eademque
1118 1690 1245 1738 origo,
1265 1701 1334 1729 ne-

49 1755 114 1784 mo
142 1746 267 1783 altero
296 1744 488 1792 nobilior,
517 1745 595 1783 nisi
623 1745 687 1784 cui
714 1744 863 1784 rectius
890 1746 1092 1794 ingenium
1123 1751 1163 1785 et
1181 1746 1335 1785 artibus

48 1800 167 1840 bonis
194 1800 340 1849 aptius.
388 1799 463 1848 Qui
489 1800 683 1848 imagines
703 1801 744 1839 in
764 1801 862 1840 atrio
885 1807 1094 1850 exponunt
1113 1808 1152 1841 et
1172 1803 1334 1841 nomina
1350 1803 1373 1836 2

51 1857 223 1895 familiae
252 1866 349 1895 suae
376 1857 497 1905 longo
518 1856 659 1895 ordine
678 1866 726 1895 ac
745 1856 879 1896 multis
898 1862 1150 1896 stemmatum
1171 1857 1334 1906 inligata

51 1912 217 1951 flexuris
237 1911 277 1950 in
298 1917 412 1961 parte
430 1912 559 1961 prima
576 1911 737 1951 aedium
754 1913 973 1962 collocant,
999 1924 1082 1952 non
1101 1913 1185 1952 noti
1204 1914 1334 1962 magis

53 1979 172 2018 quam
198 1968 355 2007 nobiles
385 1972 505 2007 sunt?
549 1968 662 2007 Unus
689 1968 864 2007 omnium
887 1979 1036 2018 parens
1056 1970 1230 2008 mundus
1252 1974 1333 2007 est:

53 2025 139 2063 sive
166 2035 239 2073 per
267 2024 505 2073 splendidos
533 2024 619 2062 sive
645 2034 720 2073 per
746 2024 937 2064 sordidos
965 2024 1118 2074 gradus
1144 2025 1197 2064 ad
1225 2025 1334 2064 hunc

54 2079 181 2129 prima
208 2079 405 2128 cuiusque
433 2080 546 2129 origo
575 2080 821 2128 perducitur.
867 2080 955 2120 Non
984 2085 1046 2119 est
1071 2081 1183 2130 quod
1211 2086 1249 2120 te
1267 2080 1333 2120 isti

55 2136 273 2185 decipiant,
294 2136 382 2184 qui,
409 2147 498 2175 cum
520 2135 693 2175 maiores
715 2146 814 2174 suos
833 2140 1065 2184 recensent,
1088 2135 1332 2185 ubicumque

55 2201 200 2230 nomen
219 2191 387 2230 inlustre
405 2192 500 2231 fecit
520 2194 689 2240 [illorum
709 2194 770 2230 vel
789 2191 958 2239 fortuna
976 2193 1036 2231 vel
1053 2194 1193 2240 virtus,
1219 2202 1332 2231 suam

54 2247 289 2296 superbiam]
317 2246 385 2287 illo
414 2248 596 2287 fulciunt.
649 2247 855 2286 Neminem
884 2248 1144 2298 despexeris,
1175 2248 1328 2287 etiamsi
1345 2253 1369 2287 3

57 2303 162 2340 circa
187 2302 295 2342 illum
325 2303 508 2343 obsoleta
536 2307 631 2343 sunt
662 2302 825 2342 nomina
856 2308 896 2343 et
928 2313 1069 2352 parum
1099 2303 1330 2354 indulgente

57 2356 191 2399 adiuta
207 2358 386 2410 fortuna,
414 2358 502 2400 sive
520 2357 691 2400 libertini
710 2363 803 2399 ante
822 2369 896 2400 vos
910 2358 1207 2441 habenturfive
1221 2361 1328 2402 servi
