1624 2626
269 158 438 200 LUDUS
457 158 525 198 DE
543 157 719 198 MORTE
739 156 958 197 CLAUDII.
986 161 1115 198 4—6.
1256 153 1338 196 267

56 258 126 299 vit.
161 263 242 308 [nec
260 266 344 309 post
359 262 516 297 boletum
536 262 684 308 opipare
702 261 962 297 medicamentis
980 261 1158 296 conditum
1173 260 1252 307 plns
1268 260 1338 295 cibi

57 318 233 364 sumpsit-J
692 337 699 342 ·

138 372 190 410 V.
219 370 330 419 Quae
357 370 396 409 in
422 370 539 410 terris
560 374 705 420 postea
723 367 803 409 sint
820 373 928 418 acta,
959 369 1257 418 supervacuum
1278 367 1342 408 est
1357 373 1377 406 1

56 427 220 467 referre.
260 425 372 466 scitis
394 427 498 465 enim
517 427 686 476 optime,
710 436 787 465 nec
805 426 1028 475 periculum
1047 429 1129 473 est,
1159 435 1211 464 ne
1230 424 1339 463 exci-

58 484 174 531 dant,
197 492 304 532 quae
321 482 538 521 memoriae
553 482 743 531 gaudium
762 481 967 531 publicum
985 481 1189 530 inpressit.
1220 491 1340 520 nemo

55 539 254 578 felicitatis
274 547 374 577 suae
389 538 657 577 obliviscitur:
683 537 724 576 in
740 539 855 577 coelo
873 547 979 587 quae
993 543 1083 576 acta
1098 537 1176 576 sint
1190 537 1340 575 audite.

55 594 160 634 fides
180 604 308 644 penes
327 598 533 633 auctorem
554 594 640 632 erit.
684 593 894 633 Nuntiatur
910 593 997 632 Iovi
1015 593 1179 632 venisse
1201 602 1338 641 quem·
1354 597 1377 630 2

55 650 149 689 dam
167 650 300 689 bonae
319 653 513 698 staturae,
534 649 639 688 bene
661 660 818 688 canum.
854 648 995 688 nescio
1019 649 1117 698 quid
1137 649 1246 688 illum
1267 648 1339 686 mi-

55 706 154 744 nari.
192 705 364 745 adsidue
392 705 496 743 enim
526 710 648 755 caput
673 715 850 744 movere.
887 704 1032 754 pedem
1054 705 1237 743 dextrum
1260 709 1339 743 tra-

54 761 164 800 here.
200 761 412 810 quaesisse
433 768 492 809 se,
512 762 628 800 cuius
644 760 818 800 nationis
834 765 956 800 esset.
985 760 1254 810 respondisse
1269 769 1339 797 ne-

54 816 141 856 scio
163 816 259 867 quid
287 816 518 865 perturbato
546 827 649 856 sono
671 822 712 856 et
733 827 836 856 voce
855 817 1039 856 confusa.
1084 827 1166 855 non
1186 815 1339 855 intelle-

54 882 151 922 gere
179 883 227 912 se
251 873 426 920 linguam
455 873 556 912 eius.
593 883 670 911 nec
691 873 885 911 Graecum
905 882 1001 911 esse
1019 882 1095 911 nec
1113 872 1338 911 Romanum

53 939 131 967 nec
163 928 283 967 ullius
317 928 448 977 gentis
482 933 616 968 notae.
662 929 760 967 Tum
794 927 948 977 Iupiter
978 928 1214 973 Herculem,
1246 926 1377 976 quiae

52 989 180 1023 totum
206 984 345 1023 orbem
375 988 570 1023 terrarum
602 989 882 1033 pererraverat
907 988 948 1023 et
974 994 1101 1023 nosse
1127 982 1341 1022 videbatur

53 1050 194 1079 omnes
213 1039 416 1085 nationes,
436 1039 546 1078 iubet
563 1039 622 1078 ire
635 1044 676 1078 et
690 1040 925 1088 explorare,
946 1049 1117 1088 quorum
1132 1038 1341 1078 hominum

53 1099 176 1134 esset.
223 1095 319 1134 Tum
346 1095 542 1134 Hercules
571 1095 700 1144 primo
730 1095 929 1144 adspectu
955 1105 1055 1133 sane
1080 1094 1338 1143 perturbatus

52 1155 131 1198 est,
162 1155 206 1190 ut
234 1161 349 1200 quem
374 1150 453 1189 iam
477 1162 558 1190 non
578 1151 714 1190 omnia
730 1155 912 1189 monstra
928 1150 1141 1190 timuerint.
1178 1155 1222 1189 ut
1239 1149 1340 1188 vidit

52 1207 147 1246 novi
165 1206 325 1255 generis
352 1206 515 1253 faciem,
543 1206 747 1246 insolitum
765 1207 992 1253 incessum,
1023 1216 1167 1244 vocem
1187 1205 1337 1245 nullius

50 1262 253 1301 terrestris
279 1261 482 1309 animalis,
517 1263 592 1301 sed
620 1261 751 1312 qualis
771 1273 866 1302 esse
886 1262 1050 1301 marinis
1069 1261 1202 1301 beluis
1222 1262 1338 1309 solet,

51 1328 217 1357 raucam
236 1323 276 1358 et
295 1317 531 1367 inplicitam,
559 1318 713 1367 putavit
731 1317 808 1357 sibi
828 1318 986 1357 tertium
1005 1316 1204 1356 decimum
1225 1317 1337 1356 labo-

51 1384 136 1412 rem
165 1375 343 1413 venisse.
389 1372 626 1422 Diligentius
653 1373 820 1413 intuenti
847 1374 963 1413 visus
982 1377 1045 1412 est
1066 1372 1184 1422 quasi
1203 1373 1337 1412 homo.
1353 1379 1377 1414 4

53 1429 226 1468 accessit
243 1430 378 1478 itaque
397 1434 438 1468 et
457 1429 568 1478 quod
589 1430 819 1469 facillimum
838 1430 911 1468 fuit
931 1429 1148 1477 Graeculo,
1168 1429 1241 1468 ait:

84 1483 158 1531 Τίς
175 1479 319 1524 πόθεν
339 1479 398 1530 εἷς
417 1478 616 1535 ἀνδρῶνς
646 1481 758 1525 πόθι
775 1497 844 1524 τοι
860 1480 1011 1532 πτόλις
1029 1478 1108 1536 ἠδὲ
1126 1485 1303 1536 τοκῆες;

54 1539 244 1578 Claudius
263 1540 412 1588 gaudet
430 1550 524 1579 esse
543 1541 622 1579 illic
642 1541 871 1590 philologos
892 1540 1099 1588 homines,
1121 1545 1258 1589 sperat
1278 1541 1337 1578 fu-

52 1600 186 1633 turum
212 1595 386 1644 aliquem
411 1594 588 1634 historiis
616 1596 703 1635 suis
730 1597 878 1635 locum.
920 1597 1062 1645 Itaque
1083 1600 1123 1635 et
1145 1597 1237 1646 ipse
1257 1596 1337 1634 Ho-

53 1651 204 1689 merico
223 1660 348 1689 versu
368 1649 580 1689 Caesarem
602 1662 650 1690 se
669 1662 764 1690 esse
783 1652 1019 1701 significans
1039 1652 1105 1699 ait,

133 1700 315 1746 Ἰλιόθεν
335 1718 388 1756 με
407 1704 558 1756 φέρων
577 1701 736 1758 ἄνεμος
754 1702 992 1747 Κικόνεσσι
1010 1705 1237 1746 πέλασσεν.

51 1762 147 1801 Erat
165 1766 298 1800 autem
317 1771 494 1810 sequens
514 1772 658 1801 versus
678 1763 832 1811 verior,
862 1773 994 1812 aeque
1010 1763 1263 1811 Homericus,

120 1812 266 1857 Ἔνθα
285 1810 323 1856 δ’
343 1811 427 1868 ἐγώ
447 1811 578 1856 πόλιν
598 1817 818 1870 ἔπραθον,
848 1812 989 1858 ὤλεσα
1008 1811 1047 1858 δ’
1066 1812 1240 1864 αὐτούς.

131 1873 201 1911 VI.
228 1872 279 1912 Et
297 1872 533 1920 inposuerat
549 1873 730 1920 Herculi,
751 1873 902 1913 homini
921 1874 1083 1913 minime
1102 1874 1238 1920 vafro,
1260 1874 1337 1912 nisi
1357 1878 1376 1912 1

51 1929 197 1968 fuisset
223 1929 303 1967 illic
326 1927 488 1976 FebriS,
523 1939 628 1977 quae
656 1929 750 1968 fano
779 1940 854 1968 suo
881 1930 1021 1969 relicto
1051 1930 1140 1968 sola
1158 1939 1249 1968 cum
1267 1928 1336 1969 illo

50 1987 237 2023 venerat=
274 1989 432 2023 ceteros
459 1994 601 2023 omnes
630 1984 732 2023 deos
758 1985 913 2024 Romae
939 1985 1168 2034 reliquerat.
1215 1985 1335 2032 ‚‚Iste‚

51 2040 199 2089 inquit,
229 2050 341 2078 mera
367 2039 578 2078 mendacia
603 2045 749 2079 narrat.
792 2051 868 2088 ego
888 2040 960 2079 tibi
980 2041 1092 2087 dico,
1122 2050 1227 2088 quae
1245 2051 1336 2079 cum

50 2095 120 2135 illo
147 2099 207 2134 tot
232 2096 347 2135 annis
375 2094 474 2133 vixi:
511 2095 724 2144 Luguduni
749 2100 867 2134 natus
897 2100 971 2134 est.
1018 2095 1194 2135 Munatii
1209 2097 1335 2135 muni—

53 2150 186 2200 cipem
211 2151 340 2190 vides.
383 2151 495 2201 quod
513 2151 583 2190 tibi
602 2162 742 2198 narro,
770 2151 823 2189 ad
838 2155 997 2190 sextum
1018 2151 1217 2191 decimum
1233 2152 1334 2201 lapi-

54 2207 145 2245 dem
172 2211 291 2246 natus
317 2210 380 2246 est
407 2217 432 2245 a
449 2206 626 2254 Vienna,
646 2207 794 2245 ‚Gallus
814 2216 1042 2254 germanus.
1070 2207 1204 2256 itaque
1223 2208 1336 2257 quod

54 2261 208 2301 Gallum
234 2263 368 2302 facere
396 2263 626 2311 oportebat,
652 2262 822 2301 Romam
848 2262 966 2311 cepit.
1013 2262 1130 2302 Hunc
1157 2273 1232 2312 ego
1263 2263 1335 2302 tibi

54 2317 206 2366 recipio
225 2318 436 2367 Luguduni
452 2324 586 2358 natum
596 2348 606 2367 ‚
635 2318 703 2357 ubi
717 2317 895 2358 Licinius
909 2319 1042 2358 multis
1058 2319 1172 2359 annis
1187 2329 1332 2369 regna-
