1624 2626
266 157 347 198 286
614 155 656 192 L.
686 151 877 191 ANNAEI
906 150 1130 190 SENECAE

269 258 372 306 quit,
400 256 541 302 Cinna,
571 255 707 292 iterum
737 253 802 299 do,
826 253 942 300 prius
962 252 1077 299 hosti,
1104 262 1207 289 nunc
1232 251 1449 289 insidiatori
1474 262 1524 290 ac

266 312 506 361 parricidae.
553 310 618 347 Ex
639 309 823 347 hodierno
845 308 908 344 die
929 308 1028 344 inter
1053 317 1121 344 nos
1152 308 1320 345 amicitia
1353 308 1522 354 incipe'at.

268 366 557 411 contendamus,
591 369 719 402 utrum
745 373 814 409 eqo
839 363 994 400 meliore
1013 362 1092 407 fide
1116 362 1230 398 vitam
1257 361 1324 399 tibi
1352 361 1524 399 dederim

216 432 321 466 man
339 424 380 458 tu
398 421 550 458 debeas.
586 418 680 456 Post
698 417 775 454 hoc
796 415 934 454 detulit
955 416 1055 454 ultro
1077 416 1322 453 consulatum
1344 419 1520 463 questus,

271 475 379 523 quod
400 485 479 513 non
499 473 663 511 auderet
682 477 828 520 petere.
866 470 1147 508 amicissimum
1170 469 1525 518 fidelissimumque

269 529 414 567 habuit.
456 529 573 566 heres
604 528 714 565 solus
741 526 812 564 fuit
837 524 904 562 illi.
940 525 1056 563 nullis
1085 524 1251 573 amplius
1290 523 1443 562 insidiis
1473 524 1523 562 ab

269 585 349 623 ullo
371 584 514 631 petitus
534 586 607 620 est.

234 652 253 683 1
349 639 397 676 X.
425 637 579 686 Ignovit
607 636 758 674 abavus
785 639 876 673 tuus
904 633 1031 672 victis.
1068 644 1158 672 nam
1185 634 1219 672 si
1245 644 1324 671 non
1350 633 1522 680 ignovis-

270 699 349 740 set,
381 693 524 741 quibus
544 692 808 739 imperasset?
837 688 1063 727 Sallustium
1083 694 1121 728 et
1142 687 1331 726 Cocceios
1359 692 1397 725 et
1421 687 1523 725 Deil—

270 749 345 786 lios
370 752 546 786 ettotam
575 746 776 784 cohortem
805 744 954 792 primae
981 743 1233 781 admissionis
1260 753 1311 781 ex
1338 743 1524 780 adversa-

270 803 417 841 riorum
453 800 594 840 castris
633 799 882 847 conscripsit.
939 798 1015 836 iam
1051 798 1262 844 Domitios,
1304 797 1524 844 Messallas,

271 857 451 903 Asini0s‚
473 856 682 894 Cicerones
704 859 742 892 et
763 853 953 902 quiequid
973 852 1082 891 floris
1102 854 1141 890 in
1163 853 1319 891 civitate
1333 856 1426 899 erat,
1448 851 1524 889 cle-

272 912 439 950 mentiae
468 921 565 949 suae
592 909 773 947 debebat.
820 909 950 956 ipsum
981 908 1174 956 Lepidum
1208 907 1396 956 quamdiu
1426 904 1526 944 mori

272 978 419 1015 passus
439 970 528 1004 est?
563 975 634 1013 per
660 965 803 1002 multos
823 973 950 1001 annos
970 963 1056 1001 tulit
1084 966 1313 1001 ornamenta
1337 960 1526 1010 principis

269 1022 501 1060 retinentem
534 1023 572 1056 et
606 1018 875 1067 pontificatum
906 1017 1118 1056 maximum
1153 1029 1231 1056 non
1263 1016 1341 1054 nisi
1372 1020 1524 1054 mortuo

271 1077 336 1114 illo
354 1073 557 1114 transferri
583 1072 621 1111 in
644 1083 688 1111 se
718 1082 866 1120 passus
893 1077 964 1110 est.
1003 1072 1136 1111 maluit
1154 1073 1256 1110 enim
1275 1072 1381 1109 illum
1401 1071 1524 1109 liono-

234 1139 351 1172 ai‘em
372 1128 506 1167 vocari
527 1138 643 1176 quam
668 1127 851 1175 spolium.
897 1127 1004 1164 Haec
1033 1137 1121 1164 eum
1151 1127 1355 1164 clementia
1381 1126 1433 1163 ad
1463 1135 1525 1163 sa·

270 1186 389 1223 lutem
410 1183 739 1229 securitatemque
769 1181 962 1229 perduxit.
999 1181 1099 1219 haec
1126 1185 1277 1228 gratum
1303 1190 1349 1218 ac
1373 1181 1525 1218 favora-

270 1240 387 1278 bilem
407 1237 597 1283 reddidit,
618 1237 797 1285 quamvis
817 1236 992 1273 nondum
1013 1235 1187 1274 subactis
1204 1235 1340 1283 populi
1359 1234 1525 1274 Romani

272 1294 494 1333 cervicibus
518 1302 676 1330 manum
702 1290 960 1338 inposuisset.
1007 1290 1106 1328 haec
1132 1290 1330 1338 hodieque
1352 1293 1527 1338 praestat

233 1358 255 1391 3
272 1348 324 1387 illi
345 1349 506 1394 famam,
530 1357 633 1395 quae
654 1347 719 1383 vix
736 1345 838 1383 vivis
861 1343 1106 1393 principibus
1127 1344 1260 1383 servit.
1289 1344 1415 1382 Deum
1434 1354 1526 1382 esse

271 1414 350 1442 non
382 1408 582 1450 tamquam
612 1400 711 1438 iussi
743 1399 952 1438 credimus.
992 1400 1152 1447 [bonum
1185 1410 1277 1438 esse
1310 1399 1527 1447 principem

270 1459 522 1506 Augustum]
552 1457 655 1494 bene
674 1454 729 1493 illi
749 1454 985 1493 convenisse
1004 1455 1178 1503 parentis
1198 1465 1340 1493 nomen
1362 1454 1527 1492 fatemur

272 1513 323 1552 ob
344 1513 490 1550 nullam
510 1511 624 1549 aliam
646 1520 825 1557 eausam,
860 1520 978 1558 quam
1008 1510 1118 1558 quod
1144 1509 1399 1548 contumelias
1428 1518 1525 1556 quo-

273 1578 350 1616 que
371 1577 486 1613 suas,
508 1575 610 1613 quac
630 1564 856 1602 acerbiores
878 1564 1120 1612 principibus
1142 1565 1272 1603 solent
1293 1573 1383 1602 esse
1408 1573 1526 1611 quani

272 1622 456 1667 iniuriae,
476 1621 584 1658 nulla
607 1619 836 1657 crudelitate
856 1619 1162 1667 exsequebatur.
1193 1619 1300 1667 quod
1321 1617 1525 1667 probrosis

271 1677 310 1714 in
331 1687 376 1714 se
396 1675 512 1714 dictis
538 1674 695 1721 adrisit,
726 1673 835 1721 quod
858 1674 952 1712 dare
982 1673 1090 1713 illum
1118 1684 1269 1722 poenas
1298 1672 1526 1721 adparebat,

272 1742 360 1770 cum
394 1731 589 1777 exigeret,
627 1729 735 1778 quod
765 1738 1038 1777 quoscumque
1072 1729 1122 1768 ob
1159 1729 1390 1767 adulterium
1422 1727 1527 1764 filiae

273 1796 370 1824 suae
391 1785 664 1829 damnaverat,
696 1783 797 1821 adeo
818 1794 897 1821 non
919 1782 1080 1831 occidit,
1110 1788 1150 1822 ut
1170 1783 1342 1821 dimissis
1365 1793 1442 1831 quo
1467 1786 1524 1820 tu-

234 1841 391 1879 4tiores
412 1843 548 1878 essent
575 1839 788 1886 diplomata
819 1839 949 1876 daret:
986 1838 1063 1876 hoc
1092 1843 1153 1877 est
1179 1838 1405 1886 ignoscere,
1436 1846 1526 1874 cum

273 1896 376 1933 scias
393 1894 535 1933 multos
557 1895 731 1940 futuros,
761 1893 829 1941 qui
848 1903 921 1941 pro
942 1897 980 1931 te
1002 1892 1221 1932 irascantur
1249 1897 1287 1930 et
1305 1892 1372 1930 tibi
1396 1891 1525 1929 alieno

273 1949 465 1998 sanguine
497 1948 785 1997 gratificentur,
815 1958 895 1986 non
928 1948 1024 1986 dare
1058 1953 1206 1987 tantum
1238 1947 1422 1992 salutem,
1453 1945 1526 1983 sed

273 2009 489 2052 praestare.
537 2004 646 2042 Haec
664 2004 870 2051 Augustus
892 2013 1018 2041 senex
1037 2007 1104 2041 aut
1122 2003 1197 2040 iam
1216 2002 1255 2039 in
1282 2004 1525 2040 senectutem

272 2059 384 2096 annis
402 2058 666 2106 vergentibus.
693 2058 733 2096 in
748 2057 1018 2096 adulescentia
1036 2056 1170 2104 caluit,
1196 2055 1293 2095 arsit
1311 2055 1380 2103 ira,
1405 2054 1526 2093 multa

272 2113 380 2158 fecit,
411 2114 461 2151 ad
482 2124 583 2161 quae
602 2111 750 2151 invitus
771 2113 910 2151 oculos
930 2112 1195 2160 retorquebat.

236 2172 255 2205 1
351 2168 415 2205 XI.
446 2167 673 2216 Conparare
696 2178 811 2206 nemo
839 2166 1128 2206 mansuetudini
1162 2171 1253 2204 tuae
1279 2164 1439 2204 audebit
1467 2162 1523 2201 di-

274 2233 364 2260 vum
375 2222 613 2270 Augustum,
648 2222 798 2261 etiamsi
820 2222 859 2260 in
879 2226 1073 2260 certamen
1088 2220 1315 2258 iuvenilium
1333 2228 1526 2258 annorum

275 2277 482 2316 deduxerit
502 2282 745 2318 senectutem
764 2278 855 2327 plus
877 2287 996 2327 quam
1015 2280 1222 2315 maturam:
1257 2275 1372 2315 fuerit
1390 2273 1525 2313 mode-
