1592 2580
273 173 324 215 72
646 175 689 213 L.
711 176 899 215 ANNAEI
928 176 1152 217 SENECAE

271 274 339 318 da,
376 273 564 321 sepositis
593 283 754 321 quoque
781 272 856 311 illis
892 283 939 312 ac
970 276 1129 314 remotis
1163 277 1303 324 placet.
1358 278 1524 316 Prodest

233 332 254 365 2
271 331 424 374 gratum
451 337 563 366 esse:
601 338 670 366 ero
699 333 827 366 tamen
853 333 1005 376 gratuS,
1027 329 1187 369 etiamsi
1206 336 1334 370 nocet.
1382 333 1523 371 Gratus

271 385 381 428 [θεῖε]
412 382 507 429 quid
535 382 738 429 sequitur?
773 387 814 420 ut
841 382 939 421 haec
965 393 1030 421 res
1057 384 1110 423 illi
1130 386 1230 425 alios
1249 387 1416 434 amicos,
1448 387 1524 425 alia

268 436 463 474 beneficia
483 436 692 475 conciliet?
729 437 824 484 quid
843 447 958 484 ergo,
988 438 1022 476 si
1042 439 1131 487 quis
1146 439 1221 478 sibi
1237 440 1412 480 offensas
1428 452 1522 479 con-

270 491 457 528 citaturus
486 495 576 529 est?
615 491 648 528 si
676 491 765 539 quis
793 491 998 539 intellegit,
1032 493 1132 532 adeo
1163 505 1234 542 per
1259 495 1336 533 hoe
1365 507 1409 534 se
1429 495 1524 533 nihil

270 550 592 606 consecuturum,
629 550 671 583 ut
698 546 818 583 multa
845 546 960 584 etiam
989 557 1038 584 ex
1056 550 1230 596 reposito
1250 551 1523 598 acquisitoque

232 601 254 635 3
268 590 473 647 p'erdenda
492 600 596 637 sint?
633 610 711 637 non
734 600 858 638 libens
881 601 918 638 in
938 602 1167 641 detrimenta
1186 604 1418 643 deseendit?
1461 606 1522 643 In

268 658 403 700 gratus
425 659 497 700 est,
519 655 585 702 qui
605 655 642 691 in
660 655 866 692 referenda
881 656 1005 703 gratia
1021 659 1238 696 seeundum
1257 658 1388 697 datum
1404 660 1522 707 videt,

270 707 338 755 qui
356 713 493 756 sperat
508 719 596 746 cum
612 709 754 746 reddit.
783 708 976 756 ingratum
993 722 1110 757 voco,
1141 713 1206 760 qui
1221 723 1339 760 aegro
1356 714 1523 761 adsedit,
1563 720 1568 726 ·

270 763 363 810 quia
387 767 660 801 testamentum
691 765 864 802 facturus
890 769 970 810 est,
999 766 1060 803 cui
1081 767 1130 804 de
1149 767 1364 806 hereditate
1384 775 1450 807 aut
1472 769 1523 807 de

267 817 396 864 legato
420 822 535 855 vacat
555 818 740 865 cogitare.
777 818 894 857 saciat
911 820 1002 857 lieet
1021 821 1162 868 omnia,
1183 832 1284 869 quae
1303 823 1433 861 facere
1453 824 1522 862 bo-

268 881 343 910 nus
370 873 520 911 amicus
548 877 586 910 et
604 883 754 910 memor
774 873 893 911 officii
913 874 1048 922 debet,
1076 876 1110 913 si
1130 876 1258 914 animo
1279 877 1362 915 eius
1383 878 1523 916 obver-

266 931 376 965 satur
396 937 511 974 spes‚
547 927 580 965 si
600 927 698 964 lucri
723 932 902 975 captator
921 933 982 966 est
999 935 1038 967 et
1055 929 1210 968 hamum
1228 931 1336 969 iacit:
1365 937 1407 970 ut
1426 943 1522 971 aves

267 992 371 1029 quae
389 982 627 1019 laceratione
647 992 857 1029 corporum
877 984 1051 1030 aluntur,
1079 985 1185 1023 lassa
1210 986 1348 1026 morbo
1376 997 1524 1034 pecora

255 1040 304 1074 et
323 1046 466 1074 casura
484 1046 506 1073 e
526 1037 707 1084 proximo
727 1038 1001 1086 speculantur,
1027 1039 1081 1076 ita
1100 1039 1162 1077 hic
1181 1040 1340 1079 inminet
1354 1042 1467 1079 morti
1485 1046 1525 1079 et

266 1090 372 1127 circa
392 1090 562 1128 cadaver
582 1092 699 1128 volat.

229 1151 248 1182 1
346 1144 446 1182 XXI.
478 1145 619 1183 Gratus
640 1145 793 1183 animus
812 1146 902 1193 ipsa
914 1146 1056 1185 virtute
1072 1150 1263 1196 propositi
1280 1150 1341 1187 sui
1357 1149 1522 1198 capitur.

265 1199 337 1237 Vis
366 1199 468 1237 seire
495 1198 571 1237 hoc
593 1199 646 1237 ita
669 1209 760 1237 esse
782 1210 856 1238 nec
876 1200 981 1238 illum
1005 1201 1167 1240 utilitate
1187 1205 1410 1251 eorrumpi?
1443 1205 1521 1243 duo

264 1263 411 1300 genera
429 1258 522 1291 sunt
541 1254 639 1300 grati
660 1253 847 1292 hominis:
868 1254 1010 1293 dicitur
1027 1261 1174 1303 gratus,
1196 1259 1261 1305 qui
1281 1258 1428 1306 aliquid
1447 1269 1520 1312 pro

266 1318 326 1354 eo,
340 1308 448 1356 quod
464 1312 683 1355 acceperat,
699 1309 840 1346 reddit.
860 1309 923 1347 hic
935 1311 1104 1348 fortasse
1115 1317 1311 1350 ostentare
1322 1323 1366 1350 se
1377 1318 1521 1360 potest.

227 1367 248 1399 2
262 1361 378 1400 habet
395 1363 502 1410 quod
516 1362 652 1409 iactet,
671 1363 779 1410 quod
793 1365 979 1411 proferat.
1007 1364 1156 1403 Dicitur
1169 1372 1314 1413 g‚ratus
1334 1368 1400 1419 qui
1414 1367 1520 1407 bono

264 1417 394 1455 animo
422 1417 577 1464 accepit
602 1417 855 1464 beneficium,
882 1418 989 1457 bono
1010 1420 1138 1458 debet.
1168 1421 1231 1458 hic
1250 1422 1350 1459 intra
1369 1423 1521 1460 consci-

264 1471 408 1509 entiam
436 1472 570 1510 clusus
592 1477 664 1510 est.
711 1483 814 1519 quae
833 1472 887 1511 illi
907 1474 1135 1521 contingere
1158 1479 1288 1523 potest
1306 1476 1451 1514 utilitas
1472 1487 1523 1515 ex
1541 1507 1543 1510 Α

265 1527 423 1565 adfectu
449 1526 609 1565 latenti?
652 1531 771 1574 atque
798 1527 880 1570 hic,
911 1528 1064 1566 etiamsi
1083 1530 1184 1567 ultra
1211 1531 1341 1568 facere
1361 1530 1413 1568 nil
1434 1536 1520 1578 pot-

265 1585 347 1627 est,
387 1586 519 1628 gratus
543 1585 628 1618 est:
673 1586 800 1628 amat,
843 1582 985 1629 debet,
1027 1584 1175 1622 referre
1202 1586 1365 1632 gratian]
1399 1586 1519 1634 eupit.

227 1642 249 1677 3
266 1634 454 1683 quicquid
468 1636 570 1673 ultra
586 1635 803 1683 desideras,
819 1647 897 1674 non
913 1637 988 1685 ipsi
1010 1638 1134 1676 deest.
1161 1639 1312 1677 Artifex
1329 1644 1390 1678 est
1404 1641 1520 1679 etiam

267 1690 329 1728 eui
344 1690 395 1727 ad
411 1690 673 1728 exercendam
689 1695 809 1728 artem
827 1691 1084 1730 instrumenta
1099 1704 1178 1731 non
1194 1699 1421 1741 suppetunt.
1446 1706 1520 1733 nee

265 1745 393 1782 minus
427 1744 595 1782 canendi
623 1744 793 1792 peritus,
831 1746 944 1784 euius
971 1757 1111 1785 vocem
1138 1748 1316 1786 exaudiri
1343 1750 1519 1787 fremitus

266 1799 576 1847 obstrepentium
595 1810 673 1837 non
694 1799 797 1837 sinit.
843 1800 946 1839 Volo
965 1802 1114 1840 referre
1128 1803 1309 1849 gratiam:
1339 1804 1520 1850 posthoc

265 1854 415 1901 aliquid
433 1858 618 1901 superest
636 1854 747 1899 mihi,
778 1865 857 1892 non
876 1859 918 1892 ut
935 1861 1091 1903 gratus,
1122 1857 1194 1895 sed
1209 1862 1251 1895 ut
1264 1858 1415 1895 solutus
1433 1859 1518 1896 sim.

264 1918 387 1956 saepe
403 1908 504 1946 enirn
525 1913 562 1946 et
583 1908 650 1956 qui
671 1908 832 1956 gratiam
851 1911 1000 1955 retulit,
1022 1911 1196 1958 ingratus
1217 1915 1278 1949 est
1296 1917 1334 1950 et
1354 1913 1420 1959 qui
1439 1923 1519 1950 non

262 1963 403 2008 retulit,
421 1968 568 2010 gratus.
597 1974 686 2001 nam
702 1969 743 2001 ut
759 1964 930 2002 omnium
948 1965 1110 2003 aliarum
1124 1965 1317 2010 virtutum,
1335 1966 1387 2005 ita
1401 1966 1518 2005 huius

265 2017 315 2054 ad
342 2018 512 2063 animum
541 2023 622 2056 tota
649 2018 868 2057 aestimatio
894 2019 1012 2057 redit:
1051 2020 1114 2057 hic
1146 2020 1178 2057 si
1211 2020 1250 2057 in
1280 2021 1411 2058 officio
1445 2027 1518 2068 est,

160 2067 163 2074 '
228 2072 452 2119 4quicquid
479 2073 620 2119 defuit,
650 2073 807 2110 fortuna
837 2078 985 2121 peceat.
1036 2074 1239 2121 Quomodo
1267 2080 1327 2112 est
1346 2075 1518 2114 disertus

264 2127 377 2163 etiam
408 2126 473 2173 qui
499 2131 620 2173 tacet,
655 2127 768 2164 fortis
787 2127 901 2165 etiam
923 2127 990 2176 qui
1009 2129 1234 2176 conpressis
1255 2129 1434 2167 manibus
1457 2131 1518 2168 vel

224 2224 226 2226 v
265 2180 380 2217 etiam
407 2180 608 2228 adligatis,
640 2182 842 2228 quomodo
863 2182 1100 2229 gubernator
1121 2183 1235 2220 etiam
1256 2183 1322 2231 qui
1345 2184 1384 2221 in
1407 2183 1516 2222 sicco

265 2237 344 2279 est,
383 2235 475 2280 quia
503 2240 800 2273 consummatae
837 2237 1024 2275 scientiae
1061 2236 1155 2273 nihil
1189 2236 1321 2284 deest,
1365 2237 1517 2276 etiamsi

266 2287 361 2336 quid
381 2288 521 2335 obstat,
544 2300 622 2337 quo
645 2291 772 2328 minus
788 2300 833 2328 se
851 2295 996 2329 utatur:
1016 2291 1068 2328 ita
1087 2295 1219 2338 gratus
1240 2297 1300 2330 est
1319 2293 1434 2331 etiam
1450 2293 1514 2341 qui
