1624 2626
268 181 347 222 190
543 180 586 220 L.
601 179 789 219 ANNAEI
809 179 1034 221 SENECAE
1051 181 1182 220 DIAL.
1203 181 1266 220 IX.

269 281 471 330 pentibus,
506 289 610 328 quae
640 279 680 317 in
711 289 905 317 summum
937 289 1122 318 cacumen
1134 309 1144 327 ‚
1177 279 1321 318 deinde
1339 280 1376 318 in
1397 281 1512 319 imum

268 335 404 373 inanes
424 339 613 382 aguntur·
646 334 707 372 his
728 333 906 382 plerique
925 333 1088 371 similem
1109 334 1223 372 vitam
1245 340 1383 382 agunt,
1417 346 1513 383 quo-

230 397 252 429 4
268 401 351 427 rum
382 400 461 427 non
486 389 663 427 inmerito
693 389 782 436 quis
802 388 1014 436 inquietam
1033 388 1210 426 inertiam
1229 389 1381 428 dixerit.
1411 390 1513 436 Quo-

266 444 444 483 rumdam
464 443 579 492 quasi
595 443 646 481 ad
660 442 884 480 incendium
899 442 1132 480 currentium
1149 443 1367 481 misereris:
1388 454 1515 492 usque

267 509 316 537 eo
341 498 532 546 inpellunt
557 497 699 536 obvios
719 502 759 535 et
777 507 821 534 se
842 497 1020 545 aliosque
1041 497 1314 545 praecipitant,
1349 509 1436 536 cum
1456 499 1513 536 in-

266 554 375 591 terim
409 557 662 591 cucurrerunt
682 557 749 589 aut
767 551 967 589 salutaturi
996 551 1167 599 aliquem
1186 563 1263 590 non
1284 554 1515 591 resalutatu-

267 618 354 646 rum
369 611 435 645 aut
448 608 564 644 sunus
582 606 702 654 ignoti
717 605 885 644 hominis
901 606 1166 653 prosecuturi,
1182 612 1248 644 aut
1263 608 1318 644 ad
1331 607 1516 645 iudicium

269 671 391 709 saepe
410 661 594 708 litigantis
614 665 681 698 aut
702 661 752 698 ad
772 660 974 708 sponsalia
992 670 1114 708 saepe
1133 660 1333 708 nubentis,
1354 666 1391 699 et
1410 662 1515 700 lecti-

269 726 354 754 cam
388 715 578 754 adsectati
613 715 848 763 quibusdam
881 715 978 752 locis
1005 715 1119 753 etiam
1149 716 1330 753 tulerunt.
1375 716 1516 753 deinde

269 770 427 808 domum
449 780 536 807 cum
556 779 805 817 supervacua
822 769 1031 807 redeuntes
1051 769 1283 807 lassitudine
1302 770 1429 808 iurant
1447 780 1514 807 ne·

268 824 395 861 scisse
419 828 493 870 [se]
514 824 644 872 ipsos,
667 833 789 871 quare
808 824 991 872 exierint,
1010 823 1078 861 ubi
1098 825 1250 870 fuerint,
1271 828 1431 872 postero
1451 824 1515 862 die

231 887 252 919 5
268 879 430 916 erraturi
458 889 529 926 per
557 879 695 916 eadem
716 878 781 915 illa
798 877 976 925 vestigia.
1020 878 1153 916 Omnis
1173 879 1304 926 itaque
1322 879 1433 916 labor
1450 878 1517 916 ali-

269 943 348 980 quo
369 933 579 979 referatur,
609 933 741 980 aliquo
760 933 957 980 respiciat.
998 933 1083 970 Non
1103 932 1293 971 industria
1309 933 1517 981 inquietos,

267 987 336 1025 sed
359 986 521 1025 insanos
551 988 674 1024 salsae
699 997 831 1024 rerum
857 986 1048 1034 imagines
1077 988 1234 1034 agitant.
1278 997 1367 1024 nam
1396 998 1445 1026 ne
1464 987 1517 1025 illi

270 1041 429 1089 quidem
456 1042 541 1078 sine
560 1041 692 1088 aliqua
711 1051 784 1088 spe
803 1045 1028 1078 moventur:
1063 1042 1224 1089 proritat
1245 1041 1333 1079 illos
1354 1041 1518 1080 alicuitis

268 1095 326 1132 rei
357 1095 533 1142 species,
568 1095 678 1132 cuius
711 1095 920 1132 vanitatem
948 1099 1065 1142 capta
1091 1105 1202 1133 mens
1229 1106 1308 1133 non
1330 1096 1517 1143 coarguit.

233 1149 418 1187 6Eodem
451 1149 569 1188 modo
596 1159 916 1197 unumquemque
943 1159 993 1186 ex
1022 1149 1104 1196 his,
1137 1150 1204 1196 qui
1231 1150 1278 1187 ad
1300 1151 1518 1197 augendam

267 1203 420 1241 turbam
439 1207 601 1250 exeunt,
622 1203 760 1241 inanes
781 1207 819 1240 et
836 1204 945 1240 leves
961 1213 1104 1241 causae
1118 1213 1189 1251 per
1203 1204 1339 1241 urbem
1355 1205 1517 1242 circum-

270 1258 417 1296 ducunt
435 1258 608 1305 nihilque
626 1257 853 1303 habentem,
874 1257 912 1295 in
934 1258 1042 1305 quod
1061 1257 1231 1305 laboret,
1260 1259 1327 1295 lux
1348 1263 1431 1296 orta
1450 1268 1517 1296 ex-

269 1312 396 1360 pellit,
426 1316 465 1350 et
494 1322 581 1350 cum
608 1312 816 1350 multorum
836 1312 980 1349 frustra
1000 1311 1194 1350 liminibus
1212 1313 1338 1350 illisus
1357 1323 1516 1351 nomen-

270 1367 466 1404 culatores
487 1367 757 1414 per-salutavit,
776 1377 800 1403 a
816 1366 946 1404 multis
963 1367 1148 1404 exclusus
1163 1367 1355 1404 neminem
1372 1378 1420 1404 ex
1437 1378 1517 1405 om-

233 1424 251 1459 7
270 1421 384 1459 nibus
418 1421 615 1458 difficilius
649 1420 755 1458 domi
789 1431 905 1468 quam
938 1431 983 1458 se
1011 1422 1203 1459 convenit.
1243 1421 1304 1458 Ex
1322 1421 1397 1459 hoc
1417 1422 1518 1458 malo

271 1475 468 1522 dependet
486 1475 579 1512 illud
598 1475 905 1513 teterrimum
923 1474 1115 1521 vitium,
1144 1472 1453 1514 auscultatio
1474 1481 1519 1513 et

271 1529 585 1577 publicorum
612 1533 1021 1577 secretorumque
1040 1530 1314 1577 inquisitio
1334 1535 1380 1568 et
1399 1531 1517 1568 mul-

270 1589 428 1621 tarum
445 1594 603 1621 rerum
623 1583 1004 1632 scientia,·quae
1025 1594 1113 1622 nec
1132 1589 1234 1622 tuto
1256 1589 1520 1624 narrantur

270 1648 359 1676 nec
378 1643 480 1676 tuto
500 1637 784 1676 audiuntur.

235 1699 253 1730 1
346 1693 444 1732 XllI.
487 1693 570 1731 Hoc
605 1697 781 1731 secutum
813 1697 908 1740 puto
938 1693 1201 1732 Democritum
1235 1694 1287 1731 ita
1313 1693 1516 1740 coepisset

271 1748 346 1793 Qui
360 1749 564 1794 tranquille
579 1750 674 1786 volet
687 1750 828 1794 vivere,
847 1759 917 1786 nec
924 1750 1106 1796 privatim
1121 1752 1213 1796 aqat
1225 1749 1342 1786 multa
1356 1757 1425 1785 nec
1436 1758 1517 1795 pu-

271 1803 385 1849 blice,
418 1802 470 1840 ad
497 1812 745 1850 supervacua
764 1802 914 1840 scilicet
932 1803 1177 1842 referentem.
1220 1812 1308 1839 nam
1328 1802 1361 1838 si
1381 1811 1516 1838 neccs-

272 1857 375 1894 saria
396 1861 502 1902 sunt‚
524 1861 563 1894 et
581 1856 759 1904 privatim
779 1860 817 1894 et
836 1857 994 1904 publice
1013 1868 1092 1895 non
1112 1861 1256 1894 tantum
1279 1857 1416 1902 multa,
1445 1856 1517 1893 sed

271 1911 565 1950 innumerabilia
578 1911 732 1959 agenda
746 1915 856 1949 sunt:
876 1912 958 1949 ubi
979 1921 1071 1950 vero
1089 1922 1111 1949 n
1123 1912 1273 1950 ullum
1290 1910 1516 1948 officium

235 1968 257 2001 2
274 1966 519 2003 sollemne
539 1975 631 2004 nos
651 1965 789 2012 citat,
809 1965 1114 2004 inhibendae
1133 1965 1378 2003 actiones.
1419 1964 1515 2001 Nam

274 2020 339 2066 qui
360 2020 478 2058 multa
497 2019 588 2068 agit,
608 2030 730 2068 saepe
749 2020 928 2058 fortunae
943 2024 1176 2068 potestatem
1196 2018 1258 2057 sui
1276 2019 1377 2065 facit,
1400 2027 1517 2066 quam

271 2073 505 2112 tutissimum
525 2079 585 2113 est
601 2085 692 2114 raro
713 2074 905 2124 experiri,
934 2079 1104 2113 ceterum
1124 2083 1280 2121 semper
1298 2074 1347 2111 de
1367 2073 1431 2110 illa
1450 2082 1513 2110 co·

272 2127 395 2174 gitare
427 2133 465 2165 et
493 2128 587 2167 nihil
620 2129 694 2168 sibi
722 2130 772 2167 de
789 2130 868 2167 fide
888 2130 973 2168 eius
993 2127 1228 2177 promittere.
1270 2126 1514 2174 „Navigabo,

272 2181 348 2219 nisi
370 2181 403 2219 si
425 2182 519 2229 quid
537 2183 726 2222 inciderit.
738 2187 762 2205 ‘⁴
791 2189 829 2222 et
847 2187 1039 2231 „praetor
1055 2182 1162 2228 flam,
1186 2181 1260 2219 nisi
1280 2181 1315 2219 si
1334 2182 1426 2229 quid
1446 2181 1514 2219 ob—

274 2235 422 2274 stiterit.
435 2239 458 2256 “
499 2241 537 2275 et
567 2237 813 2286 „negotiatio
847 2237 941 2276 mihi
966 2236 1242 2284 respondebit,
1274 2236 1349 2274 nisi
1369 2235 1402 2274 si
1423 2235 1516 2283 quid

236 2296 258 2330 3
272 2291 530 2330 intervenerit.
542 2294 565 2313 ‘⁴
593 2291 678 2331 Ho'c
698 2298 758 2332 est
778 2303 899 2342 quare
919 2291 1083 2340 sapienti
1099 2291 1191 2329 nihil
1211 2295 1345 2330 contra
1365 2290 1513 2339 opinio-
