1598 2606
320 198 373 238 20
687 196 731 233 L.
758 194 947 233 ANNAEI
967 194 1195 233 SENECAE

321 297 504 335 nefieium
522 298 668 341 taceat,
695 298 825 332 narret
848 293 914 342 qui
938 292 1104 342 aceepit.
1142 292 1294 333 dicetur
1326 296 1428 334 enim
1458 296 1567 345 quod

321 352 375 389 illi
399 351 546 398 ubique
565 349 722 388 iactanti
749 347 982 386 beneficium
1009 359 1141 387 suum:
1175 359 1280 396 „non
1302 351 1486 398 negabis,
1510 352 1568 390 in-

323 406 424 453 quit,
460 408 499 443 te
531 404 772 452 recepisse.“
811 407 850 441 et
881 412 968 441 cum
998 403 1291 451 respondisset,
1329 406 1568 453 „quando‘r‘

322 460 479 507 „Saepe
501 459 678 507 quidem,
706 458 849 505 inquit,
877 461 915 495 et
932 458 1060 496 multis
1081 458 1199 496 locis:
1220 458 1260 496 id
1280 463 1359 506 est,
1388 460 1568 506 quotiens

285 523 307 558 3
323 519 362 553 et
377 514 615 561 ubicumque
634 512 841 551 narrasti.“
869 511 970 559 Quid
986 522 1087 560 opus
1107 517 1168 550 est
1186 513 1346 560 eloqui?
1365 514 1459 561 quid
1478 515 1570 553 alie-

322 580 415 608 num
443 577 639 616 occupare
661 566 865 605 officium?
900 571 959 605 est
986 566 1053 614 qui
1079 567 1183 605 istud
1207 567 1338 606 faeere
1364 567 1570 607 honestius

322 622 463 671 possit.
506 633 583 671 quo
610 626 793 660 narrante
819 625 858 659 et
874 620 950 660 hoe
968 621 1210 669 laudabitur,
1247 622 1354 670 quod
1379 623 1467 670 ipse
1489 634 1569 662 non

322 687 473 716 narras.
520 678 716 724 Ingratum
736 687 798 714 me
817 676 988 722 iudicas,
1017 676 1051 714 si
1077 675 1183 714 istud
1215 680 1253 714 te
1277 681 1429 715 tacente
1454 688 1570 717 nemo

323 733 493 770 sciturus
512 736 598 770 est?
621 731 735 778 Quod
754 731 854 769 adeo
873 740 951 769 non
969 734 1030 768 est
1045 731 1380 778 committendum,
1400 737 1442 770 ut
1457 732 1571 771 etiarn

323 787 358 825 si
379 787 467 835 quis
488 796 619 824 coram
642 785 756 824 nobis
772 784 952 831 narrabit,
969 784 1296 832 respondendum
1311 785 1379 823 sit:
1399 786 1571 834 „dignis-

324 840 448 879 simus
470 841 628 889 quidem
648 840 713 878 ille
732 844 793 878 est
810 839 1021 877 maioribus
1041 839 1265 887 beneficiis,
1296 840 1368 878 sed
1395 850 1468 887 ego
1488 851 1569 879 ma-

323 895 385 943 gis
407 896 507 934 velle
522 905 586 933 me
605 895 688 933 scio
709 894 840 933 omnia
858 893 911 931 illi
930 898 1135 942 praestare
1163 904 1279 941 quam
1307 894 1436 932 adhue
1461 905 1570 943 prae-

324 949 514 988 stitisse.“
549 953 588 987 et
605 949 704 987 haec
724 949 812 997 ipsa
830 958 910 987 non
931 948 1131 986 verniliter
1156 958 1230 986 nec
1251 959 1299 986 ea
1319 948 1462 996 figura,
1495 960 1574 998 qua

326 1004 484 1052 quidam
515 1004 700 1051 reiciunt,
739 1013 840 1051 quae
872 1002 997 1050 magis
1032 1003 1084 1040 ad
1122 1013 1167 1041 se
1198 1004 1335 1041 volunt
1356 1003 1572 1042 adtrahere.

284 1066 306 1100 4
324 1058 515 1097 Deinde
537 1057 803 1096 adicienda
822 1058 977 1096 omnis
997 1056 1291 1095 humanitas.
1319 1057 1459 1097 Perdet
1473 1059 1575 1105 agri-

326 1113 414 1151 cola
440 1112 548 1160 quod
574 1111 737 1159 sparsit,
768 1112 801 1149 si
826 1111 984 1149 labores
1013 1122 1109 1149 suos
1138 1111 1323 1150 destituet
1347 1112 1385 1149 in
1413 1113 1574 1150 semine.

324 1168 444 1205 multa
463 1176 557 1204 cura
576 1170 661 1204 sata
678 1165 944 1213 perducuntur
962 1165 1014 1203 ad
1030 1170 1215 1213 segetem.
1244 1167 1338 1204 nihil
1353 1167 1391 1204 in
1408 1167 1574 1205 fructum

325 1219 516 1269 pervenit,
541 1220 647 1268 quod
668 1230 747 1258 non
763 1229 787 1257 a
803 1220 928 1267 primo
948 1230 1077 1268 usque
1097 1220 1148 1257 ad
1164 1225 1378 1258 extremum
1397 1221 1573 1269 aequalis

326 1276 478 1314 cultura
507 1274 776 1323 prosequitur=
814 1274 950 1312 eadem
985 1274 1265 1312 beneficiorum
1294 1276 1472 1314 condicio
1502 1281 1573 1314 est.

286 1335 307 1368 5
326 1329 522 1378 Numquid
542 1330 622 1368 ulla
640 1327 789 1367 maiora
809 1332 979 1376 possunt
997 1339 1088 1367 esse
1108 1339 1226 1377 quam
1247 1340 1348 1377 quae
1370 1329 1408 1367 in
1428 1330 1575 1368 liberos

327 1388 461 1432 patres
482 1384 714 1422 conferunt?
745 1382 844 1421 haee
865 1388 994 1422 tamen
1021 1383 1135 1421 inrita
1161 1389 1270 1430 sunt,
1302 1384 1335 1422 si
1354 1383 1392 1422 in
1416 1384 1576 1423 infantia

329 1439 580 1484 deserantur,
610 1437 685 1475 nisi
711 1438 830 1484 longa
856 1438 981 1485 pietas
1009 1448 1152 1476 munus
1173 1449 1288 1476 suum
1307 1437 1462 1477 nutriat.
1501 1439 1575 1477 Ea-

330 1494 420 1531 dem
440 1498 658 1531 eeterorum
677 1491 957 1531 beneficiorum
977 1492 1158 1531 condicio
1179 1498 1256 1531 est:
1283 1493 1358 1531 nisi
1383 1493 1448 1531 illa
1468 1493 1575 1531 adiu-

328 1548 456 1594 veris,
477 1547 634 1595 perdes.
672 1556 810 1594 parum
831 1551 890 1585 est
909 1545 1088 1592 dedisse,
1109 1547 1281 1585 fovenda
1300 1553 1401 1586 sunt.
1437 1547 1470 1586 si
1489 1558 1575 1596 gra-

328 1607 392 1641 tos
412 1602 474 1639 vis
493 1601 639 1639 habere
659 1611 760 1648 quos
783 1600 953 1648 obligas,
980 1611 1059 1640 non
1078 1605 1225 1640 tantum
1245 1601 1316 1639 des
1337 1607 1491 1650 oportet
1509 1602 1574 1640 be-

291 1662 312 1696 6
332 1654 490 1703 neficia,
519 1655 592 1693 sed
615 1665 736 1693 ames.
784 1654 1017 1703 Praecipue,
1043 1659 1085 1694 ut
1111 1656 1210 1704 dixi,
1239 1667 1447 1704 pareamus
1474 1656 1575 1694 auri-

330 1711 417 1749 bus.
458 1709 669 1748 admonitio
689 1709 859 1747 taedium
879 1710 989 1756 facit,
1019 1711 1268 1759 exprobratio
1292 1711 1435 1750 odium.
1475 1709 1576 1748 Nihil

331 1774 458 1812 aeque
490 1764 529 1802 in
561 1764 754 1802 beneficio
786 1764 987 1802 vitandum
1020 1770 1080 1803 est
1108 1776 1223 1813 quam
1250 1765 1446 1813 superbia.
1481 1765 1598 1820 quid}

332 1829 435 1867 opus
463 1818 693 1865 adrogantia
721 1818 880 1857 voltus?
916 1818 1010 1866 quid
1035 1823 1186 1858 tumore
1216 1820 1449 1858 verborum?
1486 1819 1598 1874 ipsa}

331 1883 397 1911 res
415 1878 453 1911 te
469 1873 628 1911 extollit.
656 1872 896 1911 detrahenda
916 1879 977 1912 est
995 1873 1120 1912 inanis
1135 1874 1309 1912 iactatio:
1332 1876 1397 1912 res·
1413 1875 1576 1921 loquen-

331 1933 394 1966 tur
413 1927 526 1966 nobis
546 1927 777 1966 tacentibus.
811 1927 896 1966 Non
916 1932 1062 1966 tantum
1081 1928 1288 1976 ingratum,
1317 1928 1389 1967 sed
1407 1928 1577 1966 invisum

333 1986 395 2021 est
412 1982 646 2020 beneficium
665 1981 836 2029 superbe
856 1982 1001 2020 datum.
1589 1992 1590 2007 ³

296 2050 315 2081 1
413 2035 495 2073 XII.
519 2035 559 2074 C.
575 2035 719 2074 Caesar
739 2036 845 2074 dedit
863 2035 980 2074 vitam
997 2036 1181 2085 Pompeio
1203 2036 1355 2083 Penno,
1376 2035 1410 2075 si
1430 2037 1496 2075 dat
1512 2029 1589 2085 qui?

336 2101 415 2129 non
447 2091 590 2129 aufert:
621 2090 764 2129 deinde
790 2090 968 2130 absoluto
1001 2095 1038 2129 et
1072 2090 1198 2138 agenti
1230 2091 1372 2138 gratias
1405 2092 1588 2142 porrexitg

337 2145 595 2183 osculandum
613 2143 814 2183 sinistrum
833 2145 986 2193 pedem.
1024 2145 1094 2192 Qui
1114 2151 1304 2183 excusant
1321 2151 1359 2183 et
1377 2150 1519 2194 negant
1537 2144 1587 2183 id'

337 2198 570 2238 insolentiae
591 2209 712 2237 eausa
729 2200 894 2246 factum,
916 2199 1022 2238 aiunt
1038 2200 1238 2238 socculum
1253 2205 1440 2247 auratum,
1461 2200 1586 2246 immo}

339 2262 501 2290 aureum
531 2253 752 2305 margaritis
784 2253 1005 2292 distinctum
1037 2254 1244 2292 ostendere
1271 2265 1357 2292 eum
1392 2254 1577 2293 votuisse.

340 2306 393 2343 ita
411 2317 595 2354 prorsus·
627 2308 720 2358 quid
740 2298 803 2348 hic
822 2307 1142 2349 contumeliosum
1158 2313 1235 2358 est,
1265 2309 1298 2348 si
1322 2310 1381 2348 vir
1398 2311 1577 2349 consula-
