1624 2626
315 194 367 234 16
417 195 549 234 DIAL.
575 196 603 233 Ι.
642 195 812 243 QUARE
831 195 1022 243 ALIQUA
1042 193 1342 234 INCOMMODA
1358 195 1462 234 ETC.

281 308 301 345 7
318 308 396 347 quo
416 296 549 335 feriret
566 295 756 341 animum,
786 294 889 334 dedi.
926 294 1029 332 Ante
1049 293 1181 332 omnia
1200 295 1304 343 cavi,
1330 305 1380 334 ne
1400 297 1488 345 quis
1508 309 1581 337 vos

317 356 467 391 teneret
485 351 642 390 invitos.
670 354 778 399 patet
796 349 939 387 exitus.
977 347 1013 387 si
1030 359 1210 397 pugnare
1229 361 1308 389 non
1325 352 1464 399 vultis,
1492 353 1583 392 licet

316 408 466 454 fugere.
502 405 592 444 ideo
613 415 663 443 ex
684 404 866 443 omnibus
885 403 1005 442 rebus
1026 414 1126 451 quas
1147 414 1240 442 esse
1258 404 1372 444 vobis
1396 417 1581 446 necessa-

314 463 396 501 rias
421 460 548 507 volui,
575 459 669 498 nihil
697 458 772 498 feci
799 457 952 497 facilius
981 468 1099 506 quam
1117 458 1229 497 mori.
1272 463 1397 507 prono
1416 461 1583 500 animam

314 519 404 556 loco
433 515 571 564 posui:
600 514 773 554 trahitur.
814 510 1027 551 Adtendite
1051 511 1172 552 modo
1200 518 1238 552 et
1255 513 1439 554 videbitis
1467 526 1583 564 quam

313 571 448 610 brevis
469 571 518 609 ad
538 570 757 608 libertatem
777 572 814 606 et
835 577 954 616 quam
972 567 1159 615 expedita
1173 568 1291 607 ducat
1306 569 1379 607 via.
1407 580 1486 608 non
1506 577 1583 609 tam

314 627 455 674 longas
474 626 515 663 in
534 625 641 662 exitu
655 623 771 662 vobis
793 633 910 671 quam
928 621 1158 662 intrantibus
1179 629 1311 662 moras
1331 626 1468 672 posui:
1489 626 1581 664 alio-

316 682 410 730 quin
430 690 615 727 mag-num
640 678 680 717 in
699 688 772 717 vos
800 687 963 725 regnum
979 677 1147 717 *fortuna
1172 678 1384 726 tenuisset,
1411 680 1445 718 si
1464 680 1581 719 homo

276 741 300 776 8
314 741 392 775 tam
412 735 522 774 tarde
542 738 760 772 moreretur
775 743 892 781 quam
907 731 1093 771 nascitur.
1123 730 1245 772 Omne
1263 738 1432 782 tempus,
1455 736 1581 773 omnis

315 801 390 832 vos
417 791 530 828 locus
559 789 719 833 doceat,
750 798 868 835 quam
897 787 1011 826 facile
1037 785 1089 825 sit
1112 787 1335 826 renuntiare
1360 793 1522 828 naturae
1545 795 1583 829 et

315 855 457 882 munus
476 843 530 881 illi
548 853 665 883 suum
681 841 906 890 inpingeret
933 842 1032 882 inter
1050 841 1140 890 ipsa
1159 842 1294 880 altaria
1313 847 1351 881 et
1370 845 1582 882 sollemnes

315 897 619 938 sacrificantium
636 897 748 945 ritus,
769 898 863 937 dum
876 901 1040 946 ‚optatur
1057 896 1147 944 vita,
1169 901 1332 935 mortem
1341 899 1580 938 ·ssondiscite.

315 963 485 1001 corpora
505 953 637 1000 opima
653 957 856 991 taurorum
871 951 1017 1000 exiguo
1033 951 1244 990 concidunt
1262 953 1424 992 volnere
1443 959 1481 992 et
1500 965 1581 992 ma-

313 1019 479 1057 gnarum
506 1006 646 1046 virium
679 1006 862 1044 animalia
893 1004 1088 1045 humanae
1118 1012 1256 1044 manus
1283 1007 1384 1046 ictus
1419 1007 1580 1056 inpellit.

313 1062 423 1102 tenui
444 1063 548 1100 ferro
569 1062 830 1100 commissura
849 1060 1015 1099 cervicis
1036 1060 1296 1108 abrumpitur,
1327 1067 1364 1100 et
1384 1072 1473 1101 cum
1491 1063 1581 1101 arti-

314 1119 427 1157 culus
447 1116 512 1156 ille
532 1116 599 1166 qui
619 1121 743 1164 caput
756 1116 980 1163 collumque
1000 1115 1199 1155 committit
1215 1115 1364 1155 incisus
1385 1122 1456 1166 cst,
1476 1122 1582 1156 tanta

276 1174 380 1216 9illa
404 1174 530 1212 moles
559 1172 716 1211 corruit.
756 1171 843 1208 Non
870 1170 910 1208 in
937 1171 1015 1208 alto
1042 1170 1136 1208 latet
1161 1170 1324 1218 'spiritus
1350 1181 1426 1210 nec
1444 1173 1581 1221 utique

314 1229 417 1267 ferro
447 1227 646 1267 eruendus
674 1230 748 1265 est.
790 1235 870 1264 non
905 1228 996 1263 sunt
1024 1224 1183 1262 volnere
1209 1225 1368 1272 penitus
1395 1227 1581 1277 inpresso

314 1282 528 1321 scrutanda
547 1280 799 1330 praecordia:
826 1279 867 1318 in
889 1279 1067 1328 proximo
1088 1289 1194 1318 mors
1221 1283 1306 1319 est..
1334 1291 1415 1320 non
1434 1287 1582 1321 certum

315 1338 366 1376 ad
381 1338 456 1376 hos
472 1337 573 1376 ictus
589 1335 947 1374 destinavi'l'ocum:
969 1344 1218 1382 quacumque
1233 1334 1296 1372 via
1312 1337 1491 1384 pervium
1507 1342 1580 1376 est.

314 1393 324 1430 i
330 1391 562 1441 psumillud
582 1391 690 1439 quod
703 1394 868 1429 vocatur
882 1389 1102 1437 mom-quo
1120 1388 1249 1437 anima
1264 1390 1432 1429 discedit
1451 1401 1475 1430 a
1494 1402 1580 1431 cor-

312 1458 432 1496 pore,
458 1445 621 1485 brevius
641 1449 720 1493 est,
750 1452 868 1492 quam
887 1448 928 1483 ut
947 1443 1081 1483 sentiri
1099 1447 1205 1482 tanta
1223 1445 1413 1484 velocitas
1432 1447 1579 1494 possit:

315 1502 400 1540 sive
420 1502 557 1540 fauces
577 1500 709 1539 nodus
728 1498 850 1547 elisit,
870 1498 955 1537 sive
974 1498 1256 1546 spiramentum
1276 1509 1380 1546 aqua
1400 1502 1579 1548 praeclu—

314 1557 383 1604 sit,
403 1556 488 1596 sive
506 1555 544 1595 in
563 1559 681 1604 caput
698 1556 834 1605 lapsos
852 1553 1092 1595 subiacentis
1108 1552 1184 1591 soli
1199 1553 1341 1592 duritia
1351 1554 1577 1602 conminuit,

314 1612 399 1650 sive
423 1610 591 1650 haustus
619 1609 722 1658 ignis
750 1619 907 1649 cursum
935 1609 1087 1646 animae
1114 1609 1324 1647 remeantis
1343 1608 1577 1649 interscidit:

315 1667 503 1714 quicquid
523 1671 601 1712 est,
623 1669 828 1714 properat:
849 1663 993 1714 ecquid
1007 1661 1269 1703 erubescitis?
1287 1664 1393 1714 quod
1409 1669 1485 1704 tam
1502 1666 1577 1704 cito

313 1721 377 1770 fit,
397 1721 545 1761 *timetis
566 1720 661 1760 diu?
678 1719 762 1747 ***

812 1950 982 1958 ---—-—-—-————
990 1951 1082 1957 *ἀψο-
