1624 2626
305 203 359 244 84
670 204 711 241 L.
741 202 929 241 ANNAEI
959 202 1182 241 SENECAE

306 303 445 352 paucis
471 300 634 350 gratuita
658 306 730 340 est.
775 301 988 340 iracundus
1018 301 1199 340 dominus
1231 306 1327 349 quot
1359 302 1396 338 in
1430 301 1559 348 fugam

307 368 446 396 servos
479 355 585 404 egit?
623 361 719 405 quot
751 357 790 394 in
825 359 1016 394 mortem?
1051 361 1196 403 quanto
1234 355 1322 403 plus
1353 356 1560 393 irascendo

308 422 424 460 quam
446 411 486 449 id
506 415 598 458 erat,
622 415 781 460 propter
801 410 907 458 quod
929 410 1181 458 irascebatur,
1202 410 1357 447 amisit?
1386 409 1445 447 ira
1464 411 1561 458 patri

307 467 463 512 luctum,
486 465 621 503 marito
642 464 851 503 divortium
870 463 1017 509 adtulit,
1039 462 1279 512 magistratui
1302 463 1445 509 odium,
1471 474 1560 502 can-

271 527 292 559 5
310 520 443 558 didato
461 521 673 568 repulsam.
718 519 832 557 Peior
858 523 920 556 est
942 528 1059 566 quam
1085 518 1255 562 luxuria,
1286 519 1471 566 quoniam
1497 518 1562 556 illa

308 584 382 612 sua
397 575 598 621 voluptate
614 574 765 618 fruitur,
784 572 882 611 haec
903 572 1029 610 alieno
1051 573 1200 611 dolore.
1234 571 1367 610 Vincit
1385 571 1559 620 maligni-

307 633 424 666 tatem
442 633 480 666 et
498 627 702 665 invidiam:
731 627 819 665 illae
840 627 942 664 enim
961 627 1154 665 infelicem
1171 626 1255 666 fieri
1276 628 1431 674 volunt,
1462 626 1561 664 haec

307 683 450 720 facere.
497 682 586 719 illae
607 681 772 719 fortuitis
790 681 903 719 malis
923 681 1186 728 delectantur,
1213 682 1311 719 haec
1332 691 1410 719 non
1433 685 1564 729 potest

308 740 540 784 exspectare
569 736 774 773 fortunam.
820 746 965 774 nocere
987 736 1022 774 ei
1051 746 1168 784 quem
1194 736 1294 783 odit,
1324 746 1404 774 non
1428 736 1562 773 nocer-i

270 791 400 836 fivult.
455 790 554 827 Nihil
581 794 642 827 est
674 788 930 828 simultatibus
959 790 1136 839 gravius:
1177 790 1248 828 has
1283 790 1341 827 ira
1370 789 1562 828 conciliat.

308 844 400 882 nihil
418 848 478 882 est
493 843 597 881 bello
619 843 830 882 funestius:
858 844 895 882 in
915 844 991 883 hoc
1012 844 1228 893 potentium
1254 845 1312 882 ira
1332 844 1561 892 prorumpit.

309 903 481 935 ceterum
506 898 622 935 etiam
649 897 715 935 illa
741 898 895 946 plebeia
921 899 979 937 ira
1005 903 1043 937 et
1067 899 1220 948 privata
1245 899 1391 937 inerme
1419 903 1457 936 et
1477 899 1563 936 sine

308 951 457 990 viribus
483 952 628 994 bellum
651 956 722 989 est.
760 953 966 991 Praeterea
990 954 1066 1001 ira,
1102 958 1144 992 ut
1171 963 1432 1001 seponamus,
1461 962 1563 1001 quae

307 1016 400 1045 mox
420 1010 604 1044 secutura
623 1010 724 1051 sunt,
747 1006 900 1054 damna,
919 1008 1106 1054 insidias,
1119 1013 1350 1056 perpetuam
1370 1017 1420 1046 ex
1441 1012 1562 1045 certa—

278 1083 284 1090 .
307 1060 476 1099 minibus
504 1060 649 1099 mutuis
677 1057 995 1109 sollicitudinem,
1030 1062 1096 1100 dat
1124 1072 1275 1110 poenas
1305 1062 1398 1100 dum
1425 1062 1561 1109 exigit:

308 1118 486 1153 naturam
502 1115 670 1153 hominis
692 1115 828 1153 eiurat.
860 1115 925 1152 illa
942 1116 981 1153 in
999 1127 1171 1155 amorem
1189 1116 1385 1163 hortatur,
1405 1115 1504 1154 haec
1524 1116 1563 1153 in

270 1176 290 1210 7
309 1170 452 1208 odium.
498 1169 563 1207 illa
593 1170 787 1217 prodesse
812 1168 936 1215 iubet,
967 1169 1064 1208 haec
1092 1181 1248 1210 nocere.
1291 1170 1418 1208 Adice
1441 1171 1561 1219 quod,

310 1235 397 1262 cum
422 1224 637 1272 indignatio
658 1224 742 1261 eius
766 1234 789 1261 a
805 1223 923 1261 nimio
949 1226 1008 1261 sui
1035 1230 1223 1276 suspectu
1250 1226 1406 1263 eveniat
1425 1230 1462 1262 et
1481 1225 1562 1262 ani-

308 1289 422 1317 mosa
439 1279 630 1325 videatur,
651 1279 795 1326 pusilla
814 1282 874 1315 est
891 1282 930 1315 et
948 1283 1123 1324 angusta.
1148 1290 1262 1318 nemo
1283 1280 1385 1317 enim
1402 1290 1481 1317 non
1502 1289 1561 1324 eo,

309 1344 333 1371 a
353 1342 432 1381 quo
451 1343 496 1371 se
517 1337 782 1381 contemptum
806 1331 973 1377 iudicat,
1002 1332 1126 1371 minor
1154 1339 1229 1372 est:
1265 1339 1304 1371 at
1333 1334 1396 1371 ille
1423 1334 1562 1381 ingens

311 1388 463 1426 animus
479 1392 518 1425 et
534 1397 651 1426 verus
666 1387 892 1425 aestimator
906 1388 968 1424 sui
984 1396 1062 1424 non
1079 1387 1248 1427 vindicat
1261 1388 1451 1437 iniuriam,
1473 1388 1564 1436 quia

271 1447 294 1482 8
310 1452 388 1480 non
409 1442 536 1480 sentit.
581 1442 633 1480 Ut
659 1442 736 1480 tela
762 1451 785 1478 a
803 1441 903 1479 duro
930 1440 1107 1478 resiliunt
1131 1445 1169 1479 et
1195 1452 1280 1480 cum
1310 1442 1448 1480 dolore
1476 1452 1562 1479 cae-

311 1495 440 1534 dentis
459 1496 590 1534 solida
610 1496 818 1543 feriuntur,
839 1495 892 1533 ita
909 1495 1016 1533 nulla
1035 1504 1216 1542 magnum
1236 1497 1405 1535 animum
1426 1496 1565 1534 iniuria

311 1551 362 1588 ad
381 1560 542 1589 sensum
570 1551 632 1588 sui
652 1549 829 1596 adducit,
858 1549 1033 1598 fragilior
1056 1559 1102 1587 eo
1134 1551 1239 1597 quod
1265 1551 1371 1613 petit.
1416 1555 1563 1613 quanto

310 1605 512 1653 pulchrius
545 1605 651 1643 velut
688 1604 782 1642 nulli
815 1603 1097 1652 penetrabilem
1132 1604 1209 1642 telo
1243 1607 1367 1644 omnis
1401 1605 1562 1644 iniurias

311 1660 647 1708 contumeliasque
673 1663 884 1721 respuere!
930 1657 1034 1697 Ultio
1073 1657 1221 1696 doloris
1254 1660 1450 1698 confessio
1484 1665 1562 1698 est:

309 1723 388 1752 non
409 1719 469 1752 est
488 1724 654 1762 magnus
674 1699 848 1760 animus,
878 1723 994 1761 quem
1013 1711 1190 1751 incurvat
1207 1713 1354 1752 iniuria.
1392 1716 1474 1752 Aut
1494 1724 1562 1761 po-

309 1768 452 1807 tentior
470 1772 508 1806 te
536 1773 602 1806 aut
629 1767 847 1807 inbecillior
872 1767 1007 1806 laesit.
1042 1767 1077 1806 si
1103 1767 1333 1816 inbecillior,
1360 1778 1479 1817 parce
1495 1768 1562 1816 illi,

311 1823 343 1860 si
363 1823 576 1871 potentior,
595 1822 677 1862 tibi.

275 1884 293 1915 1
383 1878 450 1915 VI.
466 1877 619 1930 Nullum
635 1882 696 1916 est
710 1881 981 1925 argumentum
996 1875 1271 1925 magnitudinis
1287 1878 1428 1916 certius
1445 1888 1563 1926 quam

311 1931 406 1969 nihil
425 1942 551 1980 posse
573 1942 651 1980 quo
671 1931 867 1980 instigeris
887 1932 1080 1970 accidere.
1116 1931 1209 1969 Pars
1229 1933 1411 1978 superior
1429 1932 1562 1970 mundi

312 1991 350 2023 et
369 1987 583 2025 ordinatior
601 1996 647 2025 ac
667 1986 892 2035 propinqua
913 1987 1108 2025 sideribus
1127 1995 1199 2023 nec
1227 1985 1266 2022 in
1294 1987 1435 2024 nubem
1456 1987 1561 2034 cogi-

311 2045 374 2077 tur
401 2050 474 2078 nec
501 2040 540 2078 in
566 2046 838 2089 tempestatem
862 2038 1060 2090 inpellitur
1085 2049 1158 2078 nec
1183 2045 1361 2079 versatur
1387 2041 1425 2078 in
1443 2040 1562 2079 turbi-

311 2104 413 2131 nem.
453 2096 557 2133 omni
575 2097 740 2134 tumultu
759 2100 876 2134 caret.
911 2095 1098 2134 inferiora
1123 2093 1390 2133 fulminantur:
1422 2095 1563 2133 eodem

310 2149 430 2187 modo
464 2149 641 2188 sublimis
673 2151 846 2197 animus,
882 2150 1036 2200 quietus
1069 2158 1226 2196 semper
1257 2154 1295 2186 et
1325 2150 1363 2186 in
1395 2150 1562 2188 statione

311 2203 520 2251 tranquilla
539 2205 767 2253 collocatus,
787 2205 916 2244 omnia
934 2206 1034 2243 intra
1051 2213 1096 2242 se
1117 2213 1319 2251 premens,
1342 2204 1483 2252 quibus
1505 2205 1562 2241 ira

313 2257 570 2304 contrahitur,
601 2260 806 2299 modestus
841 2265 879 2298 et
909 2257 1143 2298 venerabilis
1177 2262 1237 2296 est
1264 2263 1302 2295 et
1331 2258 1562 2306 dispositus,

276 2316 297 2350 2
315 2320 481 2362 quorum
500 2312 594 2352 nihil
612 2314 788 2354 invenies
806 2314 846 2352 in
866 2314 975 2353 irato.
1016 2313 1113 2360 Quis
1133 2312 1236 2351 enim
1252 2313 1416 2351 traditus
1437 2312 1561 2351 dolori
