1592 2580
300 171 367 211 DE
387 169 668 210 BENEFICIIS
697 164 794 212 LIB.
811 170 879 211 IV.
908 176 1061 212 8—11.
1285 166 1340 208 65

52 273 294 314 beneficium
313 272 411 311 dare
429 272 660 321 expetenda
678 283 745 312 res
766 278 888 312 esset.
934 272 1084 322 alioqui
1112 273 1216 311 enim
1241 283 1339 320 quo-

56 339 228 380 cumque
257 329 348 367 loco
384 332 424 366 et
450 338 708 377 quocumque
738 328 860 379 modo
888 328 1070 376 daretur,
1099 328 1339 367 beneficium
1362 334 1384 369 3

55 389 178 426 erat.“
229 385 455 424 Honestum
489 389 656 433 propter
686 386 835 423 nullam
869 385 985 422 aliam
1020 395 1184 423 causam
1220 395 1341 433 quam

54 447 220 492 propter
242 441 376 489 ipsum
397 440 617 489 sequimur.
673 446 804 479 tamen
831 440 986 479 etiamsi
1014 440 1111 479 nihil
1137 440 1247 479 aliud
1276 450 1339 479 se·
1382 478 1385 480 ,

56 498 259 548 quendum
274 501 348 544 est,
370 497 599 545 quaerimus
612 496 709 544 quid
724 496 918 534 facIamus
929 501 968 535 et
978 497 1143 545 quando
1155 501 1194 535 et
1204 507 1340 545 quem-

56 553 296 594 admodum:
336 563 409 600 per
443 552 544 591 haec
583 553 687 590 enim
721 558 890 592 constat.
938 552 1077 601 Itaque
1112 563 1202 591 cum
1237 552 1340 600 eligo

58 611 121 650 cui
141 610 232 648 dem
251 608 510 656 beneficium,
533 608 570 647 id
594 619 670 657 ago
691 613 735 647 ut
754 608 999 657 quandoque
1014 607 1253 647 beneficium
1270 607 1339 646 sit:

58 666 152 715 quia
171 665 206 703 si
226 663 331 713 turpi
351 663 487 712 datur,
518 675 593 703 nec
613 664 823 704 honestum
845 675 939 703 esse
960 668 1095 713 potest
1121 674 1198 703 nee
1221 664 1344 703 bene-

59 722 209 761 ficium.
1373 753 1375 755 ,

139 777 188 815 Χ.
218 775 455 824 Depositum
475 776 649 815 reddere
670 786 742 825 per
762 787 808 814 se
827 786 893 816 res
915 777 1141 825 expetenda
1163 782 1244 824 est,
1265 787 1344 815 non
1368 782 1382 814 1

59 839 190 872 tamen
220 842 381 880 semper
411 832 598 879 reddam,
630 842 706 870 nec
734 833 913 881 quolibet
942 834 1034 871 loco
1065 843 1139 871 nec
1169 832 1348 881 quolibet

60 895 254 937 tempore.
283 887 502 936 aliquando
524 888 620 926 nihil
640 888 808 927 interest
827 893 957 927 utrum
979 888 1128 927 infitier*
1144 900 1194 926 an
1217 889 1349 937 palam

60 945 246 983 reddam:
277 943 462 982 intuebor
487 943 695 983 utilitatem
716 944 823 992 eius,
853 945 916 983 eui
948 944 1180 983 redditurus
1201 955 1289 983 sum
1310 949 1349 983 et

60 1001 284 1039 nociturum
307 999 361 1037 illi
381 999 610 1047 depositum
639 1000 812 1047 negabo.
855 1001 970 1039 ¹Idem
997 1000 1035 1038 in
1064 1001 1263 1041 beneficio
1292 1000 1347 1038 fa-
1370 1006 1392 1039 2

63 1057 186 1095 ciam:
227 1055 374 1094 videbo
411 1056 573 1104 quando
609 1055 720 1102 dem,
756 1055 819 1094 cui
853 1057 964 1104 dem,
997 1057 1349 1105 quemadmodum,

65 1122 203 1161 quare.
250 1110 347 1149 nihil
376 1111 480 1149 enim
510 1111 598 1150 sine
624 1112 781 1150 ratione
807 1112 1033 1150 faciendum
1054 1117 1130 1151 est.
1179 1124 1259 1151 non
1288 1117 1351 1151 est

64 1172 196 1207 autem
214 1166 455 1206 beneficium
474 1167 551 1206 nisi
573 1167 683 1216 quod
702 1167 856 1206 ratione
876 1168 1011 1214 datur,
1037 1168 1227 1216 quoniam
1248 1167 1349 1207 ratio

0 1265 4 1271 ,
65 1224 194 1264 omnis
220 1222 380 1261 honesti
400 1233 536 1262 comes
557 1228 631 1263 est.
678 1222 805 1270 Quam
835 1234 961 1272 saepe
992 1223 1196 1263 hominum
1225 1224 1351 1264 dona·
1371 1230 1394 1264 3

2 1283 4 1297 ¹
64 1281 211 1318 tionem
232 1289 347 1318 suam
367 1278 634 1317 inconsultam
662 1279 955 1328 obiurgantium
986 1280 1090 1318 hanc
1112 1281 1351 1319 exaudimus

1 1352 3 1356 ⁴
63 1346 228 1374 vocem:
255 1335 439 1383 „mallem
460 1334 688 1383 perdidisse
715 1346 835 1384 quam
855 1336 909 1374 illi
932 1336 1151 1374 dedisse?“
1187 1337 1351 1385 Turpis-

67 1393 210 1431 simum
233 1401 362 1439 genus
383 1391 516 1429 damni
536 1396 598 1430 est
616 1390 842 1430 inconsulta
859 1392 1022 1430 donatio
1038 1392 1246 1441 multoque
1263 1403 1350 1440 gra-

65 1449 157 1486 vius
177 1447 280 1485 male
300 1446 466 1485 dedisse
484 1447 724 1486 beneficium
745 1459 866 1496 quam
883 1459 962 1486 non
978 1449 1199 1496 recepisse.
1221 1449 1354 1486 aliena

70 1503 175 1542 enim
195 1503 315 1550 culpa
335 1507 415 1549 est,
442 1503 553 1551 quod
571 1514 650 1541 non
672 1504 922 1551 recepimus:
949 1503 1062 1551 quod
1081 1504 1143 1542 cui
1164 1504 1352 1542 daremus

68 1569 149 1598 non
173 1558 384 1606 elegimus,
405 1564 554 1597 nostra.
589 1558 633 1596 In
654 1560 851 1598 electione
871 1559 966 1597 nihil
987 1559 1118 1598 minus
1143 1571 1262 1607 quam
1278 1560 1356 1598 hoe
1373 1565 1396 1600 4

72 1613 182 1664 quod
201 1618 242 1651 tu
262 1613 468 1652 existimas
491 1613 703 1662 spectabo,
725 1625 750 1652 a
770 1626 851 1663 quo
870 1620 1108 1663 recepturus
1130 1616 1218 1654 sim.
1248 1616 1352 1664 eligo

71 1671 175 1709 enim
211 1680 321 1716 eum,
354 1669 420 1717 qui
449 1675 608 1718 gratus,
646 1682 725 1709 non
762 1672 831 1719 qui
862 1671 1095 1710 redditurus
1128 1672 1198 1710 sit:
1229 1682 1355 1720 saepe

73 1731 203 1765 autem
226 1730 265 1764 et
286 1735 365 1762 non
387 1724 615 1764 redditurus
635 1732 772 1775 gratus
794 1732 856 1765 cst
875 1732 913 1765 et
933 1727 1112 1775 ingratus
1135 1727 1204 1776 qui
1223 1728 1354 1766 reddi-

74 1782 142 1820 dit.
188 1778 254 1820 Ad
276 1780 449 1818 animum
471 1781 598 1820 tendit
617 1782 838 1821 aestimatio
858 1793 959 1821 mea.
994 1783 1085 1821 ideo
1101 1784 1357 1832 locupletem,
1377 1791 1398 1824 5

75 1838 147 1877 sed
168 1836 374 1885 indignum
395 1837 642 1885 praeteribo:
675 1839 842 1886 pauperi
872 1839 958 1877 viro
983 1838 1090 1878 bono
1120 1840 1238 1878 dabo.
1285 1839 1359 1877 erit

75 1893 181 1933 enim
200 1893 237 1931 in
260 1904 417 1931 summa
444 1893 582 1942 inopia
607 1899 744 1942 gratus
771 1899 921 1933 etcum
942 1896 1075 1933 omnia
1103 1894 1159 1934 illi
1178 1896 1358 1943 deerunt,

77 1948 274 1998 supererit
296 1949 467 1987 animus.

130 2005 196 2043 XI.
226 2005 312 2043 Non
334 2006 487 2043 lucrum
517 2015 568 2042 ex
597 2005 793 2044 beneficio
825 2012 965 2055 capto,
997 2018 1078 2045 non
1100 2007 1358 2055 voluptatem,
1381 2015 1399 2048 1

78 2071 158 2099 non
178 2061 357 2109 gloriam.
398 2061 466 2099 uni
487 2062 647 2109 placere
668 2066 878 2101 contentus
898 2064 937 2100 in
958 2063 1036 2102 hoc
1053 2063 1171 2110 dabo,
1191 2067 1234 2101 ut
1250 2062 1360 2111 quod

81 2121 237 2166 oportet
258 2116 412 2155 faciam.
462 2116 572 2165 quod
601 2121 761 2165 oportet
792 2124 923 2163 autem
950 2130 1030 2157 non
1064 2123 1126 2156 est
1159 2118 1246 2157 sine
1279 2119 1357 2157 ele—

82 2172 230 2211 ctione:
263 2182 367 2221 quae
387 2173 517 2222 qualis
538 2173 669 2211 sutura
690 2174 741 2212 sit
759 2174 1010 2222 interrogas?
1054 2173 1209 2222 Eligam
1230 2175 1359 2213 virum

81 2227 295 2277 integrum,
329 2227 571 2278 simplicem,
602 2239 838 2277 memorem,
872 2235 1048 2278 gratum,
1083 2230 1202 2268 alieni
1237 2229 1358 2270 absti-

83 2288 260 2332 nentem,
291 2285 353 2323 sui
371 2295 454 2323 non
481 2295 602 2323 avare
622 2289 824 2332 tenacem,
856 2285 1110 2324 benevolum.
1157 2286 1263 2325 hunc
1282 2296 1358 2335 ego

86 2347 174 2377 cum
202 2340 381 2389 elegero,
408 2341 499 2380 licet
527 2340 622 2380 nihil
649 2341 702 2379 illi
724 2342 884 2381 fortuna
910 2342 1076 2391 tribuat,
1104 2352 1156 2381 ex
1183 2354 1262 2396 quo
1297 2353 1360 2381 re-

139 2407 269 2432 smuch
287 2409 377 2434 pun..
397 2399 439 2435 Π.
1120 2405 1142 2438 5
