1592 2580
637 366 682 420 t.
713 365 892 420 ᾹΝΝΛΕΙ
925 365 1145 421 SENECAE

541 466 606 501 AD
643 467 907 500 AEBUTIUM
944 467 1239 500 LIBERALEM

400 543 530 605 DE
618 543 1375 608 BENEFlcllS

765 650 1016 692 LIBERv.

223 849 241 880 l
339 835 383 873 ln
405 834 604 883 prioribus
623 836 733 874 libris
752 835 917 874 videbar
938 845 1238 875 consummasse
1258 835 1518 884 propositum,

260 900 350 928 cum
364 894 608 938 manassem,
622 890 953 938 quemadmodum
969 891 1141 929 dandum
1157 890 1517 938 essetbeneficium,

261 944 595 992 quemadmodum
625 945 912 993 accipiendum.
954 944 995 983 hi
1014 945 1119 983 enim
1146 949 1236 984 sunt
1262 944 1376 983 huius
1398 945 1519 984 officii

258 1000 380 1037 fines:
415 999 606 1047 quicquid
631 1000 733 1038 ultra
758 1010 912 1047 moror,
942 1011 1022 1038 non
1052 1000 1182 1038 servio
1209 999 1413 1046 materiae,
1446 1000 1519 1038 sed

258 1053 467 1100 indulgeo,
495 1063 598 1101 quae
620 1064 698 1101 quo
719 1054 825 1092 ducit
843 1055 1049 1102 sequenda
1068 1059 1147 1102 est,
1175 1064 1253 1092 non
1275 1065 1353 1101 quo
1373 1054 1517 1092 invitat.

260 1107 430 1146 subinde
450 1108 552 1145 enim
573 1111 759 1146 nascetur
776 1119 856 1156 quo
871 1109 1043 1146 lacessat
1063 1109 1195 1157 aliqua
1214 1109 1421 1146 dulcedine
1437 1107 1517 1146 ani-

221 1169 243 1201 2
261 1172 383 1209 mum,
418 1161 544 1209 mag1s
564 1172 644 1200 non
663 1172 954 1209 supervacuum
974 1174 1092 1211 quam
1114 1162 1395 1201 necessarium.
1439 1163 1516 1200 Ve—

258 1216 447 1264 rumquia
459 1216 513 1253 ita
526 1215 599 1263 vis,
620 1226 1004 1263 perseveremus
1021 1218 1261 1265 peractis,
1280 1227 1404 1264 quae
1418 1227 1518 1254 rem

260 1270 607 1317 continebant,
636 1271 916 1310 scrutaturi
935 1271 1085 1310 etiam
1104 1281 1177 1318 ea,
1207 1281 1350 1319 quae,
1375 1271 1416 1309 si
1439 1270 1516 1308 vis

259 1335 448 1370 verum,
484 1335 709 1362 connexa
739 1330 873 1372 sunt,
907 1337 1001 1364 non
1035 1324 1370 1364 cohaerentia.
1415 1335 1517 1373 quae

261 1379 444 1428 quisquis
468 1379 675 1426 diligenter
694 1380 870 1427 inspicit,
891 1390 964 1418 nec
983 1379 1076 1418 facit
1097 1390 1243 1428 operae
1261 1379 1427 1427 pretium
1443 1389 1517 1417 nec

221 1440 243 1473 3
258 1439 386 1472 tamen
406 1433 536 1481 perdit
554 1443 726 1481 operam.
772 1433 856 1472 Tibi
875 1439 1023 1481 autem,
1043 1433 1191 1472 homini
1210 1439 1349 1472 natura
1368 1433 1515 1481 optimo

259 1494 298 1526 et
326 1489 378 1526 ad
395 1487 589 1526 beneficia
608 1499 832 1536 propenso,
860 1489 1051 1527 Liberalis
1071 1489 1233 1535 Aebuti,
1257 1490 1362 1526 nulla
1380 1498 1514 1527 eorum

257 1542 430 1581 laudatio
450 1542 653 1580 satisfacit.
688 1542 884 1581 neminem
902 1554 1088 1592 umquam
1111 1544 1191 1581 vidi
1207 1547 1288 1590 tam
1308 1543 1518 1590 benignum

259 1598 375 1635 etiam
401 1596 692 1635 levissimorum
719 1597 940 1637 officiorum
968 1599 1270 1636 aestimatorem.
1305 1597 1382 1635 iam
1403 1597 1513 1635 boni-

257 1657 319 1690 tas
346 1656 415 1690 tua
437 1661 486 1690 eo
513 1662 645 1699 usque
664 1653 854 1700 prolapsa
873 1657 952 1699 est,
984 1657 1027 1692 ut
1044 1653 1112 1691 tibi
1132 1653 1216 1690 dari
1236 1656 1350 1700 putes
1369 1651 1516 1690 benefi-

259 1706 379 1752 cium,
416 1705 525 1754 quod
555 1706 624 1745 ulli
655 1706 781 1744 datur.
823 1712 985 1755 paratus
1014 1717 1077 1754 es,
1113 1717 1164 1745 ne
1193 1717 1309 1754 quem
1335 1705 1517 1744 beneficii

222 1766 244 1798 4
259 1761 474 1807 poeniteat,
494 1771 567 1808 pro
587 1761 750 1808 ingratis
767 1761 1006 1810 dependere.
1026 1762 1119 1809 Ipse
1138 1771 1266 1808 usque
1285 1771 1332 1800 eo
1353 1761 1448 1798 abes
1467 1760 1515 1797 ab

260 1815 365 1852 omni
399 1815 625 1861 iactatione,
659 1825 789 1863 usque
822 1826 870 1854 eo
904 1816 1032 1854 statim
1058 1817 1120 1854 vis
1144 1825 1378 1862 exonerare,
1413 1824 1515 1862 quos

259 1869 433 1916 obligas,
452 1874 495 1908 ut
516 1869 705 1917 quicquid
724 1871 762 1907 in
783 1870 954 1919 aliquem
976 1871 1153 1916 confers,
1172 1870 1271 1907 velis
1291 1869 1416 1907 videri
1435 1878 1514 1905 non

258 1928 481 1971 praestare,
515 1924 588 1962 sed
617 1924 804 1971 reddere,
838 1924 1011 1973 ideoque
1037 1924 1191 1973 plenius
1219 1924 1270 1961 ad
1288 1929 1325 1962 te
1346 1923 1403 1960 sic
1425 1922 1515 1960 data

258 1982 514 2016 revertentur.
544 1989 634 2016 nam
654 1979 736 2016 fere
753 1983 972 2026 sequuntur
991 1979 1183 2017 beneficia
1202 1989 1281 2016 non
1299 1986 1513 2024 reposcen-

259 2037 337 2069 tem
364 2037 420 2079 et,
453 2037 496 2071 ut
523 2033 647 2081 gloria
675 2033 869 2080 fugientes
897 2034 1023 2081 magis
1055 2033 1250 2081 sequitur,
1284 2033 1337 2069 ita
1362 2032 1513 2069 fructus

258 2086 540 2125 beneficiorum
559 2086 708 2135 gratius
726 2088 943 2135 respondet
959 2088 1034 2126 illis
1046 2117 1056 2135 ,
1078 2098 1150 2135 per
1168 2097 1268 2134 quos
1289 2086 1403 2124 etiam
1422 2095 1515 2123 esse

222 2145 244 2178 5
260 2139 421 2187 ingratis
449 2141 551 2180 licet.
592 2141 667 2180 Per
686 2146 724 2179 te
745 2152 838 2180 vero
859 2153 938 2180 non
961 2147 1022 2180 est
1040 2151 1169 2187 mora,
1199 2151 1277 2188 quo
1298 2141 1426 2178 minus
1445 2139 1512 2178 be-

260 2194 401 2232 neficia
420 2196 486 2242 qui
499 2200 754 2243 acceperunt,
775 2197 875 2235 ultro
895 2201 1091 2245 repetant,
1112 2205 1186 2233 nec
1200 2195 1405 2233 recusabis
1421 2205 1513 2232 con-

260 2249 362 2286 ferre
388 2250 463 2288 alia
490 2255 528 2288 et
555 2250 782 2298 subpressis
811 2250 1144 2298 dissimulatisque
1172 2249 1285 2296 plura
1302 2259 1347 2286 ac
1367 2247 1515 2287 maiora

262 2302 435 2340 adicere:
478 2306 723 2353 propositum
754 2305 888 2352 optimi
915 2305 987 2342 viri
1013 2309 1051 2342 ct
1080 2304 1247 2351 ingentis
1268 2304 1403 2352 animi,
1433 2307 1513 2341 tam
