1624 2626
295 124 429 164 DIAL.
448 123 515 163 111.
546 122 614 163 DE
642 122 734 162 IRA
759 120 918 162 LIB.=1.
946 125 1076 163 3-6,
1277 118 1333 160 39

43 229 134 268 dam
154 236 302 267 saevae
319 237 461 275 manu,
486 225 622 265 verbis
643 223 861 275 parciores.
910 224 1110 274 quaedam
1128 223 1167 263 in
1186 223 1333 264 verbo·

42 294 129 323 rum
161 282 546 330 maledictorumque
578 281 882 320 amaritudinem
916 280 1084 319 effusae.
1135 280 1332 329 quaedam

41 341 145 379 ultra
166 339 353 388 querelas
374 343 413 377 et
431 338 737 377 adversationes
757 348 838 376 non
857 341 1018 376 exeunt.
1060 337 1263 386 >quaedam
1278 336 1335 374 ai-

42 401 106 435 tae
125 405 354 443 gravesque
374 400 468 434 sunt
493 399 532 433 et
558 394 756 433 introrsus
776 403 933 432 versae.
988 392 1084 432 Mile
1111 393 1214 431 aliae
1241 402 1334 441 spe—

44 450 127 490 cies
148 455 243 489 sunt
260 451 354 489 mali
372 450 615 499 multiplicis.

127 507 177 545 V.
230 506 357 554 Quid
386 511 528 545 esset
554 506 628 544 ira
658 503 945 554 quaesitum
973 508 1070 551 est,
1101 515 1158 543 an
1186 503 1233 542 in
1260 503 1335 543 ul-
1358 520 1376 553 1

44 564 142 602 lum
175 562 315 601 aliud
347 563 532 601 animal
568 572 710 610 quam
744 561 791 599 in
824 560 1074 600 hominem
1109 560 1337 608 caderet,

47 629 143 668 quo
163 618 222 657 ab
241 618 511 658 iracundia
530 617 754 656 distaret
772 621 818 656 et
839 627 966 666 quae
986 617 1096 656 eius
1126 616 1337 665 species

47 679 241 714 essent:
270 685 398 712 nunc
420 684 746 723 quaeramus,
772 683 831 711 an
850 672 926 711 ira
946 673 1225 712 secundum
1252 682 1337 710 na-

46 736 206 770 turam
225 730 292 769 sit
311 735 359 769 ct
378 741 435 769 an
457 728 603 769 utilis
624 734 776 778 atque
799 739 859 767 ex
885 729 1061 777 aliqua
1087 733 1234 778 parte
1259 738 1338 766 re·

46 786 272 826 tinenda.

130 843 202 880 An
235 841 513 880 secundum
546 845 774 879 naturam
802 840 869 878 sit
894 840 1148 879 manifestum
1174 839 1270 887 erit,
1306 839 1378 882 si2

49 898 253 937 hominem
271 895 587 946 inspexerimus:
609 907 690 946 quo
713 896 809 945 quid
825 901 887 934 est
901 895 1045 943 mitius,
1064 896 1158 934 dum
1173 895 1212 933 in
1229 899 1341 933 recto

53 953 172 992 animi
200 953 336 992 habitu
357 957 445 992 est?
486 953 582 1002 quid
614 957 744 992 autem
778 952 838 990 ira
870 951 1074 990 crudelius
1103 955 1193 990 est?
1239 950 1342 998 Quid

51 1008 212 1048 homine
232 1009 399 1047 aliorum
419 1009 645 1047 amantius?
688 1008 784 1056 quid
812 1007 871 1045 ira
891 1007 1106 1046 infestius?
1150 1007 1282 1046 Homo
1302 1007 1342 1044 in

52 1064 290 1104 adiutorium
309 1069 486 1103 mutuum
507 1064 664 1112 genitus
686 1069 766 1111 est,
796 1063 859 1114 ira
875 1063 915 1100 in
936 1063 1114 1102 exitium.
1158 1062 1224 1101 hic
1246 1073 1342 1101 con-

53 1120 208 1169 gregari
229 1121 321 1166 vult,
343 1121 410 1158 illa
429 1120 652 1158 discedere.
681 1119 747 1158 hic
767 1118 979 1168 prodesse,
1000 1119 1067 1157 illa
1085 1128 1247 1157 nocere.
1278 1117 1344 1156 hic

53 1177 168 1215 etiam
200 1174 348 1224 ignotis
376 1185 631 1224 succurrere,
669 1174 737 1213 illa
763 1173 882 1213 etiam
903 1174 1135 1213 carissimos
1156 1175 1344 1223 perdere.

52 1231 116 1270 hic
135 1232 300 1271 aliorum
321 1231 585 1271 incommodis
604 1231 669 1270 vel
688 1231 908 1280 inpendere
928 1240 974 1268 se
995 1235 1157 1279 paratus
1178 1234 1258 1278 est,
1279 1230 1346 1268 illa

53 1286 93 1326 in
114 1287 345 1336 periculum,
367 1287 586 1326 dummodo
610 1287 794 1335 deducat,
817 1286 1080 1325 descendere.
1125 1286 1222 1334 Quis
1247 1296 1344 1334 ergo
1358 1299 1382 1333 3

47 1343 182 1392 magis
201 1348 380 1382 naturam
399 1343 556 1392 ignorat
573 1354 707 1381 rerum
728 1353 848 1391 quam
870 1341 939 1391 qui
960 1342 1110 1391 optimo
1127 1342 1214 1380 eius
1231 1341 1345 1390 operi

57 1403 98 1438 et
115 1399 437 1438 emendatissimo
457 1398 535 1437 hoc
553 1399 682 1437 ferum
702 1409 750 1437 ac
770 1398 1043 1447 perniciosum
1069 1398 1208 1436 vitium
1237 1397 1344 1436 adsi-

58 1458 178 1503 gnat?
204 1455 278 1502 Ira,
298 1459 342 1494 ut
361 1454 546 1501 diximus,
566 1455 685 1493 avida
705 1464 864 1504 poenae
884 1459 957 1503 est,
979 1453 1093 1492 cuius
1115 1452 1348 1502 cupidinem

59 1510 196 1548 inesse
236 1509 490 1558 pacatissimo
528 1510 700 1549 hominis
741 1510 896 1559 pectori
928 1509 1089 1548 minime
1122 1509 1347 1548 secundum

61 1565 148 1604 eius
169 1569 349 1603 naturam
368 1569 441 1603 est.
486 1565 692 1605 beneficiis
713 1566 817 1604 enim
838 1565 1012 1604 humana
1030 1565 1112 1604 vita
1132 1569 1291 1604 constat
1309 1569 1349 1603 et

62 1621 299 1667 concordia,
320 1631 395 1659 nec
414 1624 577 1668 terrore,
602 1621 676 1660 sed
695 1626 832 1660 mutuo
853 1631 990 1660 amore
1009 1621 1048 1659 in
1070 1621 1215 1660 foedus
1237 1620 1348 1659 auxi-

62 1677 238 1724 liumque
259 1686 470 1714 commune
491 1677 782 1724 constringitur.

144 1732 213 1770 VI.
258 1731 359 1779 Quid
381 1736 506 1779 ergo?
548 1742 627 1769 non
647 1732 863 1781 aliquando
889 1733 1097 1781 castigatio
1117 1731 1352 1770 necessaria
1367 1740 1386 1772 1

64 1792 152 1828 est?
194 1787 362 1837 quidni?
405 1787 479 1826 sed
498 1786 597 1824 haec
618 1788 794 1835 sincera,
815 1799 905 1827 cum
924 1789 1092 1828 ratione.
1141 1799 1222 1826 non
1245 1786 1351 1825 enim

65 1847 193 1891 nocet,
212 1843 285 1882 sed
300 1842 482 1881 medetur
497 1843 633 1891 specie
648 1844 832 1882 nocendi.
868 1844 1211 1892 Quemadmodum
1229 1852 1351 1890 quae-

67 1900 159 1938 dam
178 1899 338 1938 hastilia
356 1899 511 1937 detorta
530 1903 574 1936 ut
602 1899 868 1948 corrigamus,
897 1900 1102 1938 adurimus
1131 1902 1170 1936 et
1197 1897 1351 1936 adactis

68 1954 226 2003 cuneis,
254 1966 335 1993 non
354 1959 398 1993 ut
418 1955 669 2002 frangamus,
699 1955 774 1993 sed
792 1959 837 1993 ut
856 1956 1125 2003 explicemus,
1147 1953 1350 1992 elidimus:

23 2038 26 2039 ν
67 2010 127 2050 sic
145 2010 303 2060 ingenia
321 2010 417 2049 vitio
437 2020 563 2058 prava
584 2009 724 2048 dolore
744 2011 928 2059 corporis
957 2010 1160 2058 animique
1188 2009 1351 2058 corrigi·
1393 2014 1397 2017 “

28 2079 29 2084 ’
67 2077 171 2106 mus.
212 2066 364 2115 Nempe
379 2065 561 2104 medicus
582 2063 711 2113 primo
731 2064 769 2103 in
791 2066 945 2104 levibus
964 2065 1072 2103 vitiis
1092 2069 1257 2113 temptat
1272 2076 1351 2104 non
1369 2073 1392 2106 2

30 2121 34 2123 ’
68 2122 232 2160 multum
253 2132 304 2160 ex
325 2121 527 2160 cotidiana
547 2120 838 2159 consuetudine
857 2120 1062 2159 inflectere
1082 2125 1121 2159 et
1139 2121 1258 2168 cibis,
1279 2132 1351 2170 po-

68 2178 265 2223 tionibus,
298 2177 648 2216 exercitationibus
679 2175 858 2215 ordinem
883 2176 1076 2224 inponere
1103 2187 1150 2215 ac
1167 2177 1352 2215 valitudi-

31 2227 45 2273 '„
70 2232 160 2272 nem
179 2238 329 2272 tantum
348 2237 499 2271 mutata
518 2233 622 2271 vitae
642 2231 908 2280 dispositione
927 2231 1098 2271 firmare.
1128 2233 1353 2281 proximum

30 2310 34 2314 «
73 2293 153 2338 est,
185 2293 229 2328 ut
262 2289 407 2328 modus
434 2288 631 2338 proficiat.
676 2288 711 2327 si
738 2287 885 2326 modus
905 2291 946 2327 ct
963 2287 1063 2328 ordo
1082 2298 1164 2327 non
1182 2288 1352 2338 proficit,
