1592 2580
289 171 343 212 50
662 169 706 207 L.
733 168 923 209 ANNAEI
951 169 1176 209 SENECAE

289 271 348 309 Da
380 267 475 307 mihi
504 278 760 318 quemquam,
796 267 862 316 qui
889 268 1200 316 magnificentius
1227 268 1427 308 dominum
1459 279 1540 307 ser-

288 324 451 362 vaverit.

254 387 271 419 1
368 378 506 416 XXIV.
544 376 755 416 Corfinium
777 377 921 415 Caesar
946 376 1162 416 obsidebat.
1198 377 1402 415 tenebatur
1419 376 1540 416 inclu-

290 443 358 472 sus
379 432 591 471 Domitius:
620 432 827 479 imperavit
845 431 999 471 medico
1019 432 1225 479 eidemque
1245 441 1361 470 servo
1382 442 1476 478 suo,
1500 437 1543 470 ut

290 487 363 526 sibi
391 497 584 525 venenum
613 486 736 524 daret.
783 485 879 524 Cum
905 486 1229 534 tergiversantem
1250 485 1417 532 videret,
1451 487 1543 534 quid

288 544 501 588 cunctaris,
540 541 686 588 inquit,
724 545 918 589 tamquam
943 544 1010 579 tua
1034 543 1075 579 in
1097 544 1280 589 potestate
1304 545 1417 578 totum
1443 541 1544 578 istud

289 594 365 636 sit?
397 600 553 635 mortem
575 606 668 643 roqo
687 600 870 634 armatus.
916 596 1012 634 Tum
1029 596 1093 633 ille
1114 595 1291 643 promisit
1310 599 1348 633 et
1372 595 1543 632 medica—

290 655 461 689 mentum
488 650 689 688 innoxium
716 650 927 688 bibendum
953 649 1007 688 illi
1026 650 1143 688 dedit.
1182 660 1260 697 quo
1281 659 1368 686 cum
1387 649 1542 696 sopitus

289 710 415 751 esset,
452 704 623 743 accessit
651 704 701 742 ad
730 704 850 742 filium
878 705 981 743 eius=
1017 705 1121 751 iube,
1151 703 1295 752 inquit,
1324 714 1383 741 me
1402 704 1543 741 adser-

288 763 392 806 vari,
420 761 510 799 dum
536 771 588 798 ex
605 763 738 798 eventu
755 761 971 807 intelleqas,
1001 769 1052 796 an
1071 769 1253 796 venenum
1267 759 1374 805 patri
1391 764 1452 795 tuo
1471 758 1543 795 de—

289 816 422 854 derim.
469 815 578 853 Vixit
605 813 795 852 Domitius
825 818 863 852 et
888 818 1067 852 servatus
1093 823 1117 850 a
1144 812 1311 850 Caesare
1331 815 1402 868 est.
1436 811 1544 859 prior

290 877 418 909 tamen
440 870 546 908 illum
568 879 709 907 servus
730 871 973 906 servaverat.

254 935 272 967 1
370 924 490 961 XXV.
527 924 637 962 Bello
666 923 770 978 ciyili
790 923 1055 984 proscriptum
1075 920 1275 959 dominum
1295 930 1434 959 servus
1455 919 1542 958 abs-

291 979 424 1018 condit
451 982 508 1026 et,
537 988 626 1016 cum
653 969 794 1016 anulos
822 978 906 1015 eius
932 976 1008 1015 sibi
1035 980 1212 1024 aptasset
1239 986 1285 1013 ac
1311 979 1461 1013 vestem
1487 974 1543 1011 in-

291 1034 462 1079 duisset,
500 1032 817 1080 speculatoribus
847 1029 1019 1070 occurrit
1043 1030 1218 1078 nihilque
1253 1039 1296 1067 se
1327 1028 1543 1090 deprecari,

292 1098 370 1135 quo
389 1087 518 1125 minus
539 1086 731 1134 imperata
744 1090 998 1134 peragerent,
1028 1085 1124 1123 dixit
1138 1089 1176 1122 et
1191 1085 1334 1122 deinde
1350 1084 1544 1122 cervicem

289 1141 477 1190 porrexit.
527 1140 667 1188 Quanti
691 1141 764 1178 viri
791 1145 853 1178 est
878 1151 950 1187 pro
982 1139 1140 1178 domino
1169 1149 1216 1176 eo
1245 1144 1423 1186 tempore
1445 1136 1544 1175 mori

290 1197 402 1242 velle,
427 1205 505 1242 quo
522 1200 605 1233 erat
618 1205 708 1232 rara
723 1194 823 1232 fides
841 1193 1041 1232 dominum
1059 1194 1156 1230 mori
1177 1194 1307 1231 nolle?
1333 1193 1371 1230 in
1389 1191 1545 1240 publica

291 1249 520 1288 crudelitate
548 1249 677 1287 mitem
706 1248 889 1294 inveniri,
920 1249 958 1285 in
989 1248 1144 1296 publica
1170 1248 1336 1295 perfidia
1361 1247 1545 1284 fidelem?

292 1316 379 1343 cum
399 1303 574 1352 praemia
592 1302 826 1351 proditionis
846 1303 1019 1350 ingentia
1042 1303 1310 1349 ostendantur,
1330 1301 1545 1349 praemium

260 1382 262 1384 v
291 1359 383 1397 fidei
402 1363 567 1396 mortem
588 1357 900 1405 concupiscere?

256 1423 273 1455 1
370 1413 508 1451 XXVI.
551 1412 683 1450 Nostri
712 1412 835 1450 seculi
863 1412 1045 1459 exempla
1071 1421 1152 1449 non
1186 1409 1419 1458 praeteribo.
1462 1407 1543 1446 Sub

292 1467 446 1506 Tiberio
466 1466 635 1505 Caesare
656 1465 728 1504 fuit
743 1465 957 1504 accusandi
976 1467 1164 1514 frequens
1186 1470 1224 1503 et
1243 1474 1369 1512 paene
1390 1463 1545 1511 publica

292 1522 443 1568 rabies,
477 1531 579 1569 quae
606 1521 710 1559 omni
730 1520 833 1558 civili
861 1521 961 1558 bello
981 1520 1140 1568 gravius
1160 1524 1329 1566 togatam
1350 1517 1543 1557 civitatem

294 1576 482 1615 confecit:
522 1575 792 1623 excipiebatur
816 1575 1013 1613 ebriorum
1040 1585 1188 1620 sermo,
1227 1572 1455 1620 simplicitas
1487 1571 1543 1610 io-

294 1630 477 1669 cantium.
519 1629 613 1667 nihil
633 1635 715 1667 erat
734 1634 867 1668 tutum.
910 1628 1038 1668 omnis
1059 1628 1261 1667 saeviendi
1278 1627 1458 1675 placebat
1479 1635 1543 1663 oc7

294 1685 416 1723 casio.
463 1694 536 1722 nec
555 1684 630 1721 iam
644 1695 801 1722 reorum
817 1684 1122 1732 exspectabatur
1137 1687 1313 1728 eventuS,
1335 1692 1423 1719 cum
1438 1685 1545 1718 esset

293 1750 409 1778 unus.
461 1738 660 1777 coenabat
685 1738 829 1776 Paulus
859 1738 1077 1786 praetorius
1103 1738 1142 1777 in
1170 1736 1350 1776 convivio
1373 1735 1543 1783 quodiam

294 1793 502 1841 imaginem
529 1792 672 1831 Tiberii
701 1793 879 1831 Caesaris
909 1792 1058 1831 habens
1087 1798 1270 1841 ectypam
1295 1795 1332 1829 et
1351 1789 1544 1828 eminente

258 1861 279 1894 2
294 1858 459 1896 gemma.
502 1845 906 1895 Remineptissimam
926 1847 1078 1894 fecero,
1107 1847 1140 1884 si
1161 1855 1264 1884 nunc
1283 1844 1405 1883 verba
1424 1853 1541 1891 quae·

294 1903 418 1949 siero,
455 1902 784 1950 quemadmodum
811 1901 936 1939 dicam
970 1901 1077 1939 illum
1104 1901 1282 1938 matelam
1310 1898 1543 1945 sumpsisse.

295 1957 402 2005 quod
422 1957 564 1995 factum
584 1956 698 1994 simul
718 1961 756 1994 et
776 1956 885 1994 Maro
906 1965 956 1993 ex
974 1955 1079 1994 notis
1097 1955 1199 1993 illius
1218 1952 1406 2000 temporis
1425 1951 1541 1989 vesti-

294 2011 496 2058 gatoribus
524 2011 693 2058 notavit,
730 2015 768 2049 et
794 2020 935 2048 servus
963 2009 1068 2057 eius,
1105 2007 1261 2057 quando
1289 2006 1544 2045 nectebantur

294 2066 480 2112 insidiae,
501 2065 536 2103 ei
555 2065 664 2103 ebrio
684 2065 842 2103 anulum
862 2065 1040 2102 extraxit.
1069 2068 1108 2102 et
1126 2073 1212 2101 cum
1227 2061 1336 2099 Maro
1353 2061 1543 2099 convivas

294 2123 502 2159 testaretur
520 2120 716 2158 admotam
735 2130 826 2158 esse
845 2118 1050 2166 imaginem
1069 2116 1280 2155 obscoenis
1299 2120 1337 2153 et
1355 2115 1431 2153 iam
1451 2114 1542 2154 sub—

296 2175 551 2222 scriptionem
578 2178 839 2222 conponeret,
877 2172 1048 2212 ostendit
1078 2173 1117 2209 in
1149 2181 1266 2208 manu
1298 2179 1372 2208 sua
1403 2177 1543 2209 servus

298 2228 466 2265 anulum.
513 2228 555 2268 Si
582 2228 671 2278 quis
698 2228 802 2268 hunc
821 2237 978 2294 servum
996 2230 1129 2299 vocat,
1158 2231 1195 2264 et
1213 2225 1319 2263 illum
1338 2223 1541 2263 convivam

296 2281 465 2321 vocabit.
