1592 2580
277 160 357 201 216
645 161 687 198 L.
716 161 904 199 ANNAEI
933 160 1157 200 SENECAE

279 259 422 307 pidem.
468 258 660 307 quaedam
687 263 843 305 tenues,
874 258 1065 306 quaedam
1093 257 1295 307 pingues]
1339 259 1531 307 quaedam

279 314 406 360 alunt,
436 313 630 362 quaedam
660 312 745 351 sine
773 314 851 350 ulla
879 313 1046 351 bibentis
1067 323 1143 362 ope
1161 318 1382 361 transeunt,
1413 324 1533 362 quae-

280 368 371 406 dam
389 367 554 406 haustae
574 367 851 405 fecundi'tatem
869 367 1061 406 adferunt.

359 423 423 459 ΙΙΙ.
450 422 508 460 Ut
537 426 640 459 stet
669 432 798 469 aqua
825 421 903 459 vel
935 421 1079 468 fluat,
1107 422 1183 460 loci
1216 423 1359 470 positio
1393 422 1531 460 efficit:

278 477 316 514 in
338 477 492 515 devexo
513 476 615 523 ssuit,
635 477 673 513 in
695 476 811 524 plano
836 476 1054 514 continetur
1071 481 1108 514 et
1128 481 1292 523 stagnat.
1321 477 1532 525 aliquando

277 531 316 569 in
345 531 554 569 adversum
589 530 728 578 spiritu
753 529 965 578 inpellitur:
1001 535 1092 568 tunc
1126 531 1294 578 cogitur,
1328 541 1406 569 non
1435 530 1531 569 fluit.

279 585 538 634 colligitur
567 595 617 622 ex
645 585 846 623 imbribus.
889 595 947 622 ex
976 595 1063 623 suo
1093 586 1230 623 fonte
1258 587 1431 624 nativa
1459 590 1531 623 est.

277 639 372 678 nihil
399 645 529 678 tamen
560 639 742 687 prohibet
767 639 907 677 eodem
929 640 1017 678 loco
1038 649 1182 687 aquam
1202 638 1334 686 colligi
1354 644 1392 678 et
1410 639 1532 685 nasei,

279 694 387 743 quod
414 695 454 732 in
483 694 631 732 Fucino
661 694 859 740 videmus,
893 693 932 731 in
966 704 1082 742 quem
1114 698 1267 731 montes
1297 693 1533 732 circumiecti

278 749 468 797 quicquid
488 748 586 787 fudit
601 748 734 796 pluvia
754 748 952 795 derivant,
972 749 1043 787 sed
1064 757 1230 795 magnae
1245 748 1283 784 in
1303 746 1393 796 ipso
1413 748 1532 786 laten-

277 810 420 851 tesque
445 813 571 842 venae
599 806 701 841 sunt.
737 801 870 851 itaque
893 802 1009 840 etiam
1037 812 1124 840 cum
1150 802 1300 840 hiberni
1331 801 1534 841 defluxere

278 863 472 896 torrentes
485 888 495 904 ‚
515 858 655 896 faciem
677 867 787 896 suam
808 862 951 895 servat.

359 912 424 950 IV.
464 912 670 950 Primum
698 921 815 959 ergo
846 921 1161 960 quaeramus,
1202 910 1446 959 quomodo
1476 910 1534 948 ad

280 967 654 1005 continuandos
691 966 862 1004 flumin
879 976 952 1003 um
985 976 1167 1004 cursus
1209 970 1345 1003 terra
1386 965 1532 1004 sussi-

279 1022 394 1067 ciat,
415 1022 545 1059 unde
564 1024 754 1059 tantum
775 1026 1012 1068 aquarum
1028 1025 1183 1058 exeat.
1209 1020 1406 1067 Miramur,
1426 1019 1532 1067 quod

278 1075 551 1114 accessionem
572 1075 775 1113 fluminum
794 1075 916 1112 maria
934 1085 1011 1112 non
1032 1075 1219 1113 sentiant:
1247 1085 1376 1122 aeque
1394 1075 1533 1112 miran—

278 1129 369 1167 dum
399 1135 476 1177 est,
507 1130 615 1178 quod
643 1130 914 1168 detrimentum
943 1129 1165 1167 exeuntium
1185 1133 1289 1166 terra
1308 1139 1386 1167 non
1407 1128 1533 1167 sentit.
1565 1128 1569 1130 '

280 1184 375 1231 quid
396 1190 476 1231 est,
508 1184 616 1231 quod
635 1183 740 1221 illam
762 1188 828 1221 aut
846 1183 904 1220 sic
925 1181 1150 1230 inpleverit,
1181 1186 1222 1220 ut
1242 1184 1432 1230 praebere
1450 1187 1532 1220 tan—

275 1242 358 1275 tum
374 1248 424 1276 ex
438 1238 642 1276 recondito
658 1237 803 1285 possit,
819 1241 885 1275 aut
901 1237 1068 1275 subinde
1084 1237 1141 1275 sic
1157 1237 1368 1284 suppleat?
1396 1237 1535 1284 Quam-

281 1302 448 1341 cumque
475 1293 666 1330 rationem
691 1291 978 1329 reddiderimus
1010 1292 1059 1329 de
1089 1291 1267 1338 flumine,
1297 1292 1434 1330 eadem
1463 1291 1535 1329 erit

276 1346 450 1385 rivorum
470 1357 516 1385 ac
535 1346 712 1385 fontium.

358 1402 407 1439 V.
436 1401 600 1448 Quidam
629 1400 802 1438 iudicant
829 1404 988 1447 terram,
1017 1399 1205 1448 quicquid
1233 1410 1423 1448 aquarum
1434 1398 1533 1448 „emi-

211 1475 214 1483 ι
278 1455 347 1500 sit,
379 1466 518 1494 rursus
541 1455 724 1503 accipere
747 1459 785 1492 et
800 1453 850 1493 ob
871 1454 947 1493 hoc
972 1465 1045 1493 nec
1071 1455 1194 1493 maria
1213 1464 1411 1498 cresccre,
1443 1453 1535 1501 quia

278 1510 387 1558 quod
401 1510 575 1557 influxit,
596 1520 673 1548 non
691 1509 728 1547 in
746 1519 860 1547 suum
875 1513 1047 1555 vertunt,
1070 1510 1139 1547 sed
1159 1508 1338 1557 protinus
1352 1508 1533 1547 reddunt.

277 1566 430 1603 occulto
452 1565 554 1603 enim
573 1565 710 1602 itinere
730 1563 835 1602 subit
861 1568 984 1602 terras
1013 1568 1051 1601 et
1079 1565 1206 1611 palam
1227 1563 1351 1610 venit,
1379 1567 1533 1601 secreto

275 1619 502 1666 revertitur,
534 1619 764 1666 colaturque
786 1618 824 1656 in
844 1618 1007 1656 transitu
1032 1628 1159 1664 mare,
1190 1618 1297 1666 quod
1319 1628 1388 1665 per
1408 1617 1532 1654 multi-

275 1674 401 1722 plices
420 1679 611 1712 terrarum
628 1674 827 1711 anfractus
845 1673 1089 1711 verberatum
1111 1672 1404 1710 amaritudinem
1424 1671 1534 1719 ponit

276 1734 314 1767 et
342 1729 572 1776 pravitatem
602 1727 790 1777 [saporis]
819 1727 857 1765 in
884 1731 991 1766 tanta
1010 1727 1084 1765 soli
1104 1726 1292 1765 varietate
1313 1725 1420 1765 exuit
1438 1731 1476 1764 ct
1494 1727 1532 1763 in

278 1783 470 1821 sinceram
490 1793 635 1830 aquam
658 1782 807 1820 transit.

237 1848 256 1880 1
356 1837 423 1875 VI.
453 1836 616 1884 Quidam
647 1836 888 1882 existimant,
919 1835 1106 1883 quicquid
1137 1845 1187 1873 ex
1213 1835 1402 1873 imbribus
1431 1839 1533 1871 terra

278 1891 466 1939 concipit,
483 1891 532 1929 ad
547 1891 625 1928 ima
640 1889 740 1929 trahi
757 1893 847 1928 etin
861 1892 1024 1938 flumina
1039 1901 1177 1929 rursus
1194 1890 1312 1928 emitti
1328 1893 1366 1926 et
1381 1888 1456 1926 hoc
1472 1899 1530 1926 ar-

277 1946 449 1994 gumenti
472 1946 562 1984 loco
578 1948 748 1994 ponunt,
777 1944 883 1992 quod
901 1942 1105 1982 rarissima
1126 1944 1285 1982 flumina
1304 1947 1395 1981 sunt
1416 1942 1452 1980 in
1470 1943 1532 1980 his

237 2010 259 2043 2
277 2001 374 2039 locis
392 2001 534 2049 quibus
549 2010 662 2037 rarus
678 2003 739 2037 est
752 1998 888 2036 imber.
918 1999 1012 2036 Ideo
1034 1999 1162 2037 siccas
1178 1999 1284 2037 aiunt
1297 1997 1532 2044 Aethiopiae

279 2055 510 2093 solitudines
525 2064 617 2092 esse
633 2052 1039 2102 paucosqueinveniri
1054 2054 1090 2091 in
1108 2052 1288 2091 interiore
1297 2051 1431 2089 Africa
1448 2052 1531 2090 fon-

278 2115 349 2156 tes,
370 2110 462 2158 quia
482 2108 633 2147 fervida
653 2112 790 2146 natura
809 2107 908 2145 coeli
926 2107 976 2145 sit
996 2112 1034 2145 et
1055 2117 1181 2156 paene
1198 2116 1355 2154 semper
1369 2106 1530 2144 aestiva.
1553 2153 1556 2155 Ι

279 2164 485 2211 squalidae
514 2164 646 2211 itaque
675 2163 760 2200 sine
779 2161 940 2208 arbore,
970 2162 1055 2200 sine
1075 2162 1223 2199 cultore
1242 2171 1386 2199 arenae
1405 2160 1532 2199 iacent

277 2218 378 2256 raris
402 2217 592 2256 imbribus
613 2227 798 2265 sparsae,
826 2226 928 2264 quos
949 2217 1077 2254 statim
1097 2214 1321 2253 conbibunt.
1365 2216 1418 2253 At
1437 2224 1529 2252 con-

278 2276 338 2310 tra
357 2277 511 2311 constat
533 2272 777 2310 Germaniam
797 2276 835 2309 et
854 2269 1014 2309 Galliam
1034 2275 1071 2308 et
1092 2269 1270 2318 proxime
1289 2269 1339 2307 ab
1362 2269 1436 2307 illis
1456 2269 1531 2307 lta-
