1592 2580
295 186 479 225 NATUR.
501 184 714 234 QUAEsT.
743 185 838 225 LIB.
854 185 921 224 v1.
952 190 1123 227 17—19.
1272 183 1353 225 285

71 287 242 327 maxime
266 287 450 335 inpactus
478 291 558 332 est,
589 285 715 325 resilit
741 291 781 325 et
809 291 876 325 aut
898 297 971 335 per
990 287 1146 326 occulta
1165 285 1353 325 dividitur

71 346 160 392 ipso
188 349 316 382 terrae
345 347 454 381 motu
480 342 640 380 raritate
670 343 795 388 facta,
834 347 899 381 aut
928 353 1001 391 per
1027 353 1176 381 novum
1205 342 1350 382 volnus

13 435 15 448 ,
71 399 247 438 emicuit:
276 398 330 437 ita
357 399 445 437 eius
474 409 553 436 non
584 402 717 446 potest
744 398 808 436 vis
831 402 940 437 tanta
959 396 1139 438 cohiberi
1158 408 1351 438 necaven-

12 489 13 496 ,
68 462 149 495 tum
177 459 284 494 tenet
310 455 392 493 ulla
419 464 638 503 conpages.
677 453 798 492 solvit
825 454 930 492 enim
958 454 1244 504 quodcumque
1265 454 1350 492 vin-

11 515 12 520 ’
68 512 198 550 culum
226 515 264 549 et
291 520 393 549 onus
421 520 539 549 omne
567 509 643 549 sert
677 520 815 548 secum
850 510 1048 559 fususque
1083 521 1156 559 per
1188 509 1351 548 minima

67 568 331 605 laxamentum
365 570 530 615 superat
562 564 755 604 indomita
785 569 951 604 naturae
983 566 1160 615 potentia
1194 566 1351 614 [liberat

63 626 140 669 seJ,
171 623 308 671 utique
328 633 417 662 cum
438 621 660 661 concitatus
681 621 755 660 sibi
776 622 839 660 ius
859 632 977 660 suum
993 622 1181 662 vindicat.
1225 621 1348 671 Spiri-
1363 628 1388 662 4

65 684 129 717 tus
151 682 279 726 [vero]
301 678 447 718 invicta
467 687 533 716 res
553 683 634 717 est:
664 677 760 716 nihii
779 677 853 717 erit
871 678 982 727 quod

175 746 362 783 luctantes
380 748 508 782 ventos
527 747 838 792 tempestatesque
857 754 1020 783 sonoras

174 801 336 849 imperio
349 804 511 849 premat
527 810 576 838 ac
594 801 730 838 vinclis
749 804 790 838 et·
804 810 966 839 carcere
980 801 1127 848 frenet.

66 863 161 902 Sine
190 863 311 904 dubio
339 869 482 913 poetae
518 864 624 903 hunc
651 865 864 903 voluerunt
892 864 1017 904 videri
1046 876 1268 914 carcerem,
1307 867 1382 906 in5

66 931 146 968 quo
175 921 251 959 sub
276 926 383 960 terra
403 921 528 959 clausi
547 921 726 959 laterent.
762 921 835 959 sed
855 921 933 959 hoc
953 931 1033 960 non
1053 922 1346 971 intellexerunt,

64 986 138 1014 nec
166 977 226 1023 id,
258 976 368 1025 quod
396 976 576 1015 clausum
604 982 686 1024 est,
718 986 811 1015 esse
832 976 964 1016 adhuc
987 983 1167 1025 ventum,
1197 990 1273 1018 nec
1292 979 1346 1027 id,

64 1032 174 1080 quod
202 1038 343 1071 ventus
372 1037 454 1079 est,
485 1042 610 1080 posse
632 1032 711 1071 iam
730 1032 875 1071 claudi.
902 1044 994 1072 nam
1017 1035 1127 1083 quod
1147 1035 1186 1072 in
1206 1035 1345 1074 clauso

63 1093 144 1133 est,
176 1088 346 1137 quiescit
365 1093 404 1127 et
423 1087 527 1127 aeris
549 1088 665 1127 statio
686 1093 767 1127 est:
797 1088 927 1128 omnis
943 1089 983 1127 in
999 1090 1094 1139 fuga
1108 1095 1252 1129 ventus
1271 1097 1344 1130 est.

61 1143 296 1183 Etiamnunc
316 1149 356 1183 et
374 1144 471 1182 illud
491 1144 648 1183 accedit
666 1143 728 1183 his
749 1145 1012 1193 argumentis,
1041 1151 1130 1195 [per
1146 1148 1255 1195 quod
1275 1147 1343 1185 ad·
1360 1153 1382 1186 6

62 1205 195 1248 paret,
224 1200 335 1248 quod
361 1199 661 1238 motumefficit
688 1200 888 1249 spiritus,]
920 1201 1031 1250 quod
1052 1212 1223 1251 corpora
1245 1214 1343 1251 quo—

62 1265 142 1304 que
168 1261 304 1295 nostra
330 1267 410 1295 non
439 1255 552 1294 aliter
576 1261 765 1302 tremunt,
797 1267 916 1305 quam
945 1257 980 1295 si
1009 1258 1190 1306 spiritum
1211 1259 1345 1307 aliqua

60 1321 184 1350 causa
211 1311 432 1361 perturbet,
462 1322 551 1351 cum
578 1310 719 1350 timore
748 1317 977 1351 contractus
1006 1319 1087 1361 est,
1119 1324 1206 1352 cum
1228 1324 1343 1352 sene-

60 1371 166 1406 ctute
185 1369 407 1416 languescit
427 1372 465 1407 et
486 1368 600 1406 venis
620 1368 871 1416 torpentibus
889 1375 1060 1416 marcet,
1086 1380 1176 1408 cum
1195 1370 1343 1419 frigore

58 1422 256 1461 inhibetur
284 1428 352 1462 aut
379 1424 454 1462 sub
482 1423 759 1462 accessionem
787 1434 907 1463 cursu
928 1434 1002 1463 suo
1027 1424 1208 1464 deicitur.
1252 1436 1342 1464 nam
1359 1429 1379 1463 7

61 1479 252 1527 quamdiu
271 1479 359 1518 sine
378 1478 520 1517 iniuria
540 1478 700 1526 perfluit
720 1484 759 1517 et
777 1489 827 1518 ex
847 1490 958 1518 more
978 1480 1179 1529 procedit,
1210 1482 1342 1520 nunus
1405 1526 1407 1528 ,

60 1540 121 1573 est
147 1540 295 1573 tremor
324 1534 504 1583 corpori:
536 1545 625 1573 cum
644 1534 795 1583 aliquid
817 1538 1005 1581 occurrit,
1036 1537 1146 1585 quod
1167 1537 1343 1576 inhibeat

60 1590 146 1629 eius
167 1590 361 1639 officium,
382 1595 475 1628 tunc
497 1600 637 1639 parum
655 1595 798 1639 potens
818 1591 855 1629 in
875 1592 1124 1640 perferendis
1141 1592 1214 1640 his,
1238 1604 1342 1642 quae

59 1657 133 1684 suo
163 1647 298 1695 vigore
326 1646 504 1694 tenebat,
536 1646 728 1685 deficiens
752 1647 945 1696 concutit,
975 1646 1168 1698 quicquid
1190 1649 1342 1699 integer

59 1703 213 1741 tulerat.

138 1788 239 1829 XIX.
286 1789 631 1829 Metrodorum
668 1790 836 1830 Chium
880 1801 1096 1829 necesse
1136 1798 1213 1831 est
1257 1803 1339 1831 au-
1360 1802 1376 1834 1

58 1845 190 1883 diam
201 1856 278 1893 us,
309 1846 420 1894 quod
437 1847 537 1894 vult,
559 1847 778 1885 sententiae
794 1847 883 1885 loco
901 1847 1110 1886 dicentem.
1141 1858 1220 1886 non
1238 1849 1341 1886 enim

58 1901 240 1950 permitto
268 1901 362 1940 mihi
389 1912 439 1940 ne
462 1912 532 1941 eas
554 1902 714 1951 quidem
737 1902 947 1952 opiniones
969 1904 1205 1953 praeterire,
1237 1915 1340 1953 quas

57 1957 250 2006 inprobo,
289 1968 378 1996 cum
406 1958 531 1997 satius
565 1959 616 1998 sit
643 1959 817 2006 omnium
851 1959 1009 2007 copiam
1042 1959 1131 1997 fieri
1164 1965 1203 1998 et
1236 1970 1340 2008 quae

58 2012 293 2052 damnamus
313 2012 541 2063 improbare
561 2015 696 2063 potius
718 2025 836 2063 quam
858 2015 1085 2064 praeterire.
1126 2015 1222 2064 quid
1242 2026 1338 2066 ergo

59 2068 179 2107 dicit?
218 2069 456 2118 „Quomodo
486 2080 575 2109 cum
603 2070 642 2108 in
671 2071 778 2109 dolio
808 2071 1002 2109 cantantis
1025 2081 1104 2109 vox
1125 2071 1375 2120 ina[b2·tur,]2

59 2130 279 2173 persstotum
307 2136 397 2164 cum
417 2126 589 2175 quadam
611 2127 867 2165 discussione
893 2126 1090 2175 percurrit
1108 2134 1339 2176 ac‘resonat

59 2184 100 2218 et
116 2185 213 2230 tam.
228 2182 368 2225 leviter
395 2187 502 2221 mota
528 2187 659 2221 tamen
680 2182 819 2221 circuit
837 2193 917 2221 non
939 2183 1026 2221 sine
1046 2187 1152 2222 tactu
1171 2183 1336 2222 eiustu-

60 2236 281 2286 multuque,
311 2248 391 2287 quo
421 2238 578 2276 inclusa
605 2243 686 2277 est:
721 2238 780 2277 sic
810 2239 1093 2287 speluncarum
1122 2239 1198 2278 sub
1231 2245 1338 2278 terra

60 2290 321 2338 pendentium·
342 2294 508 2333 vastitas
535 2294 656 2333 habet
678 2296 771 2332 aera
792 2305 929 2343 suum,
957 2305 1076 2343 quem
1098 2294 1214 2334 simul
1233 2296 1334 2334 atius

61 2356 235 2395 superne
259 2349 439 2389 incidens
467 2351 687 2400 percussit,
726 2351 846 2399 agitat
870 2361 950 2391 non
980 2351 1092 2390 aliter
1113 2362 1231 2401 quam
1255 2350 1333 2400 ina,
