1624 2626
360 174 438 217 102
723 177 766 216 L.
796 176 983 216 ANNAEt
1014 174 1238 216 SENECAE

318 276 456 316 amala
490 274 644 324 perdis!
687 275 836 323 Quanto
871 283 974 313 nunc
1006 279 1088 314 erat
1117 275 1241 314 satius
1274 275 1423 315 amicos
1452 286 1604 325 parare,

354 330 531 368 inimicos
554 330 748 378 mitigare,
774 328 1056 378 rempublicam
1074 329 1364 376 administrare,
1392 333 1606 370 transferre

353 385 391 421 in
407 394 472 422 res
492 385 729 423 domesticas
749 395 909 432 operam
931 393 1047 432 quam
1067 384 1390 432 circumspicere,
1417 386 1510 433 quid
1535 387 1602 424 ali-

353 439 415 477 cui
443 439 573 477 facere
592 438 726 488 possis
745 439 854 485 mali,
885 437 992 486 quod
1017 442 1085 476 aut
1102 438 1276 485 dignitati
1297 438 1382 477 elus
1401 443 1467 477 aut
1486 441 1604 488 patri-

352 493 483 532 monio
504 498 571 532 aut
590 494 744 543 corpori
767 494 907 531 volnus
927 491 1102 540 infligas,
1124 497 1211 530 cum
1231 491 1271 530 id
1290 492 1359 531 tibi
1379 494 1604 542 contingere

352 548 436 586 sine
455 549 664 586 certamIne
682 559 728 586 ac
748 547 921 596 periculo
940 557 1018 584 non
1040 547 1187 594 possit,
1219 547 1371 586 etiamsi
1399 558 1486 586 cum
1506 549 1602 587 infe—

313 601 453 640 3r10re
482 613 708 642 concurses.
743 603 927 640 Vinctum
952 602 1042 640 licet
1069 600 1241 649 accipias
1270 607 1308 640 et
1325 603 1374 641 ad
1403 603 1602 642 arbitrium

350 662 457 695 tuum
485 658 588 696 omni
616 657 825 706 patientiae
853 656 1097 704 expositum:
1133 666 1254 705 saepe
1281 657 1398 695 nimia
1425 658 1484 695 vis
1514 668 1601 696 cae-

349 711 475 750 dentis
504 716 570 750 aut
595 713 795 750 articulum
825 711 914 750 loco
942 711 1062 749 movit
1087 714 1154 749 aut
1181 722 1342 749 nervum
1361 711 1398 750 in
1417 711 1478 750 his
1499 723 1600 760 quos

348 766 517 813 fregerat
536 766 718 805 dentibus
738 766 834 804 fixit.
872 767 1016 804 multos
1036 765 1238 804 iracundia
1256 776 1438 813 mancos,
1456 769 1600 805 multos

347 820 497 859 debiles
526 821 634 868 fecit,
669 821 784 858 etiam
812 819 879 858 ubi
900 820 1108 868 patientem
1133 825 1275 872 nancta
1302 825 1363 859 est
1387 821 1598 860 materiam.

346 874 458 912 adice
485 886 607 922 nunc,
636 876 743 923 quod
770 875 864 912 nihil
891 880 970 913 tam
996 874 1329 914 inbecillenatum
1349 879 1428 923 est,
1453 880 1496 914 ut
1515 876 1600 914 sine

346 928 525 968 elidentis
559 930 734 978 periculo
766 934 911 978 pereat.
954 929 1160 968 inbecillos
1186 926 1188 931 ²
1221 929 1472 983 alentiggsimis
1501 931 1598 969 alias

309 986 331 1020 4
346 983 469 1030 dolor,
491 985 587 1023 alias
609 995 726 1022 casus
747 990 954 1032 exaequat.
982 984 1093 1031 Quid,
1113 994 1191 1032 quo
1230 1013 1241 1026 ,
1268 986 1431 1033 leraque
1450 995 1598 1033 eorum,

343 1043 505 1086 propter
532 1049 633 1087 quae
652 1038 877 1086 irascimur,
910 1038 1116 1077 offendunt
1135 1049 1208 1077 nos
1230 1040 1354 1087 magis
1381 1051 1499 1087 quam
1519 1041 1597 1078 lae-

344 1093 467 1132 dunt?
505 1095 666 1132 multum
698 1097 826 1131 autem
859 1094 1039 1139 interest,
1072 1097 1200 1132 utrum
1233 1093 1375 1141 aliquis
1408 1095 1597 1133 voluntati

343 1157 454 1186 meae
474 1148 603 1186 obstet
621 1158 670 1185 an
691 1148 810 1193 desit,
839 1147 977 1196 eripiat
995 1158 1045 1185 an
1066 1158 1145 1186 non
1166 1148 1244 1186 det.
1282 1148 1388 1196 atqui
1401 1148 1447 1195 ¹in
1468 1159 1596 1197 aequo

343 1202 545 1250 ponimus,
584 1207 709 1241 utrum
737 1202 879 1250 aliquis
905 1203 1056 1240 auferat
1081 1213 1131 1240 an
1157 1206 1292 1250 neget,
1328 1208 1455 1242 utrum
1484 1214 1597 1251 spem

343 1261 517 1295 nostram
535 1257 737 1305 praecidat
754 1267 802 1294 an
827 1256 992 1303 differat,
1014 1261 1141 1295 utrum
1161 1262 1296 1295 contra
1315 1268 1389 1296 nos
1409 1258 1526 1309 faciat
1545 1269 1594 1298 an

304 1316 325 1350 5
342 1322 414 1359 pro
437 1321 501 1359 se,
529 1322 662 1350 amore
684 1311 843 1350 alterius
863 1322 912 1349 an
933 1312 1024 1350 odio
1045 1310 1181 1350 nostri.
1220 1311 1381 1359 Quidam
1404 1322 1496 1356 uero
1517 1324 1595 1351 non

340 1371 489 1404 tantum
511 1365 634 1404 iustas
654 1376 796 1404 causas
817 1366 946 1404 standi
966 1372 1102 1404 contra
1120 1377 1214 1413 nos,
1248 1366 1320 1404 sed
1339 1357 1453 1415 etiarb
1472 1367 1594 1406 hone-

341 1426 422 1459 stas
456 1420 619 1459 habent:
655 1421 753 1459 alius
786 1425 935 1468 patrem
969 1425 1116 1468 tuetur,
1151 1421 1250 1459 alius
1284 1420 1460 1469 fratrem,
1492 1421 1593 1461 alius

339 1475 524 1523 patriam,
558 1476 658 1514 alius
690 1475 870 1513 amicum.
915 1475 976 1513 his
1008 1480 1136 1514 tamen
1167 1486 1245 1513 non
1279 1476 1521 1523 ignoscimus
1553 1477 1594 1515 id

339 1530 590 1576 facientibus,
633 1530 741 1578 quod
772 1530 848 1568 nisi
880 1530 1071 1578 facerent,
1105 1530 1425 1578 inprobaremus,
1462 1531 1592 1578 immo,

339 1584 448 1633 quod
474 1589 534 1623 est
560 1584 807 1631 incredibile,
841 1595 963 1632 saepe
992 1585 1042 1623 de
1069 1586 1171 1623 sacto
1190 1584 1292 1622 bene
1311 1585 1591 1634 existimamus,

301 1646 322 1680 6
338 1639 387 1678 de
414 1639 580 1678 faciente
606 1640 719 1678 male.
761 1640 814 1678 At
839 1639 1082 1678 mehercules
1112 1640 1172 1677 vir
1199 1650 1365 1687 magnus
1391 1650 1437 1677 ac
1462 1641 1590 1679 iustus

337 1694 591 1733 fortissimum
626 1704 822 1743 quemque
849 1704 899 1731 ex
926 1693 1106 1732 hostibus
1135 1694 1218 1733 suis
1247 1699 1285 1732 et
1312 1705 1382 1742 pro
1412 1695 1590 1733 libertate

337 1759 384 1787 ac
411 1749 536 1787 salute
561 1749 710 1797 patriae
737 1749 1091 1797 pertinacissimum
1119 1748 1284 1798 suspicit
1307 1753 1345 1787 et
1372 1749 1487 1787 talem
1514 1749 1589 1787 sibi

337 1804 472 1850 civem,
492 1804 607 1842 talem
625 1803 782 1842 militem
803 1804 1028 1852 contingere
1049 1808 1168 1852 optat.

302 1868 320 1899 1
415 1858 550 1896 XXIX.
577 1860 708 1906 Turpe
735 1863 796 1896 est
825 1858 961 1896 odisse
983 1869 1099 1907 quem
1127 1857 1284 1897 laudes:
1316 1862 1461 1906 quanto
1489 1868 1586 1896 vero

335 1913 487 1961 turpius
507 1913 558 1952 ob
577 1913 618 1951 id
637 1914 806 1961 aliquem
826 1913 980 1959 odisse,
1010 1917 1170 1961 propter
1192 1912 1297 1960 quod
1313 1912 1588 1951 misericordia

336 1968 477 2015 dignus
505 1972 591 2006 est?
632 1967 665 2005 si
690 1967 869 2016 captivus
895 1967 935 2005 in
964 1968 1190 2006 servitutem
1217 1965 1346 2005 subito
1368 1967 1585 2015 depressus

334 2015 518 2069 reliquias
537 2022 723 2061 libertatis
741 2027 847 2061 tenet
865 2032 938 2060 nec
958 2022 1008 2060 ad
1023 2021 1184 2061 sordida
1199 2030 1246 2058 ac
1260 2021 1460 2060 laboriosa
1475 2021 1583 2059 mini-

335 2076 454 2114 steria
473 2077 584 2124 agilis
605 2077 791 2124 occurrit,
819 2077 852 2115 si
872 2087 923 2115 ex
942 2076 1021 2115 otio
1042 2076 1152 2124 piger
1170 2085 1314 2123 equum
1344 2075 1583 2114 vehiculum-

335 2140 413 2178 que
440 2131 585 2169 domini
612 2142 730 2170 cursu
755 2142 834 2169 non
862 2135 1073 2179 exaequat,
1102 2130 1135 2167 si
1161 2128 1261 2168 inter
1281 2129 1477 2168 cotidiana
1495 2140 1582 2178 per-

331 2185 464 2232 vigilia
495 2186 643 2224 fessum
677 2197 840 2224 somnus
875 2185 1090 2234 oppressit,
1125 2184 1158 2222 si
1189 2184 1378 2222 rusticum
1408 2184 1582 2222 laborem

331 2244 488 2277 recusat
505 2244 571 2277 aut
588 2251 666 2278 non
687 2241 835 2279 fortiter
855 2240 949 2279 obiit
974 2250 998 2277 a
1015 2238 1200 2278 servitute
1219 2239 1370 2277 urbana
1388 2243 1426 2277 et
1443 2238 1581 2277 seriata

296 2295 540 2334 2translatus
561 2294 611 2332 ad
631 2295 769 2335 durum
799 2306 921 2344 opus:
951 2294 1255 2342 distinguamus,
1283 2299 1410 2333 utrum
1437 2293 1579 2341 aliquis
