1624 2626
327 186 381 227 50
704 186 748 224 L.
773 185 963 225 ANNAEI
988 184 1213 224 SENECAE

326 287 365 324 Is
384 295 473 324 cum
490 284 611 323 iratus
631 284 721 322 duci
747 282 933 323 iussisset
957 293 1066 329 eum,
1096 283 1161 332 qui
1189 293 1240 321 ex
1260 288 1477 322 commeatu
1504 284 1590 322 sine

329 339 590 379 commilitone
608 339 796 385 redierat,
827 337 940 385 quasi
965 337 1227 376 interfecisset
1248 348 1364 386 quem
1382 349 1459 376 non
1481 338 1590 376 exhi-

325 394 465 442 bebat,
488 394 643 442 roganti
661 398 817 441 tempus
837 392 999 440 aliquod
1020 392 1071 430 ad
1093 391 1404 440 conquirendum
1423 403 1502 431 non
1523 393 1590 430 de-

327 450 394 487 dit.
423 449 630 487 damnatus
649 454 760 486 extra
775 447 918 485 vallum
937 447 1153 494 productus
1174 450 1235 484 est
1254 450 1292 484 et
1305 445 1382 484 iam
1397 446 1592 485 cervicem

326 503 565 551 porrigebat,
586 513 673 540 cum
689 502 818 541 subito
838 501 1019 548 adparuit
1038 502 1101 538 ille
1121 500 1328 539 commilito
1351 500 1416 547 qui
1433 501 1591 539 occisus

290 557 545 597 4videbatur.
582 559 689 595 Tunc
717 557 893 594 centurio
922 555 1118 603 supplicio
1146 555 1399 603 praepositus
1419 555 1593 593 condere

327 612 499 660 gladium
527 613 816 659 speculatorem
841 610 968 656 iubet,
997 610 1220 647 damnatum
1247 609 1297 647 ad
1321 609 1504 647 Pisonem
1529 619 1591 647 re-

328 667 436 705 ducit
460 667 684 704 redditurus
711 665 844 704 Pisoni
869 665 1150 702 innocentiamz
1183 674 1273 701 nam
1301 663 1408 701 militi
1436 665 1593 702 fortuna

326 721 564 759 reddiderat.
606 721 751 767 ingenti
780 729 978 758 concursu
1003 719 1251 756 deducuntur
1279 718 1462 765 conplexi
1494 719 1594 756 alter

328 776 489 812 alterum
511 785 597 812 cum
616 784 758 821 magno
779 773 923 821 gaudio
939 777 1156 811 castrorum
1173 773 1468 811 commilitones.
1498 776 1592 811 con-

328 828 482 867 scendit
498 829 663 866 tribunal
678 829 811 866 furens
822 828 913 866 Piso
930 838 977 865 ac
991 827 1097 865 iubet
1112 827 1201 865 duci
1216 832 1436 874 utrumque,
1449 832 1487 865 et
1502 837 1593 865 eum

291 894 311 925 5
326 883 481 921 militem
505 883 570 930 qui
592 893 669 920 non
696 882 895 921 occiderat
919 887 957 920 et
976 892 1063 920 eum
1085 883 1152 930 qui
1171 892 1249 920 non
1270 882 1450 929 perierat.
1492 880 1593 928 Quid

328 937 402 975 hoc
422 937 648 984 indignius?
674 937 766 985 quia
784 948 887 975 unus
908 937 1099 975 innocens
1119 936 1374 984 adparuerat,
1404 936 1481 973 duo
1503 944 1592 983 per-

326 992 447 1029 ibant.
487 991 578 1030 Piso
607 991 751 1029 adiecit
778 995 816 1029 et
842 991 1008 1029 tertium.
1046 1002 1135 1029 nam
1162 991 1292 1038 ipsum
1313 990 1592 1035 centurionem,

327 1046 395 1094 qui
422 1047 647 1084 damnatum
674 1045 904 1092 reduxerat,
932 1045 1021 1083 duci
1047 1045 1173 1084 iussit.
1210 1045 1407 1083 constituti
1435 1049 1526 1082 sunt
1552 1044 1592 1081 in

290 1110 311 1144 6
327 1100 464 1138 eodem
483 1101 547 1138 illo
564 1101 651 1138 loco
668 1099 827 1147 perituri
843 1104 923 1137 tres
940 1100 989 1138 ob
1005 1101 1121 1138 unius
1137 1098 1411 1138 innocentiam.
1432 1099 1460 1136 Ο
1474 1109 1592 1146 quam

328 1155 469 1193 sollers
490 1160 551 1193 est
569 1155 772 1192 iracundia
790 1154 840 1192 ad
860 1154 1064 1201 fingendas
1087 1165 1230 1193 causas
1247 1154 1407 1192 furoris!
1428 1154 1518 1201 ‚,Te‚
1535 1152 1592 1190 in-

329 1209 423 1256 quit,
442 1209 533 1247 duci
554 1209 683 1255 iubeo,
705 1209 798 1256 quia
816 1208 1021 1246 damnatus
1036 1219 1093 1246 es.
1120 1214 1169 1256 te,
1191 1208 1281 1257 quia
1296 1218 1418 1246 causa
1433 1208 1592 1245 damna-

329 1263 446 1302 tionis
467 1264 719 1302 commilitoni
738 1263 858 1301 fuisti.
886 1267 936 1309 te,
958 1263 1050 1310 quia
1067 1263 1203 1301 iussus
1225 1263 1407 1300 occidere
1425 1263 1592 1310 impera-

329 1319 403 1357 tori
419 1329 498 1357 non
513 1318 690 1367 paruisti.
695 1321 719 1339 “
737 1317 984 1365 Excogitavit
1003 1318 1331 1365 quemadmodum
1347 1317 1420 1354 tria
1435 1316 1595 1355 crimina

331 1374 496 1419 faceret
518 1374 611 1421 quia
632 1373 779 1410 nullum
798 1372 1011 1409 invenerat.

296 1437 314 1468 1
409 1427 511 1465 XIX.
547 1427 693 1474 Habet,
723 1427 901 1474 inquam,
928 1425 1129 1464 iracundia
1155 1426 1232 1464 hoc
1259 1425 1370 1463 mali:
1405 1435 1484 1462 non
1511 1424 1595 1462 vult

329 1481 426 1530 regi.
469 1482 649 1520 irascitur
676 1480 830 1519 veritati
857 1480 958 1528 ipsi,
988 1481 1023 1518 si
1053 1485 1188 1518 contra
1217 1482 1453 1527 voluptatem
1482 1489 1594 1516 suam

331 1536 524 1584 adparuit.
552 1547 639 1574 cum
656 1537 826 1575 clamore
845 1539 883 1572 et
902 1536 1067 1573 tumultu
1086 1540 1123 1572 et
1140 1535 1257 1573 totius
1272 1534 1454 1581 *corporis
1475 1532 1593 1571 iacta-

330 1591 436 1628 t10ne
457 1602 558 1639 quos
579 1591 807 1636 destinavit,
836 1590 1054 1637 insequitur
1081 1589 1242 1627 adiectiS
1264 1588 1454 1628 conviciis
1474 1588 1593 1627 male-

294 1654 316 1687 2
332 1646 539 1694 dictisque.
567 1645 652 1684 Hoc
673 1655 750 1682 non
771 1645 863 1682 facit
880 1645 997 1682 ratio:
1027 1643 1099 1681 sed
1119 1643 1153 1680 si
1169 1644 1222 1681 ita
1242 1654 1343 1691 opus
1367 1647 1446 1689 cst,
1471 1642 1593 1683 silens

333 1700 544 1748 quietaque
571 1703 673 1737 totas
694 1700 834 1738 domus
854 1698 1028 1736 funditus
1049 1698 1148 1736 tollit
1165 1703 1203 1736 et
1221 1698 1386 1735 familias
1405 1695 1592 1757 reipubli-

332 1765 402 1792 cae
423 1755 653 1803 pestilentes
669 1765 756 1792 cum
772 1753 1003 1800 coniugibus
1021 1762 1067 1791 ac
1080 1752 1213 1790 liberis
1229 1752 1366 1800 perdit,
1386 1744 1513 1790 tecta
1505 1761 1594 1797 ipsa

332 1809 450 1848 diruit
476 1813 515 1848 et
542 1810 628 1848 solo
649 1813 845 1856 exaequat
864 1813 902 1845 et
919 1807 1075 1844 inimica
1093 1807 1257 1844 libertati
1277 1806 1434 1844 nomina
1453 1805 1592 1845 exstir-

332 1868 416 1910 pat:
437 1864 514 1902 hoc
533 1875 612 1902 non
633 1862 818 1901 frendens
839 1872 912 1900 nec
933 1866 1056 1909 caput
1072 1871 1266 1909 quassans
1287 1870 1361 1898 nec
1382 1857 1593 1908 qulcquam

332 1918 562 1958 indecorum
579 1918 698 1956 iudici
718 1918 878 1964 faciens,
899 1917 1009 1954 cuius
1029 1921 1109 1954 tum
1124 1914 1290 1953 maxime
1307 1915 1593 1962 placidusesse

297 1972 451 2011 3debet
477 1977 515 2010 et
542 1974 581 2011 in
609 1977 714 2010 statu
739 1972 890 2018 voltus,
927 1982 1015 2009 cum
1044 1979 1184 2017 magna
1211 1970 1450 2017 pronuntiat.
1493 1967 1598 2014 Quid

333 2036 428 2074 opus
445 2032 519 2074 est,
546 2026 671 2075 inquit
688 2027 974 2076 Hieronymus,
1002 2036 1086 2064 eum
1114 2026 1203 2062 velis
1229 2025 1392 2062 caedere
1416 2025 1591 2071 aliquem,

334 2085 400 2118 tua
414 2084 527 2128 prius
543 2083 656 2120 labra
674 2079 878 2120 mordere?
898 2080 1016 2127 Quid,
1036 2078 1070 2117 si
1088 2078 1152 2116 ille
1167 2078 1333 2116 vidisset
1347 2078 1592 2116 desilientem

336 2135 395 2172 de*
415 2135 593 2173 tribunali
621 2137 898 2184 proconsulem
925 2139 963 2173 et
988 2135 1117 2172 fasces
1143 2130 1268 2171 lictori
1295 2134 1534 2170 auferentem
1553 2135 1593 2170 et

336 2191 731 2239 suametyestimenta
750 2191 1012 2235 scindentem,
1033 2187 1125 2235 quia
1142 2186 1291 2225 tardius
1313 2187 1594 2225 scindebantur

298 2246 320 2280 4
334 2243 488 2281 aliena-‘3
515 2244 615 2291 Quid
636 2256 737 2293 opus
757 2249 818 2283 est
836 2253 1008 2282 mensam
1029 2245 1231 2280 evertere?
1250 2240 1344 2289 quid
1366 2242 1508 2289 pocula
1524 2240 1592 2279 ad-

339 2297 502 2346 fligere?
536 2299 630 2347 quid
658 2310 702 2338 se
737 2299 779 2346 in
812 2300 1013 2338 columnas
1039 2296 1272 2345 inpingere?
1303 2296 1397 2344 quid
1425 2295 1590 2344 capillos
