1592 2580
337 133 405 174 DE
431 128 711 174 BENEFICIIS
738 132 834 174 LIB.
849 133 918 174 VI.
940 138 1121 177 36—40.
1280 132 1363 180 131

87 235 355 288 negotiatione
374 240 488 285 sunt,
517 235 699 276 damnes.
734 245 876 276 omnes
895 235 1002 275 enim
1019 235 1126 276 idem
1144 235 1302 284 volunt,
1320 234 1364 276 id

85 299 150 334 est
168 293 270 332 intra
289 302 335 332 se
354 297 512 342 optant:
541 303 727 342 magnam
745 290 952 332 hominum
969 296 1124 341 partem
1141 291 1362 332 damnabis.

85 349 151 389 cui
166 349 270 388 enim
283 358 365 388 non
380 358 432 386 ex
449 347 579 387 alieno
595 348 851 388 incommodo
865 348 1020 388 lucrum
1029 352 1049 387 ‘3
1085 347 1203 387 Miles
1216 347 1364 388 bellum
1377 357 1401 394 3

84 408 216 455 optat,
244 403 280 443 si
305 404 488 453 gloriam.
521 404 738 452 agricolam
757 413 942 444 annonae
961 403 1106 443 caritas
1126 403 1252 452 erigit.
1282 404 1364 459 elo·

84 459 272 510 quentiae
298 460 469 510 pretium
496 464 683 509 exceptat
708 459 832 499 litium
850 469 1053 499 numerus.
1087 459 1255 499 medicis
1275 470 1364 508 gra-

81 516 145 556 vis
173 526 304 556 annus
331 516 372 554 in
401 520 614 565 quaestum
642 519 716 555 est.
762 515 964 555 institores
984 515 1243 555 delicatarum
1260 526 1363 555 mer-

82 572 188 611 cium
202 571 388 611 iuventus
406 577 595 621 corrupta
609 572 839 621 locupletat.
861 571 971 611 nulla
983 575 1232 620 tempestate,
1252 571 1362 612 nullo

80 627 175 676 igne
193 627 403 666 laedantur
420 632 543 666 tecta:
573 627 719 668 iacebit
738 637 863 677 opera
881 627 1046 666 fabrilis.
1083 627 1210 667 Unius
1226 632 1362 666 votum
1378 635 1401 669 4

81 683 379 733 deprehensum
408 687 487 731 est,
518 683 695 723 omnium
723 683 852 722 simile
877 686 958 722 est:
989 693 1039 722 an
1066 686 1110 722 tu
1130 683 1363 723 Arruntium

82 743 122 778 et
139 738 345 778 Haterium
364 743 404 778 et
423 743 603 788 ceteros,
633 739 703 788 qui
724 738 1014 789 captandorum
1035 740 1361 778 testamentorum

83 799 207 833 artem
234 794 409 844 professi
439 798 549 843 sunt,
577 805 659 834 non
687 799 806 844 putas
835 794 977 834 eadem
998 794 1150 833 habere
1171 805 1274 844 quae
1294 795 1363 833 de-

83 850 310 899 signatores
337 855 378 890 et
395 849 631 890 libitinarios
650 855 774 890 vota?
807 850 864 889 illi
882 855 1035 899 tamen,
1067 861 1238 899 quorum
1257 861 1362 890 mor·

80 911 144 945 tes
171 910 326 955 optent,
364 906 568 955 nesciunt,
604 906 646 945 hi
677 905 1027 945 familiarissimum
1054 916 1275 955 quemque,
1310 915 1363 945 ex

83 972 164 1010 quo
191 966 357 1011 propter
383 961 593 1001 amicitiam
619 963 706 1012 spei
726 962 939 1011 plurimum
958 966 1038 1009 est,
1066 961 1167 1001 mori
1187 960 1362 1010 cupiunt.

80 1016 243 1057 Illorum
263 1018 409 1057 damno
429 1027 547 1071 nemo
567 1017 683 1066 vivit,
712 1017 789 1057 hos
810 1016 996 1067 quisquis
1015 1016 1149 1057 differt
1167 1017 1361 1057 exhaurit.

81 1078 222 1122 optant
240 1083 337 1122 ergo
356 1083 436 1111 non
456 1078 607 1112 tantum
626 1078 669 1112 ut
687 1073 896 1122 accipiant,
917 1073 1028 1122 quod
1047 1073 1153 1121 turpi
1172 1073 1363 1112 servitute

79 1133 330 1175 meruerunt,
359 1129 433 1167 sed
451 1129 568 1167 etiam
587 1132 631 1167 ut
648 1128 794 1168 tributo
809 1129 922 1177 gravi
936 1128 1166 1167 liberentur.
1199 1128 1286 1168 Non
1302 1133 1363 1168 est
1378 1141 1399 1173 5

80 1184 216 1234 itaque
232 1183 396 1223 dubium
412 1184 506 1234 quin
527 1184 568 1222 hi
587 1183 728 1233 magis,
751 1184 860 1234 quod
881 1184 1110 1223 damnatum
1128 1188 1191 1223 est
1208 1184 1249 1223 in
1266 1195 1360 1232 uno,

80 1244 237 1289 optent,
267 1239 414 1289 quibus
434 1240 619 1289 quisquis
637 1245 765 1280 morte
783 1240 1017 1290 profuturus
1034 1245 1114 1288 est,
1134 1241 1216 1279 vita
1230 1246 1361 1280 nocet.

81 1293 256 1335 omnium
274 1301 406 1335 tamen
421 1295 588 1335 istorum
603 1300 682 1334 tam
698 1301 794 1335 nota
808 1300 903 1335 sunt
919 1301 1012 1335 vota
1027 1307 1146 1344 quam
1169 1295 1362 1344 inpunita.

55 1371 59 1375 ·
80 1351 264 1400 Denique
291 1361 339 1390 se
363 1351 537 1400 quisque
557 1352 742 1390 consulat
760 1356 799 1391 et
824 1352 864 1390 in
884 1355 1082 1390 secretum
1103 1351 1279 1400 pectoris
1299 1351 1361 1390 sui

79 1406 221 1446 redeat
247 1411 288 1446 et
318 1406 523 1455 inspiciat,
555 1407 652 1456 quid
677 1407 822 1446 tacitus
849 1406 1067 1456 optaverit=
1098 1417 1216 1455 quam
1240 1407 1363 1446 multu

69 1465 176 1500 “sunt
199 1465 315 1510 vota,
354 1472 458 1512 quae
486 1462 602 1501 etiam
630 1461 708 1501 sibi
736 1462 848 1502 fateri
880 1462 1024 1512 pudet!
1065 1472 1185 1511 quam
1217 1472 1359 1511 pauca,

83 1527 187 1566 quae
207 1517 340 1555 facere
360 1527 495 1556 coram
513 1522 616 1556 teste
635 1518 860 1566 possimus!

164 1571 337 1611 XXXIX.
378 1572 460 1611 Sed
488 1583 569 1612 non
599 1572 791 1623 quicquid
817 1572 1213 1622 reprehendendum,
1244 1571 1361 1612 etiam
1378 1587 1394 1620 1

83 1627 354 1677 damnandum
380 1634 460 1667 est:
496 1628 599 1668 sicut
626 1629 703 1668 hoc
722 1632 859 1668 votum
879 1628 1015 1676 amici,
1047 1629 1156 1678 quod
1177 1629 1216 1667 in
1236 1629 1364 1668 mani·

81 1682 159 1723 bus
180 1687 262 1731 est,
289 1684 394 1722 male
410 1683 556 1723 utentis
576 1683 684 1723 bona
700 1684 907 1724 voluntate
925 1689 964 1723 et
985 1684 1026 1723 in
1044 1684 1086 1723 id
1105 1683 1243 1724 vitium
1261 1683 1360 1723 inci-

82 1739 232 1786 dentis,
271 1739 383 1788 quod
409 1740 540 1778 evitat.
577 1750 669 1779 nam
697 1740 791 1779 dum
818 1746 973 1788 gratum
1002 1740 1174 1779 animum
1201 1740 1362 1779 festinat

82 1795 319 1843 ostendere,
340 1795 520 1843 ingratus
541 1799 616 1834 est.
660 1795 793 1843 „Hoc,
815 1796 887 1844 ait,
913 1796 954 1834 in
973 1800 1212 1845 potestatem
1231 1805 1359 1835 meam
1374 1809 1397 1842 2

78 1850 254 1890 recidat:
291 1851 456 1899 gratiam
483 1861 613 1889 meam
641 1851 861 1898 desideret,
900 1851 988 1890 sine
1012 1861 1076 1890 me
1096 1852 1254 1898 salvus,
1287 1852 1355 1891 ho-

81 1911 243 1955 nestus,
270 1911 379 1945 tutus
411 1916 505 1945 esse
530 1917 611 1944 non
641 1906 783 1955 possit.
819 1912 899 1945 tam
917 1907 1040 1945 miser
1057 1907 1126 1953 sit,
1157 1912 1201 1946 ut
1218 1907 1273 1945 illi
1291 1907 1360 1946 be-

79 1962 214 2000 neficii
233 1962 325 2002 loco
348 1962 399 2000 sit
415 1962 607 2011 quicquid
625 1962 844 2001 redditur.“
869 1962 978 2001 Haec
998 1962 1060 2001 dis
1081 1962 1357 2004 audientibus:

82 2016 422 2065 „circumveniant
441 2017 550 2056 illum
572 2017 817 2056 domesticae
835 2017 1023 2064 insidiae,
1050 2028 1150 2066 quas
1167 2027 1242 2067 ego
1260 2029 1356 2067 pos-

83 2072 157 2111 sim
187 2074 298 2112 solus
327 2074 567 2121 opprimere.
609 2073 730 2112 instet
754 2077 898 2121 potens
930 2072 1115 2112 inimicus
1143 2078 1182 2112 et
1209 2075 1355 2122 gravis,

70 2128 227 2167 *infesta
253 2129 369 2167 turba
396 2138 471 2166 nec
490 2128 674 2176 inermis,
701 2127 874 2167 creditor
892 2133 1030 2176 urgeat
1048 2133 1087 2167 et
1105 2134 1355 2170 accusator.“

163 2183 242 2222 XL.
274 2184 379 2223 Vide
401 2194 520 2233 quam
549 2182 606 2222 sis
631 2194 806 2232 aequus:
836 2183 978 2222 horum
998 2188 1160 2232 optares
1179 2185 1292 2234 nihil,
1320 2187 1354 2225 si
1371 2194 1389 2228 1

82 2238 151 2277 tibi
175 2239 416 2278 beneficium
436 2250 515 2279 non
536 2239 728 2278 dedisset.
774 2239 826 2278 Ut
844 2238 921 2277 alia
939 2244 1112 2287 taceam,
1143 2251 1246 2289 quae
1263 2252 1352 2291 gra-

84 2292 196 2333 v10ra
214 2294 424 2335 committis
444 2295 623 2346 pessima
642 2305 716 2344 pro
733 2294 891 2345 optimis
906 2295 1136 2342 referendo,
1155 2295 1232 2339 hoc
1248 2304 1355 2342 certe

1102 2350 1154 2392 9*
