1592 2580
347 177 533 217 NATUR.
555 177 767 226 QUAEST.
795 178 891 218 LIB.
908 179 936 217 Ι.
966 186 999 220 2.
1015 184 1050 219 3.
1256 178 1335 221 165

55 279 175 320 debet
192 278 296 319 enim
315 288 385 317 aer
404 288 484 316 non
503 282 583 318 tam
605 279 766 328 spissus
785 290 898 326 esse,
920 285 962 320 ut
977 280 1166 321 excludat
1180 291 1227 320 ac
1243 281 1335 321 sub—

4 334 6 336 ’
56 340 216 375 moveat
234 345 259 374 a
281 344 327 373 se
345 335 476 373 lumen
495 334 730 384 inmissum,
755 346 831 377 nec
850 340 928 377 tam
949 336 1080 375 tenuis
1099 347 1147 376 ac
1168 338 1337 385 solutus,

57 397 100 432 ut
125 391 285 433 nullam,
300 388 553 429 venientibus
580 389 706 430 radiis
736 401 888 431 moram
912 392 1116 440 praebeat.
1145 393 1246 432 haec
1265 404 1342 432 no-.

4 467 5 470 =
57 446 185 497 ctibus
213 450 482 494 temperatura
511 445 721 496 contingit,
761 457 850 486 cum
878 447 1013 488 sidera
1041 446 1340 488 circumiectum

58 505 152 542 aera
173 502 261 541 luce
281 500 359 540 levi
382 511 461 539 non
484 502 719 551 pugnaciter
738 513 813 541 nec
833 513 980 551 aspere
1003 503 1149 543 feriunt
1167 504 1339 553 spissio-

0 601 3 608 ι
56 567 242 607 remque,
274 567 395 606 quam
414 558 517 596 solet
535 567 630 597 esse
647 557 838 606 interdiu,
868 558 1059 601 inficiunt.

0 644 3 650 .
138 613 205 652 111.
234 613 287 652 At
303 616 442 652 contra
461 622 610 652 arcus
633 618 751 653 nocte
766 624 846 653 non
862 613 907 653 fit
921 619 988 654 aut
1003 615 1217 655 admodum
1234 626 1338 663 raro,
1358 628 1376 662 l

0 673 3 698 1'
57 670 152 720 quia
176 669 272 708 luna
291 679 370 708 non
390 667 510 707 habet
529 673 678 708 tantum
699 668 863 717 virium,
891 674 935 709 ut
955 670 1084 709 nubes
1105 676 1284 710 transeat
1301 677 1342 710 et

57 725 135 765 illis
162 725 338 764 colorem
364 724 601 771 subsundat,
641 725 800 774 qualem
829 724 1031 774 accipiunt
1059 726 1147 767 sole
1176 726 1340 776 perstri-

58 787 158 821 ctae.
193 779 253 819 sie
286 779 392 818 enim
428 780 595 819 formam
624 790 743 819 arcus
770 780 989 820 discoloris
1013 781 1213 830 efficiunt,
1247 782 1342 832 quia

58 837 160 877 aliae
179 840 315 885 partes
335 835 373 874 in
395 835 568 874 nubibus
589 835 824 876 tumidiores
845 841 956 881 sunt,
987 837 1090 877 aliae
1104 836 1342 880 submissio-

57 903 124 932 res
145 896 186 932 et
212 891 409 940 quaedam
433 891 678 940 crassiores,
709 902 830 941 quam
849 896 893 931 ut
919 893 1047 935 solem
1065 893 1342 941 transmittant,

59 949 160 988 aliae
181 947 471 994 inbecilliores,
499 958 619 997 quam
638 953 681 987 ut
696 947 925 987 excludant.
952 947 1055 987 haee
1074 948 1343 997 inaequalitas

59 1003 221 1043 alternis
238 1003 386 1042 *lucem
421 1002 683 1053 umbramque
713 1003 929 1052 permiscet
955 1008 996 1043 et
1021 1005 1208 1053 exprimit
1235 1004 1342 1044 illam

58 1058 276 1110 mirabilem
306 1068 424 1098 arcus
459 1059 703 1098 varietatem.
755 1059 893 1097 Altera
927 1070 1050 1098 causa
1082 1071 1202 1099 arcus
1237 1060 1379 1103 eius-2

59 1114 169 1155 modi
196 1113 395 1154 redditur:
430 1113 636 1162 videmUS,
663 1125 752 1153 cum
779 1114 914 1154 fistula
942 1115 1078 1163 aliquo
1106 1116 1197 1155 loco
1225 1121 1343 1165 rupta

60 1175 143 1216 est,
171 1180 316 1218 aquam
338 1179 409 1218 per
427 1173 546 1208 tenue
567 1171 744 1208 foramen
765 1170 877 1217 elidi,
910 1180 1016 1219 quae
1038 1182 1183 1220 sparsa
1203 1176 1344 1210 eontra

60 1227 187 1266 solem
215 1225 377 1274 oblique
405 1226 578 1274 positum
598 1224 740 1264 faciem
761 1235 880 1265 arcus
900 1232 1188 1275 repraesentat.
1231 1227 1343 1266 Idem

58 1280 217 1321 videbis
237 1280 440 1327 accidere,
461 1279 496 1319 si
518 1281 680 1331 quando
702 1281 880 1320 volueris
895 1282 1114 1322 observare
1132 1283 1341 1322 fullonem:

63 1348 151 1378 cum
171 1347 220 1376 os
240 1347 348 1385 aqua
366 1335 533 1386 inplevit
553 1342 592 1376 et
615 1335 851 1376 vestimenta
868 1337 1082 1377 tendiculis
1104 1339 1267 1377 diducta
1288 1340 1342 1377 le-

61 1393 160 1432 viter
187 1390 420 1446 adspergit,
445 1392 614 1442 adparet
642 1392 775 1432 varios
804 1392 869 1431 edi
897 1393 1055 1432 colores
1083 1393 1122 1432 in
1149 1393 1216 1434 illo
1248 1396 1343 1432 aere

62 1449 281 1497 adsperso,
310 1449 452 1497 quales
479 1444 631 1496 fulgere
653 1447 694 1487 in
717 1458 813 1487 arcu
832 1449 975 1488 solent.
1023 1449 1150 1488 Huius
1170 1450 1229 1488 rei
1251 1460 1342 1488 cau·
1357 1455 1380 1491 3

62 1514 147 1543 sam
167 1503 206 1541 in
226 1502 394 1542 humore
413 1513 507 1542 esse
523 1513 573 1541 ne
589 1503 850 1545 dubitaveris.
878 1514 957 1542 non
974 1504 1018 1543 fit
1032 1505 1136 1544 enim
1154 1515 1344 1554 umquam

62 1569 181 1599 arcus
212 1557 288 1598 nisi
321 1558 469 1598 nubilo.
512 1559 586 1598 sed
615 1569 857 1608 quaeramus
893 1560 1229 1609 quemadmodum
1262 1560 1344 1599 fiat.

36 1614 232 1664 ‘Quidam
259 1613 369 1653 aiunt
395 1623 490 1652 esse
517 1614 651 1663 aliqua
676 1614 896 1660 stillicidia,
927 1626 1037 1663 quae.
1060 1616 1185 1655 solem
1215 1622 1342 1655 trans-

62 1671 234 1716 mittant,
265 1668 463 1719 quaedam
491 1670 618 1718 magis
645 1674 804 1717 coacta,
835 1680 954 1722 quam
984 1676 1026 1710 ut
1051 1673 1342 1710 transluceant:

62 1727 198 1780 itaque
225 1725 276 1764 ab
309 1725 385 1764 illis
415 1725 611 1773 fulgorem
644 1725 778 1772 reddi,
817 1724 866 1763 ab
895 1724 958 1768 lus
985 1726 1184 1775 umbram,
1219 1732 1258 1765 et
1284 1728 1344 1766 sic

62 1782 274 1830 utriusque
305 1779 531 1819 intercursu
559 1780 665 1819 effici
692 1790 848 1828 arcum,
885 1781 923 1820 in
948 1793 1028 1831 quo
1060 1793 1155 1831 pars
1182 1783 1345 1831 fulgeat,

66 1847 171 1886 quae
198 1837 324 1876 solem
353 1835 513 1884 recipit,
544 1846 638 1885 pars
658 1832 867 1875 obscurior
886 1837 956 1884 sit,
987 1848 1091 1886 quae
1110 1838 1287 1877 excludit
1306 1843 1346 1876 et

65 1903 116 1932 ex
143 1902 189 1931 se
217 1891 397 1931 umbram
427 1891 621 1940 proximis
649 1891 755 1930 facit.
798 1891 886 1930 Hoc
908 1892 962 1931 ita
981 1903 1074 1932 esse
1096 1893 1256 1941 quidam
1276 1903 1343 1932 ne·
1359 1901 1382 1936 4

65 1953 172 2000 gant.
215 1952 372 1997 poterat
400 1946 504 1986 enim
534 1947 659 1985 videri
689 1957 844 1994 verum,
871 1947 906 1986 si
933 1958 1051 1987 arcus
1072 1949 1176 1988 duos
1196 1954 1346 1988 tantum

65 2003 231 2043 haberet
256 2003 436 2049 colores,
466 2001 502 2040 si
530 2012 580 2041 ex
605 2002 750 2043 lumine
768 2002 988 2051 umbraque
1009 2009 1222 2044 constaret.
1271 2004 1343 2043 sed

66 2069 171 2099 nunc

322 2114 468 2153 diversi
484 2115 634 2152 niteant
648 2124 735 2152 cam
755 2115 858 2154 mille
876 2116 1034 2161 colores,

122 2170 308 2209 transitus
325 2171 408 2219 ipse
427 2174 554 2208 tamen
572 2171 788 2218 spectantia
806 2171 954 2209 lumina
967 2170 1080 2218 fallit
1085 2184 1098 2209 .-

123 2235 241 2274 usque
259 2226 358 2265 adeo
376 2226 481 2274 quod
497 2226 620 2273 tanqit
635 2225 737 2264 idem
755 2228 829 2273 est,
859 2230 986 2264 tamen
1004 2228 1139 2265 ultima
1157 2225 1309 2265 distant.

69 2277 262 2319 Videmus
280 2281 319 2320 in
339 2291 388 2320 eo
408 2279 556 2331 aliquid
578 2279 768 2328 flammei,
792 2280 941 2329 aliquid
958 2281 1070 2329 lutei,
1090 2281 1236 2331 aliquid
1253 2291 1343 2321 cae-

70 2333 170 2373 rulei
189 2340 228 2374 et
249 2336 325 2376 alia
344 2336 382 2376 in
404 2336 582 2385 picturae
599 2335 759 2375 modum
776 2335 984 2376 subtilibus
1002 2336 1115 2377 lineis
1131 2337 1268 2386 ducta,
1288 2343 1342 2385 ut,
