1592 2580
280 164 332 206 70
650 165 692 203 L.
720 165 909 204 ANNAEI
936 166 1163 205 SENECAE

281 275 399 313 quam
426 263 522 302 satis
550 267 689 302 natura
719 264 910 310 cavisset,
948 265 1149 311 quomodo
1179 266 1286 303 nulla
1312 266 1377 303 lex
1405 277 1535 304 amare

281 324 484 366 parentes,
512 317 716 365 indulgere
736 317 870 356 liberis
890 317 1008 358 iubet.
1038 330 1328 381 supervacuum
1345 326 1406 359 est
1420 321 1536 367 enim,

244 379 265 411 2
280 374 317 411 in
340 373 448 421 quod
469 373 590 420 imus,
618 373 764 426 inpelli.
809 372 931 419 Quem
935 373 1147 412 idmodum
1166 385 1281 413 nemo
1304 375 1341 411 in
1362 385 1537 413 amorem

281 427 342 465 sui
362 427 631 466 cohortandus
651 433 730 474 est,
761 438 880 475 quem
900 427 1003 466 adeo
1023 428 1116 467 dum
1137 429 1312 467 nascitur
1331 429 1464 477 trahit,
1485 431 1539 468 ita

280 492 330 518 ne
347 482 398 520 ad
412 481 490 520 hoc
501 482 672 530 quidem,
688 487 731 520 ut
746 482 914 520 honesta
931 492 1002 530 per
1016 493 1062 521 se
1076 488 1202 531 petat:
1225 484 1381 531 placent
1396 489 1538 532 suapte

280 542 419 575 natura
445 536 629 584 adeoque
653 537 828 584 gratiosa
854 538 978 575 virtus
1007 542 1088 584 est,
1116 542 1158 576 ut
1175 538 1332 576 insitum
1353 539 1403 577 sit
1422 539 1538 577 ctiam

282 590 392 628 malis
413 591 584 639 probare
602 591 777 629 meliora.
827 591 921 638 Qu1s
941 592 1083 639 estqui
1099 603 1177 630 non
1194 592 1397 631 beneficus
1412 593 1538 631 videri

280 645 400 684 velit?
437 646 503 693 qui
531 656 610 684 non
638 646 739 683 inter
765 644 977 684 scelera'et
1002 647 1164 685 iniurias
1183 646 1408 694 opinionem
1425 647 1537 686 boni-

281 700 370 739 tatis
397 701 601 739 adfectet?
638 701 703 748 qui
723 712 803 739 non
831 700 931 748 ipsis
950 711 1072 749 quae,
1094 701 1408 749 inpotentissime
1436 702 1538 747 fecit,

281 754 457 803 speciem
477 755 650 803 aliquam
668 755 806 794 induat
823 756 918 794 recti
936 755 1107 804 velitque
1123 756 1237 795 etiam
1254 756 1316 793 his
1333 756 1457 794 videri
1470 757 1537 794 be—

245 814 266 847 3
282 809 465 847 neficium
485 809 670 858 dedisse,
690 821 793 858 quos
817 810 960 848 laesit?
989 811 1142 848 Gratias
1162 812 1294 858 itaque
1314 811 1376 858 agi
1396 810 1471 849 sibi
1490 810 1538 848 ab

282 863 356 909 his,
369 875 470 912 quos
487 864 692 911 adflixere,
705 865 903 912 patiuntur
918 865 1127 914 bonosque
1143 877 1188 903 se
1207 876 1254 903 ac
1270 865 1452 903 liberales
1467 866 1539 903 fin-

281 924 396 966 gunt,
427 919 520 967 quia
547 923 751 966 praestare
778 930 856 958 non
884 924 1067 968 possunt.
1111 920 1221 968 quod
1248 931 1325 958 non
1354 920 1538 966 facerent,

281 973 358 1011 nisi
384 973 474 1012 illos
502 973 659 1012 honesti
685 979 723 1011 et
749 985 820 1022 per
846 984 891 1012 se
918 975 1130 1022 expetendi
1149 985 1260 1013 amor
1279 978 1439 1022 cogeret
1457 985 1538 1012 mo-

280 1028 390 1065 ribus
419 1027 504 1066 suis
532 1028 757 1076 opinionem
786 1029 1020 1066 contrariam
1049 1039 1241 1077 quaerere
1270 1034 1309 1067 et
1328 1029 1540 1077 nequitiam

282 1081 449 1128 abdere,
480 1082 594 1120 cuius
619 1083 770 1120 fructus
791 1084 1104 1131 concupiscitur,
1134 1084 1222 1132 ipsa
1238 1094 1335 1122 vero
1355 1083 1447 1123 odio
1469 1095 1539 1132 pu-

283 1136 451 1184 dorique
469 1142 542 1174 est.
570 1146 643 1174 nec
664 1136 876 1185 quisquam
891 1142 1037 1176 tantum
1055 1148 1079 1175 a
1094 1139 1259 1176 naturali
1274 1139 1362 1186 lege
1377 1139 1542 1177 descivit

245 1195 321 1232 4et
347 1190 544 1228 hominem
571 1191 699 1238 exuit,
731 1196 775 1229 ut
801 1191 919 1229 animi
947 1202 1069 1230 causa
1091 1194 1219 1230 malus
1238 1193 1300 1231 sit.
1346 1193 1418 1232 Dic
1438 1194 1539 1230 enim

284 1244 443 1283 cuilibet
469 1255 520 1283 ex
547 1245 653 1292 istis,
681 1245 749 1293 qui
774 1251 888 1293 rapto
915 1246 1071 1292 vivunt,
1100 1257 1149 1284 an
1178 1247 1228 1285 ad
1247 1247 1331 1294 illa,
1363 1258 1467 1295 quae
1486 1248 1539 1285 la-

282 1300 459 1338 trociniis
477 1304 517 1338 et
535 1299 647 1338 furtis
664 1305 977 1348 consequuntur,
1005 1301 1140 1339 malint
1156 1301 1310 1340 ratione
1326 1301 1433 1340 bona
1451 1312 1538 1350 per·

282 1353 445 1393 venire?
474 1354 625 1402 optabit
640 1355 723 1402 ille,
745 1355 808 1393 cui
823 1356 996 1402 grassari
1013 1360 1052 1393 et
1065 1361 1316 1395 transeuntes
1333 1361 1540 1405 percutere

285 1413 476 1456 quaestus
504 1414 583 1456 est,
620 1409 752 1457 potius
780 1409 845 1447 illa
871 1409 1050 1448 invenire
1078 1421 1195 1458 quam
1219 1411 1391 1459 eripere:
1419 1410 1540 1449 nemi-

284 1473 372 1500 nem
397 1463 594 1511 reperies,
627 1464 695 1512 qui
722 1475 801 1503 non
827 1465 1026 1512 nequitiae
1054 1464 1240 1513 praemiis
1261 1466 1346 1503 sine
1367 1466 1542 1514 nequitia

283 1517 358 1555 srui
374 1518 492 1556 malit.
521 1518 736 1556 Maximum
750 1518 827 1556 hoc
841 1519 1031 1557 habemus
1047 1525 1209 1558 naturae
1225 1520 1416 1568 meritum,
1434 1520 1539 1568 quod

282 1573 406 1610 virtus
433 1572 471 1610 iu
501 1573 673 1611 omnium
699 1574 851 1611 animos
878 1574 1010 1612 lumen
1038 1585 1154 1613 suum
1185 1574 1388 1623 permittit:
1425 1575 1540 1614 etiam

283 1627 350 1674 qui
370 1637 448 1664 non
469 1633 691 1675 sequuntur
708 1628 832 1675 illam,
856 1629 1003 1667 vident.

246 1687 262 1719 1
361 1681 501 1719 XVIII.
538 1683 590 1721 Ut
614 1684 720 1721 scias
748 1693 821 1730 per
847 1694 892 1722 se
912 1684 1175 1731 expetendam
1195 1694 1288 1723 esse
1306 1684 1404 1732 grati
1422 1684 1540 1722 animi

282 1736 565 1783 adfectionem,
600 1747 688 1785 per
724 1748 776 1775 se
812 1738 1048 1786 fugienda
1078 1749 1160 1776 res
1189 1743 1266 1778 est
1293 1739 1539 1786 ingratum

282 1801 420 1837 esse,
449 1793 633 1839 quoniam
662 1792 758 1830 nihil
784 1802 912 1840 aeque
932 1792 1186 1831 concordiam
1205 1793 1363 1831 humani
1378 1793 1539 1840 >generis

282 1846 475 1885 dissociat
493 1857 539 1884 ac
559 1846 740 1885 distrahit
760 1857 876 1894 quam
897 1847 974 1885 hoc
993 1848 1140 1886 vitium.
1170 1858 1259 1885 nam
1281 1858 1360 1895 quo
1376 1847 1451 1885 alio
1472 1847 1540 1886 tuti

283 1911 441 1947 sumus,
471 1912 589 1949 quam
609 1902 717 1949 quod
737 1902 882 1940 mutuis
901 1901 1082 1940 iuvamur
1097 1902 1267 1940 officiis?
1294 1902 1370 1940 hoc
1386 1913 1464 1941 uno
1481 1901 1539 1939 in-

282 1955 466 1994 structior
488 1956 569 1994 vita
588 1961 805 2003 contraque
824 1957 1072 1995 incursiones
1094 1956 1245 1995 subitas
1264 1956 1447 1995 munitior
1465 1961 1538 2002 est,

244 2013 266 2045 2
284 2009 563 2049 beneficiorum
580 2011 830 2049 commercio.
857 2011 936 2049 Fac
952 2022 1027 2050 nos
1042 2012 1239 2059 singulos:
1263 2011 1356 2059 quid
1374 2016 1540 2049 sumus?

286 2065 435 2109 praeda
454 2066 675 2104 animalium
697 2070 735 2103 et
753 2065 934 2103 victimae
953 2076 1000 2105 ac
1019 2066 1256 2104 bellissimus
1277 2071 1314 2104 et
1333 2066 1539 2104 facillimus

286 2119 461 2166 sanguis.
512 2120 703 2167 Quoniam
722 2120 861 2158 ceteris
881 2121 1112 2159 animalibus
1132 2120 1170 2158 in
1189 2120 1347 2158 tutelam
1365 2121 1426 2158 sui
1443 2120 1539 2159 satis

284 2172 425 2211 virium
439 2179 518 2222 est,
535 2186 810 2223 quaecumque
824 2186 928 2223 vaga
943 2175 1206 2213 nascebantur
1220 2179 1259 2212 et
1272 2180 1406 2213 actura
1420 2175 1539 2214 vitam

286 2236 511 2275 segregem,
541 2234 690 2267 armata
715 2235 826 2268 sunt:
863 2229 1060 2268 hominem
1085 2230 1309 2268 inbecillitas
1334 2232 1538 2277 coniunqit.

282 2292 364 2320 -non
393 2283 579 2330 unguium
606 2284 686 2331 w's,
725 2295 804 2324 non
831 2285 1004 2323 dentium
1030 2283 1240 2322 terribilem
1268 2285 1409 2323 ceteris
1429 2285 1535 2323 fecit:
