1592 2580
310 184 494 225 NATUR.
517 182 729 232 QUAEST.
758 183 852 222 LlB.
876 183 943 222 Vl.
973 189 1101 224 2—-5,
1266 181 1347 225 275

67 284 234 325 inveniri
267 284 426 333 dignius
455 289 608 334 potest,
645 285 709 324 cui
744 295 791 325 se
820 295 899 325 non
926 290 1080 325 tantum
1107 286 1346 333 commodet,

68 342 143 381 sed
162 340 365 390 inpendat.

148 397 214 435 IV.
245 395 553 444 Quaeramus
575 405 714 444 ergo,
742 395 865 445 quid
893 395 979 443 sit,
1012 395 1146 446 quod
1165 401 1347 436 terram
1368 406 1387 440 1

64 451 125 492 ab
153 451 329 491 infimo
358 457 576 500 moveat,
608 452 720 501 quod
748 451 843 490 tanti
873 453 1019 491 molem
1048 451 1243 501 ponderis
1263 454 1346 501 pel-

44 508 139 555 am,
166 507 264 557 quid
290 507 342 546 sit
366 507 434 545 illa
460 507 676 555 valentius,
706 506 816 556 quod
841 511 991 546 tantum
1009 518 1115 548 onus
1140 507 1177 546 vi
1198 519 1274 547 sua
1290 509 1347 547 la·

62 562 251 611 befactet‚
281 572 353 601 cur
379 562 500 602 modo
522 567 682 612 tremat,
709 563 832 602 modo
853 563 986 602 laxata
1004 562 1210 612 subsidat,
1239 574 1348 603 nunc

63 617 103 658 in
124 623 260 669 partes
281 617 412 657 divisa
432 618 615 657 discedat
634 624 674 658 et
692 619 792 658 alias
812 618 1064 658 intervallum
1086 619 1226 658 ruinae
1245 630 1348 658 suae

63 674 131 713 diu
152 679 304 721 servet,
333 673 433 712 alias
453 674 531 713 cito
554 675 794 723 conprimat,
823 685 929 714 nunc
948 686 1087 714 amnes
1107 674 1345 723 magnitudi-

62 730 125 768 nis
141 735 260 769 notae
274 734 482 769 convertat
495 730 728 777 introrsum,
746 741 853 769 nunc
867 741 998 770 novos
1013 730 1229 780 exprimat,
1249 742 1346 780 ape·

61 784 139 824 riat
162 785 379 834 aliquando
409 795 603 834 aquarum
634 786 846 825 calentium
866 797 1014 834 venas,
1043 786 1260 836 aliquando
1282 798 1345 826 re-

65 841 247 890 frigeret,
266 840 463 890 ignesque
483 852 782 890 nonnumquam
803 852 876 891 per
895 842 1061 891 aliquod
1076 842 1255 891 ignotum
1274 853 1345 882 an-

61 901 127 935 tea
145 896 289 936 montis
313 902 382 935 aut
400 896 513 946 rupis
533 898 713 936 foramen
732 897 902 946 emittat,
927 898 1144 947 aliquando
1167 903 1286 938 notos
1306 903 1346 937 et

64 963 138 1002 per
165 953 304 991 secula
332 952 488 992 nobiles
517 952 752 1002 conprimat.
795 953 903 992 Mille
920 953 1113 992 miracula
1132 959 1271 993 movet
1288 954 1344 992 l'a-

62 1008 247 1057 ciemque
262 1013 385 1047 mutat
400 1008 500 1047 locis
516 1013 555 1047 et
570 1009 699 1048 defert
714 1014 890 1055 montes,
916 1009 1085 1058 subrigit
1104 1009 1243 1058 plana,
1261 1010 1346 1048 val-

64 1066 124 1104 les
144 1063 375 1110 extuberat,
404 1074 532 1103 novas
552 1064 591 1102 in
614 1065 814 1113 profundo
834 1063 988 1104 insulas
1009 1065 1143 1113 erigit:
1171 1065 1273 1104 haec
1292 1075 1344 1104 ex

62 1119 209 1169 quibus
229 1120 363 1159 causis
384 1119 569 1159 accidant
587 1119 708 1168 digna
727 1131 794 1159 res
815 1121 966 1159 excuti,
999 1149 1023 1168 „
1036 1120 1174 1168 Quod,
1195 1120 1344 1171 inquis,
1363 1125 1386 1159 2

61 1175 136 1214 erit
155 1175 324 1224 pretium
344 1186 493 1224 operae
504 1178 554 1213 ‘3⁴‘
584 1187 664 1224 quo
685 1176 834 1215 nullum
855 1176 986 1215 maius
1006 1181 1089 1224 est,
1124 1187 1251 1215 nosse
1271 1187 1342 1215 na·

60 1234 201 1270 turam.
237 1241 370 1280 neque
389 1231 494 1269 enim
513 1231 727 1280 quicquam
748 1230 870 1270 habet
889 1231 928 1269 in
948 1241 995 1270 se
1011 1231 1130 1270 huius
1151 1233 1344 1271 materiae

58 1287 237 1326 tractatio
258 1286 482 1335 pulchrius,
513 1296 601 1325 cum
625 1287 746 1326 multa
764 1286 912 1325 habeat
930 1287 1061 1326 sutura
1079 1287 1192 1335 usui,
1222 1298 1345 1337 quam

62 1342 172 1392 quod
199 1342 399 1382 hominem
430 1341 724 1391 magnificentia
751 1343 813 1381 sui
839 1342 1007 1390 detinet,
1040 1353 1116 1381 nec
1141 1343 1344 1392 mercede,

61 1398 136 1437 sed
154 1398 344 1437 miraculo
368 1397 522 1436 colitur.
551 1397 817 1447 Inspiciamus
836 1408 954 1447 ergo,
982 1398 1067 1447 quit
1087 1398 1155 1445 sit,
1178 1405 1345 1448 propter

59 1453 171 1502 quod
204 1453 306 1492 haec
339 1453 541 1492 accidant=
576 1464 746 1502 quorum
775 1453 879 1492 adeo
913 1458 976 1493 est
1002 1452 1097 1492 mihi
1125 1454 1256 1493 dulcis
1285 1454 1342 1494 in·

61 1508 235 1558 spectio,
265 1512 307 1547 ut
332 1508 516 1557 quamvis
545 1509 765 1557 aliquando
796 1508 847 1547 de
872 1515 984 1548 motu
1010 1513 1206 1548 terrarum
1224 1511 1342 1549 volu-

61 1574 150 1603 men
179 1563 370 1603 ediderim
397 1563 575 1611 iuvenis,
610 1568 741 1603 tamen
770 1568 966 1613 temptare
993 1574 1057 1603 me
1088 1565 1282 1604 voluerim
1303 1570 1343 1605 et

60 1619 254 1669 experiri,
297 1630 348 1658 an
382 1625 493 1659 aetas
526 1620 679 1670 aliquid
714 1619 834 1660 nobis
862 1625 932 1659 aut
957 1620 1011 1659 ad
1039 1619 1246 1660 scientiam
1273 1626 1343 1661 aut

61 1680 170 1716 certe
187 1675 239 1714 ad
259 1674 501 1724 diligentiam
521 1675 725 1715 adiecerit.

139 1732 191 1770 V.
234 1731 465 1778 Causam,
508 1742 605 1780 qua
639 1736 778 1770 terra
813 1729 1124 1777 concutitur,
1167 1731 1258 1770 alii
1293 1731 1341 1771 in
1363 1737 1382 1770 l

60 1797 192 1836 aqua
219 1797 354 1834 esse,
393 1785 483 1825 alii
511 1787 558 1825 in
588 1786 815 1835 ignibus,
853 1785 943 1826 alii
971 1787 1018 1826 in
1048 1787 1164 1836 ipsa
1190 1791 1342 1836 terra,

59 1843 149 1881 alii
167 1841 214 1881 in
235 1842 428 1891 spiritu
451 1847 776 1891 putaverunt=
796 1841 888 1881 alii
907 1841 954 1882 in
975 1842 1230 1892 pluribus,
1251 1843 1342 1882 alii

59 1899 107 1938 in
136 1898 367 1938 omnibus
389 1897 480 1936 his.
513 1897 715 1947 quidam
736 1898 934 1948 liquere
962 1898 1096 1948 ipsis
1119 1898 1343 1947 aliquam

59 1964 119 1993 ex
154 1954 272 1993 istis
309 1964 514 1993 causam
550 1964 669 1993 esse
705 1953 968 2003 dixerunt,
1011 1954 1099 1992 sed
1141 1964 1238 1992 non
1275 1954 1339 1992 li·

62 2021 238 2059 quere,
271 2020 401 2058 quae
429 2014 586 2048 esset.
633 2009 745 2048 Nune
773 2009 930 2058 singula
959 2019 1196 2058 persequar.
1238 2009 1338 2049 Illud
1357 2009 1381 2044 2

61 2070 151 2105 {inte
167 2064 301 2106 omnia
315 2065 529 2105 dicendum
544 2068 624 2112 est,
645 2063 919 2114 opiniones
940 2070 1146 2104 veteres
1166 2075 1341 2114 parum

62 2126 269 2161 exactas
293 2131 411 2160 esse
438 2126 478 2161 et
494 2121 633 2160 rudes.
675 2119 790 2160 Circa
807 2131 947 2160 verum
966 2121 1098 2160 adhue
1117 2120 1338 2160 errabatur.

62 2186 168 2216 nova
185 2177 318 2217 omnia
336 2182 451 2216 erant
471 2177 599 2226 primo
619 2177 916 2225 temptantibus.
947 2181 1090 2226 postea
1108 2176 1251 2215 eadem
1270 2175 1339 2216 illa

63 2230 196 2272 limata
213 2237 307 2272 sunt
325 2238 383 2282 et,
405 2234 440 2272 si
462 2233 558 2282 quid
576 2233 778 2271 inventum
799 2237 880 2281 est,
900 2232 976 2271 illis
997 2231 1254 2272 nihilominus
1273 2242 1336 2271 re-

63 2287 157 2326 ferri
176 2287 294 2328 debet
312 2293 540 2339 acceptum:
570 2287 702 2337 magni
716 2288 836 2327 animi
856 2288 927 2327 fuit
945 2298 1077 2327 rerum
1097 2292 1262 2327 naturae
1279 2289 1333 2327 la-

63 2342 197 2383 tebras
223 2343 427 2385 dimovere
454 2355 588 2395 neque
616 2348 845 2384 contentum
873 2343 1062 2384 exteriori
1081 2343 1169 2383 eius
1188 2344 1332 2394 adspe-

1063 2400 1135 2439 18*
