1676 2548
0 2349 68 2548 t

317 184 354 210 tv
822 174 1121 209 PRAEFATIO.

317 267 412 301 codd.
435 267 696 309 superstitionem
721 271 751 298 et
775 266 943 298 audaciam
966 266 999 297 in
1021 265 1208 296 deserendis
1229 265 1403 298 accusabit.
1438 264 1486 297 Ac
1506 265 1623 298 vellem

316 313 465 351 quidem,
490 313 552 342 nisi
573 311 670 342 huius
686 311 839 343 editionis
855 311 1027 342 consilium
1045 310 1204 348 obstaret,
1231 319 1339 341 eorum
1355 311 1518 351 omnium,
1540 321 1623 351 quae

315 366 377 397 ego
401 357 538 394 novavi,
563 357 720 388 rationem
746 357 902 392 reddere;
927 365 1011 387 nunc
1035 364 1130 393 vero,
1156 355 1308 394 quoniam
1332 355 1366 386 id
1383 356 1415 386 in
1433 356 1524 387 aliud
1541 361 1622 387 tem-

313 411 377 441 pus
400 401 612 433 differendum
637 407 702 439 est,
726 401 807 433 illud
827 409 957 431 monere
979 400 1059 431 satis
1079 399 1201 439 habeo,
1228 409 1292 431 non
1315 399 1419 431 fuisse
1438 400 1518 431 mihi
1537 400 1621 432 ullas

312 446 469 477 librorum
492 455 571 477 mss.
601 447 709 487 copias
732 446 794 477 nisi
820 455 899 485 quas
922 444 1087 477 Fickertus
1111 443 1258 486 protulit,
1292 454 1351 476 nec
1373 454 1488 476 causas
1513 454 1620 476 emen-

314 491 482 522 dationum
505 500 650 522 mearum
672 490 744 522 aliis
768 490 865 521 rebus
891 488 1048 521 contineri
1070 489 1134 521 nisi
1157 486 1261 531 ipsius
1276 487 1419 521 Senecae
1439 495 1469 521 et
1489 490 1521 520 in
1539 500 1619 530 qua—

312 545 374 575 que
406 545 441 566 re
471 535 606 566 consilio
631 540 662 566 et
686 545 747 566 usu
773 534 899 566 dicendi
923 532 1068 566 studiose
1091 533 1271 566 observato.
1320 533 1393 565 Non
1418 539 1526 565 tamen
1550 544 1618 565 cre-

310 579 451 611 dendum
477 585 525 611 est
546 582 657 611 tenuia
678 580 758 611 haec
780 589 851 610 esse
868 585 898 610 et
918 588 1032 620 parum
1045 578 1138 610 firma
1155 578 1294 616 auxilia,
1320 588 1516 619 quamquam
1532 585 1618 615 sunt,

309 625 425 664 quibus
451 623 572 656 Seneca
595 625 744 656 videatur
772 625 853 655 adeo
878 630 963 655 totus
991 622 1039 654 vel
1062 633 1165 654 rerum
1188 633 1270 663 quas
1295 628 1407 654 tractat
1433 623 1540 655 studio
1567 623 1617 655 vel

308 670 483 701 verborum
502 675 533 701 et
554 670 783 700 sententiarum
805 669 906 700 nitido
932 674 1044 700 ornatu
1063 673 1235 709 occupatus
1256 668 1378 706 fuisse,
1405 674 1438 699 ut
1453 669 1523 700 sine
1541 678 1617 700 con—

308 714 381 745 silio
407 714 475 745 fere
500 720 530 745 et
555 714 624 746 sine
650 715 761 745 ordine
786 723 868 753 quae
895 713 1000 745 dicere
1030 712 1124 745 vellet
1154 713 1332 744 effunderet
1362 717 1393 744 et
1423 713 1617 745 artificiosae

307 759 461 790 orationis
487 759 619 790 flumine
647 768 751 800 vagus
780 758 935 797 ferretur,
969 766 1034 790 non
1058 762 1164 789 autem
1189 758 1232 790 ad
1255 763 1378 789 certum
1401 757 1497 789 finem
1521 758 1616 789 firmo

306 804 412 845 gradu
435 803 660 840 contenderet;
694 804 823 835 dicendi
844 813 921 835 vero
947 803 1146 835 consuetudo
1169 807 1244 844 post
1277 802 1454 834 laudabilia
1482 803 1521 834 H.
1547 802 1616 834 Ste-

305 848 405 889 phani
427 849 535 879 studia
560 849 643 879 adeo
671 848 820 890 neglecta
843 849 960 886 iacuit,
991 853 1026 879 ut
1048 847 1089 879 ab
1112 848 1183 879 eius
1207 847 1366 889 diligente
1391 848 1616 880 observatione

305 898 459 932 quantum
481 893 637 934 praesidii
661 893 694 924 in
719 893 913 925 emendandi
935 893 1065 935 negotio
1087 898 1198 934 petere
1220 892 1334 929 liceat,
1362 893 1506 924 nondum
1531 893 1573 924 sit
1596 902 1616 924 a

304 947 467 977 quoquam
487 938 752 970 demonstratum.
802 938 868 970 Sed
885 938 924 970 de
940 937 1050 970 ordine
1070 937 1202 977 quidem
1222 937 1340 968 falsam
1357 947 1430 969 esse
1447 937 1615 980 vulgarem

304 983 489 1023 opinionem
502 1007 509 1021 ‚
536 993 596 1024 ego
620 983 738 1015 tacitus
764 993 849 1014 nunc
869 984 942 1024 ipsa
961 982 1139 1014 litterarum
1161 981 1266 1014 forma
1281 982 1414 1024 planum
1434 982 1552 1014 fecisse
1564 982 1615 1013 vi-

303 1027 396 1064 dem-3
420 1037 457 1058 ea
481 1028 564 1058 enim
588 1028 704 1063 verba,
728 1029 847 1068 quibus
870 1027 1050 1070 argumenti
1075 1035 1202 1058 summa
1223 1032 1254 1059 et
1276 1032 1386 1068 partes
1405 1028 1446 1058 ab
1464 1028 1538 1068 ipso
1555 1026 1614 1058 Se-

302 1081 380 1103 neca
410 1072 611 1110 iudicantur,
642 1073 783 1104 diductis
815 1072 930 1104 litteris
959 1071 1147 1114 plerumque
1173 1072 1388 1103 describenda
1415 1072 1548 1110 curavi,
1579 1077 1615 1102 ut

302 1117 405 1157 siquis
432 1117 480 1148 vel
506 1117 710 1149 mediocriter
734 1118 899 1150 attendere
921 1117 1016 1154 velit,
1047 1116 1088 1148 de
1112 1117 1234 1148 ordinis
1260 1116 1411 1159 neglectu
1434 1117 1526 1157 queri
1548 1125 1614 1148 non

301 1162 477 1192 admodum
501 1163 617 1203 possit.
664 1161 746 1194 Nam
770 1163 884 1205 negari
908 1171 988 1194 sane
1010 1170 1073 1193 non
1094 1167 1219 1203 potest,
1251 1162 1348 1193 sicuti
1366 1166 1613 1204 praeceptorem

301 1205 443 1237 Senecae
474 1207 649 1238 Fabianum
676 1207 844 1249 Papirium
866 1211 991 1239 constat
1014 1206 1189 1246 aliquando
1213 1207 1246 1237 in
1271 1206 1482 1238 declamando
1505 1205 1612 1247 philo-

300 1251 437 1292 sophum
468 1251 587 1289 fnisse,
623 1253 668 1283 ita
701 1251 858 1284 Senecam
890 1260 962 1283 esse
992 1252 1024 1282 in
1057 1250 1322 1292 philosophando
1348 1251 1611 1287 declamatorem,

300 1297 353 1335 qni
376 1295 468 1326 facile
489 1305 524 1326 se
546 1296 755 1327 ostentandae
776 1298 855 1328 artis
873 1296 1041 1331 occasione
1058 1304 1121 1326 are
1134 1296 1303 1336 proposita
1314 1297 1431 1327 abduci
1443 1295 1613 1337 paulisper

298 1340 440 1381 patiatur
451 1364 458 1377 ,
482 1346 514 1370 ut
525 1364 532 1373 .
559 1341 646 1381 quod
664 1340 882 1378 Quintilianus
898 1340 960 1378 ait,
984 1339 1038 1371 fiat
1051 1340 1155 1370 oratio
1168 1340 1239 1370 eius
1253 1341 1388 1372 sinuosa
1402 1346 1432 1371 et
1445 1336 1611 1372 accersitis

299 1385 590 1426 descriptionibus,
619 1387 649 1417 in
674 1395 754 1426 quas
772 1376 919 1428 pleriqiie
940 1385 1118 1416 imitatione
1134 1385 1284 1425 poeticae
1309 1385 1459 1417 licentiae
1485 1385 1610 1416 ducun-

299 1435 366 1467 tur,
392 1430 548 1461 lasciviat.
598 1430 685 1462 Satis
710 1436 759 1462 est
783 1431 853 1462 eius
872 1430 920 1461 rei
940 1436 1040 1461 unum
1065 1429 1193 1470 insigne
1216 1435 1348 1470 praeter
1371 1436 1477 1461 cetera
1501 1439 1610 1461 exem-

299 1474 387 1515 plum
411 1485 592 1506 memorare
615 1485 632 1506 e
654 1475 726 1507 Nat.
748 1476 891 1514 Quaestt.
911 1474 967 1515 lib.
978 1474 1038 1511 111,
1061 1482 1088 1505 c.
1102 1475 1144 1506 27
1166 1483 1236 1514 sqq.
1252 1475 1309 1505 ubi
1325 1480 1454 1516 arrepta
1468 1475 1610 1516 benigna

298 1519 473 1550 luxurianti
505 1520 635 1561 ingenio
668 1522 802 1552 materia
833 1519 1102 1557 fatalem'2diltlvii
1127 1518 1213 1550 diem
1238 1519 1392 1550 describit
1413 1529 1473 1550 nec
1498 1529 1609 1550 aemu-

299 1564 381 1594 latur
403 1565 500 1596 modo
523 1565 675 1596 Ovidium
701 1566 759 1597 sed
783 1570 881 1597 etlam
905 1570 1006 1596 artem·
1029 1564 1099 1595 eius
1123 1564 1299 1595 examinat.
1347 1563 1414 1595 Sed
1447 1563 1607 1595 eiusmodi

299 1609 490 1640 emblemata
513 1611 652 1641 orationi
677 1610 791 1642 ordine
814 1609 1000 1652 procedenti
1023 1618 1148 1639 moram
1164 1618 1242 1640 sane
1262 1609 1437 1646 obiiciunt,
1463 1609 1609 1640 ordinem

298 1654 428 1692 quidem
458 1655 564 1695 ipsum
590 1665 654 1686 non
678 1655 817 1687 turbant.
867 1654 1015 1686 Ceterum
1038 1654 1211 1693 quominus
1235 1659 1322 1685 recte
1345 1654 1467 1693 ubique
1491 1654 1608 1685 oratio-

298 1699 346 1728 nis
372 1699 566 1730 continuitas
587 1706 618 1730 et
633 1709 827 1741 progressus
843 1698 1092 1741 intelligeretur,
1116 1698 1206 1729 haud
1222 1700 1378 1740 exiguum
1395 1698 1608 1740 impedimen-

296 1749 363 1773 tum
385 1743 446 1775 fuit
469 1745 718 1785 perversissima
741 1754 841 1787 saepe
863 1744 1006 1786 capitum
1032 1748 1061 1775 et
1085 1744 1246 1774 minorum
1270 1745 1413 1784 partium
1430 1743 1606 1780 distinctio,

296 1788 377 1818 adeo
402 1787 456 1819 illa
481 1790 666 1830 importuna
689 1791 946 1830 nonnumquam,
978 1794 1014 1820 ut
1038 1797 1103 1819 non
1128 1787 1235 1819 solum
1258 1789 1418 1819 sententia
1442 1788 1608 1830 scriptoris

297 1833 520 1864 obscuraretur
544 1835 602 1864 sed
625 1835 697 1875 ipsa
722 1836 818 1866 etiarn
841 1835 1001 1875 scriptura
1019 1837 1283 1874 'corrumperetur
1306 1838 1361 1863 aut
1383 1838 1534 1874 corrupta
1556 1842 1607 1863 re-

296 1882 347 1907 cte
371 1878 534 1909 emendari
558 1888 622 1910 non
643 1885 771 1921 posset;
796 1889 835 1911 ao
855 1878 1002 1910 Fickerto
1026 1878 1158 1918 quidem
1181 1877 1332 1918 religioni
1355 1877 1418 1908 fuit
1439 1878 1472 1908 in
1491 1877 1553 1908 hac
1573 1887 1608 1908 re

297 1927 421 1953 mutare
441 1924 631 1965 quicquam,
652 1924 778 1956 scilicet
794 1933 835 1956 ne
850 1922 1013 1955 variarum
1032 1923 1210 1954 editionum
1229 1923 1355 1952 numeri
1367 1922 1606 1964 discreparent;

297 1975 358 2007 ego
383 1976 459 1997 vero
485 1968 572 2007 quod
594 1969 675 2000 mihi
699 1970 832 2012 gravius
852 1967 1091 2000 incommodum
1115 1968 1222 1999 visum
1246 1971 1311 2004 est,
1342 1966 1478 2004 sustuli,
1502 1967 1607 1998 levius

296 2010 377 2043 illud
398 2011 566 2042 ferendum
586 2013 791 2053 existimavi,
817 2024 854 2046 eo
871 2019 979 2045 tamen
996 2016 1248 2054 temperamento
1266 2021 1364 2050 usus,
1388 2017 1499 2042 utnon
1513 2011 1607 2051 quasi

297 2056 329 2086 in
359 2066 393 2087 re
425 2056 550 2097 integra
579 2066 695 2090 novam
726 2059 965 2092 distinctionem
995 2057 1154 2098 facerem,
1187 2056 1246 2088 sed
1274 2055 1443 2097 vulgarem
1474 2055 1605 2096 ferrem,

297 2100 405 2140 quoad
427 2101 497 2131 eius
520 2100 589 2131 fieri
613 2103 682 2134 sine
706 2114 822 2136 sensus
847 2103 1036 2136 detrimento
1054 2106 1183 2144 posset,
1208 2101 1417 2142 capitumque
1435 2109 1607 2132 numerum

297 2145 477 2176 minuerem
501 2154 692 2185 numquam,
726 2158 879 2191 augerem
904 2158 993 2185 raro,
1025 2148 1081 2179 ubi
1106 2147 1161 2187 qui
1184 2155 1222 2176 ea
1245 2146 1369 2186 primus
1395 2145 1523 2183 divisit,
1549 2145 1605 2176 ob-

296 2189 416 2220 livione
441 2189 582 2229 aliquem
606 2190 712 2223 locum
729 2194 948 2225 transmisisse
966 2192 1120 2224 videtum·
1151 2191 1322 2223 Praeterea
1337 2199 1420 2230 quae
1438 2195 1605 2230 tamquam

297 2233 479 2265 adversarii
510 2235 606 2265 verba
635 2236 702 2267 suis
735 2238 937 2280 interponere
960 2237 1041 2269 solet
1065 2235 1206 2273 Seneca,
1231 2235 1310 2266 utile
1334 2235 1475 2267 iudicavi
1499 2235 1605 2276 signis

295 2279 412 2319 positis
437 2287 623 2317 secernere,
648 2283 799 2319 quoniam
823 2284 857 2315 id
880 2292 1008 2323 quoqne
1027 2281 1162 2313 multum
1187 2280 1293 2312 facere
1315 2279 1358 2311 ad
1380 2289 1505 2312 errores
1528 2287 1604 2321 pro-

298 2323 458 2355 hibendos
486 2324 715 2356 animadverti.
1373 2324 1390 2342 '¹
