1624 2626
302 174 383 215 302
670 172 713 211 L.
741 171 930 211 ANNAEI
956 172 1180 212 SENECAE

305 273 527 313 Stoicorum
546 276 744 321 tamquam
772 271 887 312 nimis
914 272 1051 312 duram
1077 277 1115 312 et
1133 273 1287 312 minime
1310 272 1555 322 principibus

302 328 544 376 regibusque
563 327 710 366 bonum
729 328 907 366 daturam
926 327 1141 366 consilium.
1188 326 1355 365 obicitur
1380 329 1482 366 enim
1502 329 1557 366 illi

304 383 415 431 quod
434 382 654 431 sapientem
673 387 790 430 negat
817 382 1013 426 misereri,
1039 385 1158 429 negat
1178 381 1400 429 ignoscere.
1447 383 1558 421 Haec

304 438 338 475 si
367 447 438 486 per
465 447 510 475 se
539 441 754 485 ponantur,
782 436 911 474 invisa
934 439 1044 473 sunt:
1073 435 1255 475 videntur
1282 437 1384 475 enim
1411 439 1559 476 nullam

304 502 417 540 spem
435 491 660 539 relinquere
674 489 852 529 humanis
871 489 1071 528 erroribus
1079 498 1098 537 ξπ
1108 491 1181 528 sed
1197 490 1327 529 omnia
1346 491 1487 530 delicta
1506 492 1557 529 ad

267 551 289 585 3
307 557 476 594 poenam
496 547 705 584 deducere.
754 543 868 589 Quod
883 542 918 581 si
938 549 1018 589 est,
1050 543 1187 592 quidni
1215 548 1350 592 [invisa
1372 548 1433 593 sit]
1457 546 1567 584 haec-

306 601 486 648 scientia,
517 609 618 648 quae
645 597 854 636 dediscere
880 597 1158 638 humanitatem
1182 600 1289 639 iubet
1321 605 1557 649 portumque

306 656 499 694 adversus
520 655 713 692 fortunam
730 652 989 691 certissimum
1009 659 1140 692 mutuo
1156 654 1302 693 auxilio
1319 656 1465 694 eludit?
1483 655 1557 694 sed

305 712 410 749 nulla
429 713 537 747 secta
558 707 766 755 benignior
792 707 997 756 leniorque
1025 713 1106 756 est,
1135 710 1243 748 nulla
1268 710 1461 748 amantior
1484 709 1556 748 ho-

304 766 449 803 minum
468 767 507 801 et
525 762 744 801 communis
769 762 860 800 boni
883 762 1096 810 adtentior‚
1120 769 1164 802 ut
1190 764 1279 814 [cui]
1309 764 1557 826 propositum

305 821 354 858 sit
371 818 462 857 usui
485 827 577 855 esse
597 821 665 855 aut
687 817 854 862 auxilio,
882 828 956 856 nec
975 818 1051 856 sibi
1069 822 1236 865 tantum,
1267 819 1341 857 sed
1359 818 1558 857 universis

266 876 288 909 4
304 873 548 921 singulisque
569 872 790 910 consulere.
831 871 1105 911 MiserIcordia
1130 878 1192 912 est
1213 874 1417 921 aegritudo
1439 872 1557 911 animi

303 928 354 967 ob
374 928 588 965 alienarum
611 926 854 964 miseriarum
874 928 1067 976 speeiem,
1092 932 1158 965 aut
1178 927 1329 966 tristitia
1348 938 1398 966 ex
1418 927 1556 966 alienis

303 982 417 1020 malis
433 985 644 1028 contracta,
662 991 764 1029 quae
784 982 964 1020 accidere
981 982 1259 1020 inmerentibus
1277 983 1410 1023 credit.
1431 982 1557 1030 aegriu

304 1037 399 1075 tudo
420 1040 549 1074 autem
577 1035 616 1072 in
637 1035 854 1083 sapientem
881 1035 1006 1074 virum
1034 1047 1114 1075 non
1141 1037 1258 1076 cadit.
1303 1048 1444 1076 serena
1471 1039 1559 1076 eius

304 1101 415 1129 mens
435 1094 497 1128 est
516 1100 589 1127 nee
611 1090 823 1137 quicquam
850 1090 1023 1129 incidere
1046 1096 1194 1139 potest,
1225 1092 1333 1139 quod
1356 1093 1460 1130 illam
1488 1092 1558 1130 ob·

305 1146 434 1184 ducat.
480 1144 657 1192 nihilque
683 1154 812 1191 aeque
838 1144 1035 1183 hominem
1062 1157 1181 1194 quam
1205 1157 1370 1194 magnus
1403 1147 1557 1185 animus

306 1201 438 1238 decet:
476 1210 554 1237 non
582 1202 714 1246 potest
739 1203 869 1237 autem
895 1210 1061 1247 magnus
1087 1210 1179 1238 esse
1206 1200 1310 1238 idem
1343 1211 1391 1239 ac
1424 1205 1555 1239 motus.

268 1258 288 1289 5
304 1264 461 1292 moeror
478 1253 682 1292 contundit
700 1257 871 1300 mentes,
892 1254 1031 1302 abicit,
1051 1254 1253 1295 contrahit.
1282 1255 1368 1294 Hoc
1388 1254 1557 1303 sapienti

306 1319 354 1347 ne
386 1309 425 1346 in
458 1308 542 1346 suis
578 1307 737 1355 quidem
773 1308 926 1346 accidet
961 1308 1263 1356 calamitatibus,
1296 1310 1368 1348 sed
1402 1320 1558 1349 omnem

304 1365 485 1402 fortunae
513 1363 609 1400 iram
634 1362 902 1400 reverberabit
925 1367 963 1401 et
981 1368 1070 1401 ante
1103 1374 1147 1402 se
1168 1364 1331 1411 franget.
1378 1364 1557 1402 eamdem

305 1427 464 1466 semper
490 1416 629 1466 faciem
656 1417 850 1462 servabit,
878 1418 1092 1464 placidam,
1121 1419 1421 1467 inconcussam,
1448 1419 1558 1467 quod

305 1474 436 1510 facere
455 1482 534 1510 non
555 1475 714 1519 posset,
741 1471 774 1509 si
793 1471 987 1510 tristitiam
1005 1472 1212 1520 reciperet.

270 1534 287 1567 'l
382 1526 449 1564 VI.
480 1526 605 1564 Adice
626 1525 734 1574 quod
753 1526 914 1574 sapiens
935 1526 1118 1575 providet
1131 1532 1169 1565 et
1192 1528 1231 1565 in
1252 1528 1436 1576 expedito
1462 1537 1555 1567 con-

305 1582 434 1619 silium
453 1580 588 1618 habet:
616 1591 830 1628 numquam
851 1586 979 1619 autem
999 1581 1189 1630 liquidum
1210 1583 1486 1631 sincerumque
1506 1593 1557 1621 ex

304 1636 459 1674 turbido
482 1635 598 1673 venit.
645 1635 799 1673 tristitia
820 1635 1003 1674 inhabilis
1030 1641 1090 1674 est
1117 1637 1167 1674 ad
1188 1636 1456 1685 dispiciendas
1476 1647 1557 1685 res,

303 1689 413 1729 utilia
430 1688 713 1737 excogitanda,
744 1690 970 1737 periculosa
990 1691 1169 1739 vitanda,
1198 1702 1325 1740 aequa
1349 1692 1554 1730 aestiman-

305 1746 373 1783 da:
409 1754 502 1792 ergo
530 1755 609 1782 non
630 1743 854 1793 miseretur,
885 1745 976 1794 quia
995 1746 1035 1783 id
1054 1746 1139 1784 sine
1163 1746 1321 1784 miseria
1341 1747 1458 1784 animi
1476 1757 1556 1785 non

250 1827 255 1830 ⁴
305 1801 359 1838 sit.
397 1805 529 1838 cetera
547 1798 678 1837 omnia
702 1810 804 1847 quae
821 1803 923 1847 [eos]‚
945 1801 1011 1848 qui
1030 1801 1280 1849 miserentur,
1302 1802 1392 1840 volo
1412 1801 1558 1848 facere,
1593 1831 1595 1833 .

268 1855 431 1895 2libens
452 1858 490 1891 et
509 1855 610 1892 altus
640 1852 768 1891 animo
790 1855 916 1892 saciet.
959 1854 1169 1894 Succurret
1200 1856 1341 1894 alienis
1370 1856 1553 1902 lacrimis,

305 1919 381 1946 non
403 1909 578 1946 accedet.
626 1907 734 1947 dabit
758 1919 916 1947 manum
943 1911 1155 1958 naufrago,
1189 1910 1295 1948 exuli
1326 1910 1552 1958 hospitium,

305 1964 434 2010 egenti
453 1964 614 2011 stipem,
634 1973 714 2001 non
734 1963 836 2001 hanc
856 1965 1197 2011 contumeliosam,
1219 1975 1296 2013 qua
1318 1975 1411 2012 pars
1431 1964 1557 2002 maior

304 2017 463 2065 horum,
494 2018 562 2066 qui
588 2028 634 2056 se
659 2018 935 2057 misericordes
959 2020 1083 2057 videri
1110 2021 1265 2066 volunt,
1294 2018 1410 2056 abicit
1434 2023 1471 2057 et
1496 2018 1551 2056 fa-

305 2071 413 2110 stidit
433 2083 532 2120 quos
554 2073 713 2111 adiuvat
729 2073 981 2122 contingique
997 2074 1046 2112 ab
1062 2073 1122 2113 his
1138 2074 1262 2120 timet,
1282 2073 1356 2111 sed
1374 2078 1416 2111 ut
1434 2073 1553 2111 homo

304 2125 451 2164 homini
483 2137 534 2165 ex
564 2127 760 2166 communi
788 2127 906 2166 dabit.
963 2128 1134 2167 Donabit
1164 2126 1333 2165 lacrimis
1366 2127 1550 2166 maternis

305 2181 424 2218 fillum
444 2185 482 2218 et
501 2187 659 2220 catenas
681 2181 783 2220 solvi
802 2183 952 2222 iubebit
971 2187 1012 2221 et
1028 2183 1120 2221 ludo
1149 2181 1292 2221 eximet
1318 2188 1356 2220 et
1383 2183 1553 2220 cadaver

306 2234 422 2273 etiam
442 2235 602 2274 noxium
622 2235 804 2285 sepeliet,
841 2237 914 2275 sed
945 2237 1059 2275 faciet
1085 2236 1161 2274 ista
1182 2237 1391 2285 tranquilla
1410 2242 1552 2283 mente,

267 2296 290 2330 3
305 2290 412 2330 voltu
432 2299 520 2328 suo.
555 2290 659 2339 Ergo
683 2302 762 2331 non
782 2291 1028 2331 miserebitur
1041 2291 1221 2341 sapiens,
1242 2291 1315 2330 sed
1335 2295 1549 2339 succurret,
