1624 2626
311 193 390 235 134
549 193 592 231 L.
618 191 806 230 ANNAEI
836 191 1060 231 SENECAE
1089 191 1218 230 DIAL.
1247 191 1313 229 VI.

310 294 445 333 venire
464 292 585 332 hodie
605 298 730 341 potes,
753 292 866 331 cuius
886 303 951 331 res
971 297 1048 331 tam
1068 292 1171 331 bene
1191 292 1345 341 positae
1365 292 1567 331 fundatae-

312 359 391 398 que
411 349 529 395 [sint],
556 352 600 386 ut
620 348 714 385 nihil
738 348 791 385 illi
811 347 1037 396 procedenti
1055 352 1234 396 tempore
1252 347 1464 386 timendum
1492 347 1569 385 sit?

310 403 461 441 Labant
479 402 649 441 humana
678 412 725 440 ac
745 400 870 440 fluunt
899 411 1030 450 neque
1055 402 1134 441 ulla
1161 412 1253 450 pars
1280 402 1384 439 vitae
1409 404 1569 439 nostrae

312 462 390 496 tam
414 457 587 496 obnoxia
614 462 680 496 aut
707 461 842 494 tenera
869 460 930 494 est
956 464 1073 504 quam
1100 467 1204 504 quae
1232 456 1402 494 maxime
1429 456 1570 503 placet,

311 512 485 560 ideoque
514 510 752 550 felicissimis
774 511 948 558 optanda
971 520 1078 549 mors
1097 515 1171 558 est,
1200 511 1292 559 quia
1317 510 1356 548 in
1379 513 1486 548 tanta
1514 509 1570 546 in-

312 566 533 605 constantia
550 566 745 614 turbaque
767 575 899 603 rerum
928 563 1023 603 nihil
1048 564 1125 603 nisi
1145 565 1251 614 quod
1273 564 1471 613 praeteriit
1489 572 1570 601 cer-

270 625 292 658 2
312 626 393 660 tum
414 625 486 659 est.
525 620 620 668 Quis
641 621 706 658 tibi
726 620 866 668 recipit
888 618 983 658 illud
1002 618 1070 657 filii
1089 619 1144 658 tui
1162 618 1465 668 pulcherrimum
1486 627 1571 655 cor-

310 685 387 724 pus
399 679 599 713 etsumma
616 674 779 723 pudoris
798 673 978 712 custodia
995 673 1095 711 inter
1112 670 1463 724 luxuriosaeurbis
1479 681 1572 710 ocu-

311 731 372 768 los
399 733 676 768 conservatum
709 729 887 776 potuisse
915 733 954 767 et
978 728 1140 766 morbos
1167 727 1220 767 ita
1247 727 1428 774 evadere,
1455 730 1497 764 ut
1522 725 1573 763 ad

313 787 554 822 senectutem
573 783 763 821 inlaesum
780 779 970 831 perferret
989 782 1138 820 formae
1158 782 1309 820 decus?
1336 781 1472 829 Cogita
1492 781 1572 817 ani-

311 837 365 876 mi
384 838 489 875 mille
508 837 632 875 labes.
669 847 801 885 neque
821 837 923 875 enim
941 840 1050 875 recta
1070 835 1227 884 ingenia
1247 836 1400 884 qualern
1420 833 1459 872 in
1479 833 1573 871 adu-

311 892 540 930 lescentiam
561 902 674 940 spem
693 891 756 929 sui
776 892 961 937 fecerant,
979 900 1108 939 usque
1127 889 1166 928 in
1183 893 1423 928 senectutem
1443 892 1573 936 pertu-

313 948 459 993 lerunt,
488 946 561 984 sed
587 946 804 983 interversa
832 946 1062 993 plerumque
1090 949 1199 983 sunt:
1237 947 1303 982 aut
1330 953 1420 982 sera
1446 944 1575 990 eoque

314 1000 469 1039 foedior
498 1000 653 1038 luxuria
677 998 823 1038 invasit
849 999 1059 1047 coegitque
1097 999 1361 1037 dehonestare
1389 997 1576 1045 speciosa

315 1053 518 1103 principia.
541 1058 607 1092 aut
627 1054 665 1091 in
687 1053 875 1102 popinam
894 1058 1149 1101 ventremque
1165 1054 1327 1101 proiecti
1341 1052 1454 1101 [sunt]
1470 1062 1575 1090 sum·

313 1118 457 1157 maque
489 1107 565 1146 illis
595 1118 776 1146 curarum
803 1107 892 1154 fuit,
931 1107 1026 1155 quid
1061 1111 1214 1153 essent,
1258 1106 1353 1155 quid
1384 1105 1575 1144 biberent.

274 1170 296 1204 3
315 1163 439 1201 Adice
458 1162 652 1208 incendia,
679 1162 830 1209 ruinas,
856 1161 1062 1209 naufragia
1086 1161 1428 1208 lacerationesque
1454 1160 1574 1198 medi-

317 1228 453 1256 corum
474 1227 570 1256 ossa
588 1217 690 1255 vivis
711 1217 921 1263 legentium
942 1221 980 1254 et
998 1220 1100 1254 totas
1120 1216 1159 1253 in
1174 1214 1328 1253 viscera
1347 1224 1486 1252 manus
1508 1214 1575 1252 de-

316 1272 546 1310 mittentium
575 1276 614 1309 et
639 1282 717 1309 non
738 1282 814 1319 per
844 1270 1061 1318 simplicem
1089 1270 1264 1308 dolorem
1296 1269 1482 1318 pudenda
1510 1279 1576 1306 cu-

315 1326 496 1364 rantium.
538 1330 631 1374 post
648 1326 747 1364 haec
770 1325 927 1363 exilium
947 1343 1002 1350 -—
1019 1334 1097 1362 non
1117 1324 1189 1362 suit
1207 1324 1454 1363 innocentior
1472 1322 1576 1360 filius

317 1387 408 1420 tuus
428 1391 546 1429 quam
561 1380 741 1427 Rutilius,
763 1389 1110 1418 carcerem—non
1129 1379 1202 1416 suit
1217 1378 1433 1426 sapientior
1460 1387 1577 1425 quam

318 1436 524 1481 Socrates,
558 1435 779 1473 voluntario
808 1434 970 1473 volnere
1001 1433 1234 1471 transfixum
1271 1436 1408 1480 pectus
1427 1441 1577 1469 -non

317 1490 388 1529 fuit
407 1489 581 1528 sanctior
601 1500 717 1537 quam
738 1489 851 1528 Cato:
882 1499 969 1526 cum
990 1488 1065 1526 ista
1085 1487 1351 1535 perspexeris,
1380 1486 1484 1524 scies
1505 1495 1574 1532 op-

319 1544 409 1583 time
438 1555 525 1582 cum
552 1543 615 1582 his
643 1544 716 1591 agi,
749 1554 851 1591 quos
870 1548 1030 1589 natura,
1061 1542 1153 1590 quia
1179 1542 1268 1579 illos
1292 1541 1370 1578 hoc
1396 1539 1579 1578 manebat

316 1599 423 1637 vitae
438 1598 686 1646 stipendium,
709 1598 784 1636 cito
804 1598 842 1635 in
862 1602 985 1635 tutum
1003 1596 1164 1644 recepit.
1210 1595 1311 1633 Nihil
1330 1599 1392 1634 est
1409 1599 1487 1633 tam
1507 1594 1577 1631 fal-

318 1655 385 1692 lax
405 1663 522 1702 quam
540 1653 621 1690 vita
638 1652 820 1699 humana,
839 1651 934 1690 nihil
953 1656 1031 1689 tam
1050 1649 1305 1689 insidiosum:
1329 1661 1406 1688 non
1427 1648 1577 1686 meher-

320 1708 429 1747 cules
457 1707 669 1755 quisquam
692 1707 797 1744 illam
824 1702 1065 1754 accepisset,
1093 1705 1167 1743 nisi
1195 1706 1353 1755 daretur
1379 1702 1576 1742 inscienti-

318 1763 407 1801 bus.
435 1762 568 1810 itaque
585 1762 619 1799 si
640 1761 908 1799 felicissimum
924 1765 984 1798 est
1003 1770 1082 1798 non
1102 1759 1224 1807 nasci,
1247 1758 1465 1807 proximum
1482 1761 1576 1805 puto

277 1820 300 1854 4
318 1815 430 1855 brevi
447 1820 572 1855 aetate
593 1816 800 1854 defunctos
822 1814 897 1853 cito
918 1814 956 1853 in
978 1815 1171 1862 integrum
1193 1813 1356 1852 restitui.
1391 1812 1577 1859 Propone

319 1871 416 1910 illud
436 1870 732 1909 acerbissimum
752 1870 821 1908 tibi
835 1875 1005 1918 tempus,
1026 1879 1103 1917 quo
1121 1868 1286 1907 Seianus
1303 1871 1453 1916 patrem
1468 1871 1577 1904 tuum

321 1925 449 1963 clienti
469 1936 543 1964 suo
565 1925 692 1964 Satrio
715 1924 900 1963 Secundo
923 1924 1164 1972 congiarium
1184 1922 1302 1960 dedit.
1335 1921 1578 1960 irascebatur

319 1979 374 2017 illi
390 1980 440 2018 ob
460 1991 579 2018 unum
595 1985 661 2018 aut
671 1980 834 2017 alterum
851 1978 1010 2017 liberius
1021 1979 1176 2023 dictum,
1200 1976 1456 2025 quodtacitus
1477 1976 1579 2013 ferre

319 2044 399 2072 non
419 2037 599 2082 potuerat
618 2033 802 2072 Selanum
822 2034 861 2071 in
882 2034 1055 2071 cervices
1075 2036 1232 2070 nostras
1259 2041 1309 2068 ne
1327 2029 1464 2079 inponi
1492 2028 1578 2077 qui-

321 2088 423 2134 dem,
445 2089 517 2126 sed
544 2089 773 2127 escendere.
811 2087 1096 2126 decernebatur
1115 2085 1170 2123 illi
1190 2090 1319 2124 statua
1345 2085 1384 2123 in
1403 2082 1579 2131 Pompeii

322 2141 473 2180 theatro
496 2143 693 2191 ponenda,
719 2143 826 2191 quod
846 2147 1028 2181 exustum
1044 2140 1189 2178 Caesar
1207 2140 1422 2178 reficiebat.
1446 2138 1578 2176 excla-

285 2201 307 2236 5
325 2195 446 2234 mavit
466 2197 616 2235 Cordus
644 2200 760 2236 tunc
777 2207 894 2235 vere
922 2197 1160 2235 theatrum
1181 2195 1359 2243 perire.
1397 2192 1496 2241 Quid
1518 2202 1578 2230 er-

324 2255 401 2299 go?
436 2260 516 2288 non
530 2257 775 2299 rumperetur
795 2262 918 2299 supra
940 2251 1090 2288 cineres
1112 2248 1179 2286 Cn.
1199 2247 1375 2297 Pompeii
1395 2246 1578 2286 constitui

325 2304 506 2345 Seianum
527 2310 565 2344 et
581 2306 618 2344 in
635 2305 894 2345 monumentis
906 2304 1067 2343 maximi
1090 2303 1335 2352 imperatoris
1352 2300 1577 2342 consecrari
