1624 2626
100 163 171 202 AD
181 159 417 201 HELVIAM
426 157 645 199 MATREM
653 157 720 198 DE
730 156 1126 198 CONSOLATIONE.
1139 161 1253 198 1345.
1274 154 1355 198 253

73 263 302 304 Ducebatur
320 261 489 301 Athenis
511 260 564 299 ad
584 259 826 309 supplicium
839 258 1060 308 Aristides,
1090 258 1154 298 cui
1171 257 1356 309 quisquis
1372 263 1393 298 7

74 323 321 366 occurrerat,
353 317 551 356 deiciebat
576 318 718 356 oculos
745 320 785 355 et
814 315 1122 365 ingemiscebat,
1152 326 1231 355 non
1258 321 1354 353 tam-

75 386 192 425 quam
214 374 255 413 in
274 373 476 413 hominem
495 372 645 412 iustum
664 372 740 411 sed
759 375 950 421 tanquam
964 371 1004 410 in
1020 371 1151 420 ipsam
1165 371 1356 410 iustitiam

74 430 468 471 animadverteretur.
504 429 690 468 inventus
709 433 772 468 est
793 433 944 476 tamen,
966 428 1035 477 qui
1052 428 1091 466 in
1108 427 1251 466 faciem
1266 427 1355 467 eius

74 488 298 536 inspueret=
336 489 495 535 poterat
520 484 603 536 [ob]
627 484 706 523 hoc
725 484 894 524 moleste
913 484 1039 532 ferre,
1070 483 1180 533 quod
1201 483 1356 523 sciebat

73 543 271 582 neminem
288 542 330 581 id
349 552 541 581 ausurum
559 541 652 590 puri
672 540 769 580 oris.
805 545 846 580 at
858 541 930 580 ille
949 539 1139 579 abstersit
1157 539 1301 579 faciem
1317 545 1356 579 et

72 599 286 639 subridens
304 598 357 637 ait
373 598 575 636 comitanti
591 607 637 636 se
651 596 919 646 magistratui=
937 596 1138 645 „admone
1151 595 1285 644 istum,
1302 605 1356 634 ne

73 660 218 705 postea
238 659 317 693 tam
341 653 512 703 inprobe
536 653 720 693 oscitet.“
765 652 855 691 Hoc
875 652 949 692 fuit
972 651 1253 692 contumeliam
1275 650 1356 701 ipsi

73 709 337 751 contumeliae
352 710 499 748 facere.
534 709 652 749 Scio
674 708 922 759 quosdam
937 708 1112 748 dicere
1131 713 1353 747 contem·
1369 718 1393 753 8

74 772 161 816 ptu
178 765 306 804 nihil
326 776 443 805 esse
463 765 694 814 gravius,
714 763 1354 814 mortemipsispotioremvideri.

72 822 145 862 His
167 832 243 871 ego
267 821 526 871 respondebo
551 826 590 860 et
609 821 772 860 exilium
791 831 916 871 saepe
932 820 1231 870 contemptione
1246 819 1356 859 omni

74 888 226 917 carere.
269 877 304 916 si
323 888 493 926 magnus
509 876 572 916 vir
589 877 753 925 cecidit,
772 887 943 926 magnus
963 877 1103 924 iacuit,
1125 886 1207 915 non
1226 874 1356 925 magis

73 935 182 972 illum
202 938 319 983 putes
340 932 552 981 contemni,
574 943 695 983 quam
715 943 806 972 cum
820 933 981 972 aedium
995 943 1201 972 sacrarum
1215 931 1357 971 ruinae

72 990 298 1038 calcantur,
330 1000 431 1038 quas
454 988 632 1038 religiosi
650 999 782 1039 aeque
801 999 848 1028 ac
870 989 1012 1028 stantis
1034 989 1215 1028 adorant.

154 1045 259 1084 XIV.
309 1045 553 1093 Quoniam
596 1053 702 1084 meo
749 1045 949 1083 nomine
996 1044 1124 1082 nihil
1172 1043 1354 1092 habes,
1374 1056 1392 1089 1

72 1106 228 1140 mater
264 1102 555 1148 carissima,
595 1100 731 1150 quod
753 1105 815 1147 =te
851 1101 898 1139 in
935 1100 1170 1139 infinitas
1201 1099 1355 1139 lacri-

71 1167 173 1196 mas
211 1161 345 1205 agat‚
384 1157 620 1206 sequitur
654 1162 707 1196 ut
743 1167 933 1196 causae
963 1162 1076 1196 tuae
1104 1161 1151 1196 te
1179 1155 1356 1196 stimu-

71 1213 188 1252 lent.
217 1218 335 1252 sunt
358 1217 521 1252 autem
541 1213 698 1252 duae*
721 1223 828 1251 nam
849 1218 934 1252 aut
954 1211 1083 1252 illud
1101 1217 1149 1252 te
1168 1218 1354 1259 movet,

72 1268 207 1318 quod
246 1269 564 1317 praesidium
601 1268 816 1318 aliquod
851 1268 1052 1308 videris
1090 1268 1354 1317 amisisse,

71 1329 155 1364 aut
181 1325 330 1373 illud,
359 1325 494 1375 quod
519 1324 835 1364 desiderium
864 1325 1028 1375 ipsum
1057 1335 1147 1375 per
1168 1335 1220 1364 se
1248 1326 1355 1375 pati

74 1391 99 1418 n
110 1391 134 1419 ο
146 1392 170 1419 n
202 1391 227 1430 p
238 1391 262 1420 ο
273 1385 319 1420 te
330 1392 364 1420 s.

153 1435 294 1475 Prior
323 1447 442 1486 pars
472 1436 590 1475 mihi
621 1437 807 1476 leviter
834 1437 1241 1486 perstringenda
1260 1443 1355 1477 est:
1372 1452 1394 1486 2

74 1491 169 1530 novi
188 1491 292 1530 enim
310 1493 483 1531 animum
502 1498 612 1532 tuum
631 1493 726 1532 nihil
747 1494 786 1531 in
807 1493 892 1532 suis
914 1498 1075 1542 praeter
1088 1494 1202 1542 ipsos
1219 1504 1354 1533 aman·

47 1551 50 1554 ’
74 1552 166 1586 tem.
212 1547 396 1587 Viderint
427 1549 517 1587 illae
548 1554 717 1597 matres,
755 1559 861 1599 quae
890 1549 1110 1598 potentiam
1139 1550 1355 1589 liberorum

75 1602 258 1641 muliebri
277 1602 498 1651 inpotentia
513 1610 723 1654 exercent,
744 1615 868 1654 quae,
891 1605 985 1654 quia
1004 1605 1162 1644 feminis
1177 1605 1355 1645 honores

76 1668 158 1696 non
187 1658 278 1696 licet
303 1668 463 1706 gerere,
495 1670 568 1708 per
595 1660 685 1699 illos
713 1660 949 1699 ambitiosae
969 1666 1080 1710 sunt,
1112 1673 1216 1711 quae
1236 1662 1355 1712 patri—

39 1741 46 1748 .
76 1712 212 1752 monia
236 1713 407 1752 filiorum
434 1720 473 1754 et
502 1715 741 1755 exhauriunt
769 1722 808 1756 et
834 1721 1013 1765 captant,
1040 1728 1145 1766 quae
1165 1718 1356 1767 eloquen-

77 1770 172 1808 tiam
198 1770 492 1810 commodando
523 1771 611 1809 aliis
637 1772 828 1820 fatigant:
872 1777 916 1811 tu
947 1772 1165 1812 liberorum
1197 1779 1356 1813 tuorum
1373 1789 1396 1822 3

76 1825 196 1864 bonis
226 1825 437 1874 plurimum
452 1827 602 1874 >gavisa
629 1836 694 1874 es,
721 1828 925 1867 minimum
943 1839 1031 1868 usa.
1070 1834 1113 1868 tu
1132 1829 1357 1869 liberalitati

80 1885 244 1920 nostrae
281 1891 442 1930 semper
475 1882 689 1930 inposuisti
715 1883 904 1931 modum,
941 1895 1032 1924 cum
1062 1890 1157 1924 tuae
1183 1896 1263 1925 non
1300 1886 1356 1923 in-

81 1946 270 1984 poneres
324 1941 365 1975 tu
401 1936 483 1975 filia
512 1937 684 1976 familIae
710 1939 978 1989 locupletibus
1007 1937 1099 1980 filiis
1128 1941 1232 1979 ultro
1262 1951 1355 1980 con—

79 1991 214 2031 tulisti.
243 1997 287 2031 tu
302 1992 540 2041 patrimonia
553 1998 692 2032 nostra
707 1994 765 2033 sic
780 1994 1078 2044 administrasti,
1097 2001 1140 2036 ut
1154 2001 1359 2047 tamquam

80 2046 121 2086 in
138 2046 217 2087 tuis
237 2048 463 2096 laborares,
493 2054 695 2098 tamquam
714 2050 855 2089 alienis
875 2049 1111 2091 abstineres.
1146 2057 1190 2091 tu
1207 2054 1358 2102 gratiae

82 2107 262 2152 nostrae,
292 2109 494 2153 tamquam
521 2105 610 2144 aliis
636 2105 759 2144 rebus
785 2107 974 2155 utereris,
1005 2108 1221 2157 pepercisti
1248 2113 1357 2149 etex

81 2158 301 2198 honoribus
325 2162 474 2200 nostris
496 2161 593 2199 nihil
612 2161 664 2200 ad
681 2166 718 2200 te
733 2162 810 2201 nisi
826 2163 1012 2211 voluptas
1028 2168 1068 2202 et
1082 2164 1257 2217 inpensa
1264 2176 1356 2217 per-

83 2214 216 2254 tinuit=
243 2226 461 2280 numquam
480 2217 613 2266 indul„
594 2216 725 2256 entia
740 2217 796 2256 -ad
814 2218 1022 2257 utilitatem
1042 2221 1234 2269 respexit.
1268 2222 1357 2261 Non

83 2275 199 2318 potes
214 2271 349 2321 itaque
359 2282 407 2311 ea
422 2273 460 2311 in
471 2278 610 2322 erepto
621 2273 702 2312 filio
712 2272 957 2323 desiderare,
974 2285 1079 2325 quae
1089 2278 1161 2324 [in]
1170 2277 1357 2329 incolumi

83 2335 296 2376 numquam
318 2328 368 2366 ad
390 2333 429 2367 te
448 2329 647 2378 pertinere
670 2328 831 2369 duxisti.
