1592 2580
296 156 373 197 148
617 159 628 165 ⁴
646 156 688 193 L.
717 155 906 199 ANNAEI„
930 154 1151 194 SENECAE

297 256 467 305 quadam
495 254 695 294 saeviendi
723 254 832 302 furit,
867 254 902 292 si
928 254 967 292 in
993 258 1289 302 ore,parentum
1315 254 1460 294 liberos
1479 257 1536 294 iu-

294 313 420 359 gulat,
440 310 475 348 si
493 320 572 348 non
591 313 796 348 contentus
818 307 983 357 simplici
1001 314 1125 347 morte
1143 308 1363 357 distorquet
1377 320 1449 348 nec
1463 312 1539 348 urit

295 367 422 403 solum
447 364 661 412 periturOS‚
690 363 764 402 sed
791 362 994 410 excoquit,
1028 363 1062 402 si
1084 363 1270 410 carnifex
1289 364 1374 401 eius
1396 374 1538 402 cruore

293 423 332 458 et
350 429 508 466 semper
524 418 670 456 recenti
689 418 836 456 madet:
865 427 1001 465 parum
1020 422 1080 455 est
1095 416 1186 455 huic
1203 416 1436 456 beneficium
1457 429 1537 456 nou

291 473 470 511 reddere.
501 471 687 520 quicquid
707 477 788 510 erat
807 482 884 519 quo
904 470 995 509 mihi
1013 471 1253 518 cohaereret,
1273 471 1465 510 intercisa
1479 472 1535 510 iu-

256 535 277 569 9
292 528 346 565 ris
366 527 524 565 humani
543 526 713 565 societas
732 525 909 564 abscidit.
956 524 998 564 Si
1017 526 1275 573 praestitisset
1294 526 1452 573 quidem
1469 527 1537 563 ali-

294 581 389 630 quid
403 581 514 629 mihi,
547 581 620 619 sed
635 590 742 618 arma
756 581 904 628 patriae
917 590 1028 618 meae
1048 579 1224 618 inferret:
1254 580 1440 626 quicquid
1456 590 1535 617 me-

292 640 423 675 ruerat
441 635 681 684 perdidisset
696 640 733 673 et
751 635 897 672 referre
915 633 968 672 illi
984 632 1145 682 gratiam
1165 633 1296 672 scelus
1315 633 1535 671 haberetur.

293 690 328 728 si
356 700 435 728 non
463 690 628 737 patriam
656 698 780 726 meam
805 688 1015 736 inpugnat,
1044 687 1116 725 sed
1144 697 1241 725 suae
1268 687 1398 735 gravis
1419 691 1480 725 est
1498 692 1536 724 et

292 745 493 792 sepositus
514 754 538 781 a
555 753 643 781 mea
661 748 775 791 gente
795 752 904 780 suam
924 740 1111 789 exagitat,
1133 741 1326 779 abscindit
1345 740 1535 780 nihilomi—

291 809 367 837 nus
380 798 486 836 illum
498 802 603 836 tanta
615 797 788 845 pravitas
801 796 915 834 animi
926 799 988 842 [et]
1000 796 1240 833 etiamsinon
1252 795 1459 842 inimicum,
1478 794 1535 832 in—

291 852 421 891 visum
439 851 532 890 mihi
551 851 670 890 efficit
688 851 874 899 priorque
887 850 980 887 mihi
995 860 1042 887 ac
1058 850 1184 898 potior
1198 850 1283 887 eius
1300 848 1420 887 officii
1436 849 1534 886 ratio

292 911 369 954 est,
408 907 516 955 quod
543 905 712 944 humano
731 903 864 953 generi
884 914 1001 952 quam
1021 904 1128 952 quod
1147 903 1211 941 uni
1232 904 1377 942 homini
1396 903 1535 941 debeo.

258 972 278 1005 l
373 961 453 1000 XX.
492 959 572 998 Sed
594 960 770 1008 quamvis
789 958 864 997 hoc
882 959 935 996 ita
956 958 1005 995 sit
1024 963 1060 996 et
1079 968 1129 995 ex
1149 969 1196 996 eo
1214 961 1390 1005 tempore
1408 958 1538 995 omnia

292 1014 383 1053 mihi
403 1016 442 1053 in
461 1015 566 1052 illum
587 1015 662 1053 sint
679 1014 818 1061 libera,
849 1023 896 1050 ex
918 1023 996 1059 quo
1021 1012 1308 1059 corrumpendo
1322 1013 1388 1048 ‘fas
1409 1021 1534 1056 omne,

291 1076 334 1108 ut
354 1069 447 1107 nihil
465 1070 503 1107 in
524 1079 612 1107 eum
630 1068 741 1106 nefas
760 1071 884 1114 esset,
915 1066 1105 1104 effecerit:
1135 1066 1240 1104 illum
1262 1065 1354 1103 mihi
1374 1075 1535 1103 servan-

293 1125 385 1162 dum
410 1123 568 1161 modum
595 1123 771 1168 credam,
798 1126 857 1166 ut,
887 1121 922 1159 si
941 1120 1172 1158 beneficium
1190 1120 1243 1159 illi
1263 1130 1390 1157 meum
1407 1129 1537 1167 neque

290 1178 395 1216 vires
423 1177 592 1215 maiores
619 1177 796 1214 daturum
815 1181 876 1213 est
894 1176 932 1212 in
951 1174 1108 1212 exitium
1128 1184 1331 1211 commune
1350 1183 1423 1211 nee
1443 1183 1535 1211 con-

291 1232 531 1270 firmaturum
546 1240 644 1278 quas
665 1229 792 1276 habet,
817 1228 858 1267 id
876 1234 1004 1267 autem
1023 1227 1105 1274 erit,
1127 1228 1234 1275 quod
1252 1228 1305 1265 illi
1323 1227 1436 1265 reddi
1452 1227 1538 1264 sine

255 1295 275 1326 2
293 1285 465 1334 pernicie
482 1284 640 1333 publica
660 1284 805 1331 possit,
830 1283 1006 1321 reddam.
1049 1282 1224 1320 Servabo
1244 1281 1364 1319 filium
1381 1281 1464 1319 eius
1481 1281 1536 1318 in-

291 1336 455 1378 fantem:
485 1339 578 1387 quid
597 1338 673 1376 hoc
692 1337 924 1376 beneficium
944 1336 1057 1375 obest
1071 1337 1251 1384 cuiquam
1266 1346 1412 1381 eorum,
1436 1346 1538 1383 quos

292 1394 501 1432 crudelitas
529 1393 615 1430 eius
642 1393 813 1430 lacerat?
848 1390 1075 1439 pecuniam,
1113 1400 1214 1438 quae
1241 1389 1444 1427 satellitem
1471 1390 1538 1427 sti-

291 1448 435 1495 pendio
454 1451 603 1493 teneat,
633 1457 711 1484 non
731 1444 1045 1484 subministrabo.
1093 1443 1133 1482 Si
1148 1454 1341 1482 marmora
1355 1447 1393 1480 et
1409 1449 1538 1481 vestes

291 1501 592 1547 desideraverit,
621 1500 716 1552 nihil
743 1499 869 1538 oberit
895 1499 1077 1547 cuiquam
1097 1498 1154 1543 id,
1184 1508 1261 1546 quo
1282 1496 1435 1535 luxuria
1454 1497 1540 1535 eius

249 1561 271 1594 3
291 1556 511 1595 instruitur:
540 1555 699 1593 militem
718 1560 756 1592 et
775 1563 883 1591 arma
896 1564 974 1591 non
990 1553 1210 1600 subgeram.
1257 1551 1297 1589 Si
1313 1562 1384 1599 pro
1398 1561 1540 1599 magno

292 1616 398 1659 petet
423 1619 583 1647 munere
610 1609 779 1647 artifices
804 1618 948 1646 scenae
969 1611 1006 1645 et
1025 1611 1155 1647 scorta
1173 1611 1211 1645 et
1231 1616 1332 1654 quae
1352 1605 1540 1643 feritatem

291 1666 376 1703 eius
405 1664 622 1710 emolliant,
659 1662 787 1701 libens
815 1662 988 1700 offeram.
1032 1660 1094 1699 cui
1120 1660 1295 1698 triremes
1324 1664 1362 1698 et
1388 1665 1540 1698 aeratas

290 1730 368 1758 non
387 1718 575 1756 mitterem
588 1747 597 1764 ‚
622 1718 791 1755 lusorias
812 1722 849 1755 et
875 1716 1117 1754 cubiculatas
1143 1719 1180 1752 et
1199 1715 1274 1752 alia
1295 1713 1462 1751 ludibria
1478 1723 1539 1751 re-

290 1784 382 1820 gum
415 1774 454 1810 in
479 1772 575 1809 mari
600 1770 882 1809 lascivientium
902 1770 1066 1807 mittam:
1095 1773 1133 1806 et
1151 1769 1184 1806 si
1204 1779 1254 1806 ex
1272 1772 1353 1806 toto
1372 1768 1457 1805 eius
1478 1777 1539 1805 sa-

289 1828 390 1866 nitas
424 1827 634 1873 desperata
656 1825 789 1870 fuerit,
819 1825 956 1862 eadem
975 1834 1093 1861 manu
1111 1817 1346 1860 beneficium'
1360 1821 1540 1860 omnibus

291 1882 413 1928 dabo,
438 1880 493 1918 illi
509 1880 692 1917 reddam:
720 1879 906 1928 quoniam
926 1878 1090 1925 ingeniis
1109 1876 1250 1914 talibus
1271 1876 1398 1913 exitus
1416 1885 1538 1913 reme-

291 1936 395 1974 dium
423 1939 484 1973 est
511 1933 779 1982 optimumque
805 1938 865 1970 est
889 1931 996 1970 abire
1022 1931 1076 1978 ei,
1109 1930 1175 1978 qui
1193 1930 1245 1968 ad
1264 1940 1308 1968 se
1327 1939 1539 1976 numquam

250 1997 271 2030 4
288 1990 485 2036 rediturus
505 1993 576 2028 est.
620 1986 701 2026 Sed
719 1987 817 2024 haec
835 1996 923 2024 rara
942 1985 1116 2034 nequitia
1136 1989 1199 2022 est
1216 1988 1255 2021 et
1273 1992 1430 2030 semper
1448 1993 1539 2030 por-

291 2044 383 2082 tenti
409 2045 498 2082 loco
524 2041 676 2089 habita,
705 2042 806 2080 sicut
830 2040 958 2078 hiatus
978 2045 1105 2078 terrae
1123 2042 1160 2076 et
1179 2048 1201 2076 e
1220 2037 1397 2075 cavernis
1417 2036 1535 2074 maris

290 2099 435 2146 ignium
463 2097 629 2145 eruptio.
670 2095 802 2143 itaque
829 2094 878 2132 ab
901 2094 965 2132 illa
984 2093 1231 2132 recedamus:
1261 2091 1312 2128 de
1331 2091 1379 2128 iis
1398 2091 1535 2138 loqua—

249 2162 269 2192 ὁ
291 2163 375 2191 mur
400 2152 522 2198 vitiis,
551 2161 654 2200 quae
681 2150 919 2188 detestamur
945 2148 1029 2186 sine
1053 2147 1227 2185 horrore.
1270 2144 1370 2182 Huic
1389 2144 1537 2183 homiui

291 2208 412 2253 malo,
441 2216 557 2254 quem
578 2204 752 2243 invenire
771 2204 810 2241 in
830 2202 1003 2251 quolibet
1018 2202 1102 2240 soro
1118 2210 1300 2247 possum,
1328 2209 1443 2246 quem
1460 2199 1539 2236 sin-

290 2262 370 2308 guli
389 2261 539 2307 timent,
567 2259 729 2297 reddam
746 2256 996 2303 beneficium,
1023 2255 1129 2304 quod
1147 2254 1295 2300 accepi.
1325 2263 1403 2291 non
1419 2263 1538 2300 opor-

290 2319 345 2354 tet
369 2315 459 2353 milii
489 2314 699 2362 nequitiam
725 2313 809 2351 eius
836 2311 1041 2360 prodesse.
1078 2308 1185 2356 quod
1213 2318 1341 2345 meum
1361 2317 1439 2346 non
1462 2314 1533 2354 est,
