1624 2626
0 1906 5 1944 ἰ

0 2028 6 2055 ι

310 173 443 213 DIAL.
469 173 536 212 IV.
565 172 632 212 DE
659 171 751 211 IRA
778 171 874 211 LIB.
901 171 949 210 11.
977 174 1152 212 33—35.
1323 169 1375 211 77

87 275 443 318 commendationis
464 275 644 314 adlatura
664 275 715 313 sit
735 272 967 314 clementiae
989 275 1114 324 sama,
1137 276 1372 325 quammul-

91 339 154 372 tos
183 332 303 371 venia
322 331 474 370 amicos
502 331 619 370 utiles
645 331 797 369 fecerit.
838 331 919 369 Nec
947 331 1168 370 irascamur
1195 330 1373 370 inimico·
1389 337 1412 371 3

82 400 172 428 rum
190 392 229 426 et
247 386 420 427 hostium
439 386 589 427 liberis.
631 387 738 425 Inter
757 386 947 425 Sullanae
971 386 1216 427 crudelitatis
1238 397 1373 426 exem·

83 445 152 493 pla
179 447 258 491 est,
289 443 400 492 quod
427 453 451 480 a
477 442 684 491 republica
705 443 853 482 liberos
872 442 1189 492 proscriptorum
1210 443 1372 482 submo-

81 500 156 538 vit:
190 499 287 538 nihil
321 503 384 538 est
416 498 593 547 iniquius
630 509 751 547 quarn
781 499 955 547 aliquem
991 497 1182 537 heredem
1217 499 1373 548 paterni

83 555 165 594 odii
185 555 282 593 fieri.
320 553 568 603 Cogitemus,
595 555 780 603 quotiens
804 554 856 592 ad
875 554 1167 602 ignoscendum
1188 554 1373 593 difficiles
1389 559 1412 594 4

85 611 254 658 erimus,
302 621 354 648 an
391 610 579 658 expediat
610 609 728 649 nobis
769 620 910 648 omnes
951 609 1224 649 inexorabiles
1265 620 1373 649 esse.

85 677 204 715 quam
224 676 350 714 saepe
368 666 526 704 veniam
549 666 616 714 qui
637 665 818 714 negavit,
847 665 971 714 petit?
1000 676 1120 715 quam
1141 676 1266 715 saepe
1286 666 1373 704 eius

83 722 255 772 pedibus
277 722 490 760 advolutus
511 726 592 769 est,
615 731 736 770 quem
752 731 777 759 a
795 722 878 760 suis
897 722 1070 770 repulit?
1089 722 1186 771 quid
1207 726 1270 760 est
1287 722 1374 770 glo—

83 777 231 817 riosius
254 788 373 827 quam
393 777 491 815 iram
512 777 685 816 amicitia
702 781 883 815 mutare?
908 788 1012 826 quos
1033 779 1208 826 populus
1227 778 1372 817 Roma-

86 844 163 872 nus
183 833 387 872 fideliores
411 832 532 872 habet
557 833 694 872 socios
718 843 838 882 quam
859 843 963 882 quos
983 833 1120 873 habuit
1139 832 1373 882 pertinacis-

86 889 210 928 simos
233 888 403 928 hostes?
430 889 540 936 quod
560 888 682 927 hodie
708 892 817 927 esset
843 889 1074 938 imperium,
1101 888 1180 928 nisi
1201 888 1374 935 salubris

56 978 60 981 ,
88 944 339 994 providentia
370 944 500 983 victos
544 943 848 992 permiscuisset
882 945 1133 984 victoribus?
1176 945 1412 984 Irascetur-5

86 1000 252 1049 aliquis=
281 1004 324 1039 tu
348 1004 486 1038 contra
504 999 712 1038 beneficiis
737 1010 927 1048 provoca.
959 1001 1066 1039 cadit
1085 1001 1218 1039 statim
1240 1001 1375 1039 simul—

84 1061 146 1095 tas
168 1055 217 1094 ab
239 1056 363 1094 altera
385 1059 496 1103 parte
517 1055 688 1094 deserta.
722 1055 800 1093 nisi
820 1055 935 1103 paria
954 1066 1034 1095 non
1056 1060 1249 1105 pugnant.
1290 1055 1373 1094 Sed

84 1111 282 1159 utrimque
309 1110 475 1150 certabit
509 1112 589 1159 ira,
627 1110 896 1150 concurritur:
934 1110 1001 1150 ille
1032 1116 1095 1151 est
1131 1111 1272 1151 melior
1303 1112 1373 1160 qui

84 1165 194 1216 prior
223 1166 365 1215 pedem
395 1165 546 1214 retulit,
577 1165 707 1206 victus
738 1171 802 1205 est
831 1166 899 1215 qui
928 1167 1035 1206 vicit.
1077 1166 1284 1206 Percussit
1311 1171 1372 1205 te:

83 1221 242 1260 recede.
278 1221 504 1260 referiendo
535 1222 640 1261 enim
666 1225 706 1260 et
733 1221 990 1261 occasionem
1019 1223 1184 1272 saepius
1206 1221 1373 1262 feriendi

85 1277 200 1316 dabis
219 1281 261 1316 et
280 1276 593 1316 excusationem.
623 1288 703 1317 non
724 1278 877 1326 poteris
896 1279 1056 1327 revelli,
1079 1289 1170 1318 cum
1190 1280 1318 1318 voles.

163 1332 320 1372 XXXV.
349 1333 551 1382 Numquid
572 1333 668 1372 velit
689 1334 904 1382 quisquam
925 1338 1003 1372 tam
1023 1335 1197 1383 graviter
1216 1334 1372 1374 hostem
1390 1343 1407 1375 1

86 1387 224 1436 ferire,
243 1394 287 1427 ut
304 1387 502 1437 relinquat
520 1399 682 1428 manum
703 1389 743 1428 in
763 1390 928 1428 volnere
949 1395 988 1429 et
1010 1401 1055 1429 se
1077 1390 1126 1428 ab
1151 1391 1234 1430 ictu
1254 1401 1372 1430 revo-

87 1453 179 1482 care
204 1454 287 1483 non
314 1444 470 1492 possit?
495 1445 605 1493 atqui
634 1445 713 1483 tale
731 1445 790 1483 ira
807 1446 929 1484 telum
949 1451 1030 1485 est:
1061 1446 1129 1485 vix
1146 1446 1371 1486 retrahitur.

85 1499 208 1536 Arma
231 1498 348 1538 nobis
377 1500 566 1548 expedita
588 1499 880 1549 prospicimuS‚
910 1501 1086 1549 gladium
1118 1502 1372 1541 commodiun

87 1558 127 1591 et
148 1553 339 1592 habileme
363 1565 442 1593 non
462 1555 674 1601 vitabimus
692 1556 853 1605 inpetus
873 1557 993 1596 animi
1016 1558 1092 1597 hos
1113 1568 1279 1607 graves,
1311 1559 1371 1597 fu-

87 1609 225 1648 nebres
244 1614 282 1648 et
301 1608 616 1649 inrevocabiles?
639 1611 698 1650 Ea
714 1612 870 1651 demum
888 1613 1080 1653 velocitas
1101 1615 1244 1663 placet,
1268 1624 1371 1663 quae
1386 1618 1408 1651 2

87 1664 153 1702 ubi
172 1663 285 1703 iussa
305 1669 385 1711 est,
408 1665 619 1713 vestigium
638 1666 742 1706 sistit
760 1678 835 1707 nec
854 1669 957 1707 ultra
984 1669 1183 1709 destinata
1206 1679 1371 1719 procur-

84 1719 135 1759 rit
155 1719 344 1768 ssectique
364 1725 403 1759 et
423 1731 447 1758 a
468 1731 588 1761 cursu
608 1722 660 1760 ad
683 1723 850 1772 gradum
878 1725 1016 1763 reduci
1039 1730 1183 1774 potest.
1225 1736 1372 1774 aegros

87 1775 234 1814 scimus
250 1786 398 1815 nervos
419 1786 524 1823 esse,
544 1776 612 1816 ubi
627 1778 758 1817 invitis
775 1779 890 1818 nobis
908 1786 1127 1820 moventur.
1158 1791 1286 1820 senex
1305 1786 1373 1820 aut

85 1830 230 1870 infirmi
251 1833 434 1880 corporis
457 1836 530 1880 est,
553 1833 620 1881 qui
640 1843 729 1873 cum
747 1833 949 1874 ambulare
967 1838 1063 1884 vult,
1084 1837 1225 1875 currit:
1251 1837 1372 1875 animi

89 1892 220 1926 motus
235 1897 306 1926 eos
322 1893 507 1936 putemus
524 1888 760 1928 sanissimos
769 1890 1134 1941 validissimosque,
1148 1892 1214 1941 qui
1232 1897 1370 1931 nostro

90 1943 251 1982 arbitrio
272 1943 401 1991 ibunt,
430 1955 510 1982 non
531 1955 606 1982 suo
627 1944 812 1983 serentur.
849 1945 950 1984 Nihil
973 1952 1105 1986 tamen
1129 1957 1259 1996 aeque
1280 1958 1371 1996 pro·
1387 1954 1410 1988 3

92 1998 209 2038 fuerit
229 2009 346 2048 quam
364 1999 534 2048 primum
552 1999 694 2038 intueri
707 2000 995 2040 deformitatem
1011 2003 1081 2048 rei,
1106 2002 1252 2041 deinde
1266 2004 1369 2052 peri-

55 2101 58 2104 >
91 2055 235 2093 culum.
272 2054 359 2093 Non
381 2060 441 2094 est
464 2054 581 2094 ullius
606 2055 787 2094 adfectus
807 2055 932 2095 facies
953 2057 1157 2097 turbatior.
1186 2059 1368 2107 pulcher-

48 2109 186 2170 rima
201 2120 273 2149 ora
291 2110 436 2150 foedav
438 2112 477 2157 it,
500 2115 638 2150 torvos
659 2122 684 2149 v
686 2112 791 2150 oltus
808 2122 860 2150 ex
874 2113 1210 2162 tranquillissimis
1225 2114 1368 2154 reddit.

40 2171 87 2221 z}
516 2168 656 2215 linquet
674 2167 790 2205 decor
810 2169 932 2206 omnis

54 2219 228 2259 stratos.
257 2226 297 2260 et
315 2221 400 2260 sive
419 2222 587 2261 amictus
611 2223 688 2261 illis
711 2223 946 2270 conpositus
971 2227 1033 2262 est
1051 2224 1102 2263 ad
1119 2224 1267 2274 legem,
1287 2231 1365 2265 tra-

56 2273 179 2318 luent
199 2281 350 2315 vestem
370 2288 608 2327 omnemque
630 2288 765 2317 cutam
794 2278 858 2317 sui
878 2278 1094 2320 effundent.
1136 2281 1221 2320 sive
1242 2282 1365 2331 capil-

55 2329 211 2371 lorum
229 2337 370 2379 natura
384 2334 447 2372 vel
463 2338 545 2373 arte
559 2333 768 2373 iacentium
786 2345 864 2374 non
885 2334 1063 2376 informis
1081 2335 1250 2386 habitus,
1274 2348 1364 2376 curn

55 2491 83 2527 fi·
142 2511 145 2520 =

46 2529 86 2626 ft
