1624 2626
0 0 6 186 ἱ

262 132 396 172 DIAL.
427 131 494 171 ΙΙΙ.
532 130 598 170 DE
625 130 715 170 IRA
743 129 837 169 LIB.
867 129 896 168 I.
927 133 1099 169 18—20.
1277 127 1329 168 51

2 273 3 283 ¹
42 234 244 274 avellere?
274 233 402 271 femur
420 236 644 281 pectusque
667 233 904 279 percutere?
932 234 1120 279 quantam
1140 229 1237 268 iram
1258 241 1330 278 pu-

43 296 124 337 taS,
147 299 272 338 quae,
292 289 387 337 quia
406 288 445 326 in
465 287 584 326 alium
604 298 683 326 non
705 292 782 325 tam
803 286 879 325 cito
902 297 1022 334 quam
1042 287 1127 324 vult
1146 286 1330 334 erumpit,

40 347 80 385 in
109 355 155 395 se
181 345 419 383 revertitur?
447 348 630 382 tenentur
657 343 790 391 itaque
809 353 834 381 a
853 342 1047 391 proximis
1067 346 1107 380 et
1125 346 1329 390 rogantur,

41 405 83 440 ut
111 401 189 449 ipsi
218 401 294 439 sibi
325 401 545 448 placentur.
584 409 755 447 quorum
781 397 836 437 nil
856 398 950 437 facit
970 397 1156 447 quisquis
1178 408 1330 436 vacuus
1346 403 1367 437 5

39 457 99 495 ira
126 457 302 495 meritam
324 455 469 504 cuique
491 465 663 504 poenam
685 454 862 503 iniungit.
898 453 1062 493 Dimittit
1081 463 1205 501 saepe
1225 463 1329 501 eum,

41 513 155 551 cuius
184 517 392 560 peccatum
420 511 651 559 deprendit,
684 510 719 549 si
748 510 991 559 poenitentia
1011 509 1103 548 facti
1123 519 1239 557 spem
1258 509 1330 548 bo·

39 579 130 606 nam
151 569 380 617 pollicetur,
409 567 443 605 si
463 567 653 615 intellegit
672 578 752 605 non
772 577 823 605 ex
843 567 921 605 alto
943 575 1077 604 venire
1096 563 1328 614 nequitiam,

40 625 114 663 sed
134 634 310 670 summo,
339 623 447 672 quod
470 624 599 669 aiunt,
630 622 761 661 animo
782 622 1005 660 inhaerere.
1043 621 1153 660 dabit
1171 621 1329 669 inpuni-

0 697 1 708 2
40 685 158 720 tatem
174 690 247 718 nec
262 679 553 728 accipientibus
570 678 792 717 nocituram
807 688 881 716 nec
897 677 1098 716 dantibus.
1126 677 1327 715 Nonnum-
1344 680 1366 714 6

39 746 159 784 quam
185 746 331 783 magna
361 736 516 774 scelera
544 734 674 773 levius
704 745 822 783 quain
848 734 1003 772 minora
1023 736 1263 781 conpescet,
1292 734 1328 771 si

38 791 106 829 illa
126 792 265 839 lapsu,
295 801 375 829 non
404 790 637 829 crudelitate
670 789 884 828 commissa
911 793 1026 836 sunt,
1054 788 1116 827 his
1145 789 1250 827 inest
1269 789 1326 827 la-

38 852 127 885 tens
156 853 195 886 et
224 851 364 895 operta
385 851 425 885 et
451 847 672 884 inveterata
691 843 897 883 calliditas.
936 845 1046 882 Idem
1074 844 1261 882 delictum
1289 843 1329 883 in

39 903 198 942 duobus
226 914 307 941 non
337 903 478 941 eodeni
509 903 613 940 malo
641 901 818 948 adficiet,
847 899 883 939 si
904 900 1003 938 alter
1022 910 1095 948 per
1114 900 1328 948 neglegen-

39 959 130 997 tiam
152 958 330 1003 admisit,
360 959 458 996 alter
478 957 630 996 curavit
649 960 692 994 ut
716 965 869 993 nocens
891 959 1012 994 esset.
1049 956 1139 994 Hoc
1167 963 1364 1003 semper7

40 1015 76 1051 in
108 1013 215 1052 omni
243 1013 590 1052 animadversione
618 1010 812 1058 servabit,
839 1016 882 1049 ut
908 1011 1009 1049 sciat
1029 1012 1194 1049 alteram
1216 1011 1327 1049 adhi-

39 1069 144 1118 beri,
171 1074 214 1108 ut
240 1069 424 1108 emendet
452 1069 598 1114 malos,
627 1068 811 1113 alteram,
840 1071 884 1104 ut
911 1067 1035 1106 tollat.
1085 1067 1126 1104 in
1154 1070 1328 1115 utroque

37 1136 117 1164 non
147 1125 376 1174 praeterita,
407 1125 481 1163 sed
501 1124 632 1162 sutura
650 1122 877 1161 intuebitur.
916 1133 1030 1170 nam,
1061 1126 1105 1161 ut
1129 1121 1240 1161 Plato
1262 1124 1325 1170 ait,

36 1192 145 1220 nemo
163 1182 343 1230 prudens
362 1182 501 1229 punit,
521 1180 615 1227 quia
636 1182 844 1227 peccatum
869 1183 943 1226 est,
971 1179 1043 1218 sed
1058 1190 1107 1217 ne
1129 1183 1326 1227 peccetur.

36 1239 215 1276 revocari
239 1239 341 1276 enim
359 1237 580 1285 praeterita
605 1245 682 1273 non
696 1238 876 1283 possunt,
894 1235 1038 1282 futura
1055 1235 1325 1282 prohibentur.

37 1297 77 1333 et
104 1303 207 1342 quos
235 1294 342 1332 volet
368 1290 569 1339 nequitiae
588 1291 692 1328 male
713 1290 894 1329 cedentis
915 1290 1100 1338 exempla
1122 1290 1226 1338 fieri,
1257 1301 1326 1339 pa-

35 1349 114 1387 lam
133 1348 299 1396 occidet‚
320 1358 397 1386 non
419 1351 571 1385 tantum
591 1350 634 1384 ut
653 1351 821 1394 pereant
839 1346 935 1395 ipsi,
959 1347 1034 1385 sed
1054 1351 1095 1385 ut
1114 1345 1215 1388 alios
1235 1357 1326 1395 per-

37 1405 169 1444 eundo
198 1404 432 1442 deterreant.
473 1403 583 1440 Haec
612 1401 675 1440 cui
703 1402 974 1450 expendenda
993 1402 1365 1451 aestimandaque8

39 1464 148 1506 sunt,
173 1459 287 1509 vidqs
317 1469 436 1507 quain
466 1458 611 1496 debeat
640 1457 747 1496 omni
766 1458 1067 1507 perturbatione
1089 1458 1190 1496 liber
1211 1469 1325 1497 acce-

38 1514 134 1553 dere
164 1514 216 1553 ad
241 1519 339 1558 rem,
355 1524 509 1553 summa
537 1513 741 1561 diligentia
774 1514 1043 1562 tractandam,
1084 1519 1326 1562 potestatem

38 1570 140 1609 vitae
161 1569 365 1617 necisquez
392 1569 497 1607 Male
516 1570 615 1608 irato
636 1570 783 1608 ferrum
805 1569 1070 1608 committitur.

80 1651 94 1658 ψ
117 1626 200 1664 ΧΧ.
230 1625 287 1663 Ne
305 1624 403 1665 illud
427 1625 586 1673 quidem
609 1625 864 1664 iudicandum
882 1631 955 1674 est,
979 1626 1132 1674 aliquid
1154 1626 1252 1664 iram
1273 1626 1324 1664 ad
1341 1636 1359 1670 1

39 1678 349 1736 magnitudinem
377 1680 495 1718 animi
525 1681 720 1719 conferre.
756 1692 835 1720 non
865 1686 927 1721 est
951 1681 1054 1720 enim
1084 1682 1151 1721 illa
1174 1682 1323 1730 magni-

36 1738 151 1785 tudo,
179 1740 312 1776 tumor
339 1740 412 1774 est.
458 1745 533 1774 nec
561 1736 798 1789 corporibus
833 1738 952 1787 copia
983 1737 1116 1776 vitiosi
1142 1737 1323 1776 humoris

36 1793 195 1850 intentis
217 1792 379 1831 morbus
400 1792 686 1831 incrementum
706 1797 788 1840 est,
809 1794 882 1832 sed
902 1794 1096 1843 pestilens
1117 1793 1322 1832 abundan-

37 1849 101 1888 tia.
126 1847 277 1888 omnes
299 1859 403 1897 quos
421 1857 565 1886 vecors
575 1847 742 1887 <animus
763 1859 886 1897 supra
907 1850 1171 1898 cogitationes
1197 1850 1322 1887 extol·
1339 1859 1361 1892 2

35 1906 78 1944 lit
104 1904 317 1951 humanas,
349 1905 470 1944 altum
500 1903 689 1952 quiddam
717 1908 756 1942 et
783 1905 952 1944 sublime
979 1905 1135 1953 spirare
1164 1915 1209 1943 se
1239 1915 1322 1943 cre-

37 1961 151 2000 dunt=
187 1965 360 1998 ceterum
398 1959 452 1998 nil
487 1959 605 1998 solidi
641 1958 800 2008 subest,
838 1961 912 1999 sed
946 1961 984 1998 in
1011 1961 1166 1998 ruinam
1194 1971 1323 2009 prona

35 2021 146 2064 sunt,
166 2026 270 2064 quae
297 2016 384 2055 sine
411 2015 680 2057 fundamentis
709 2025 881 2054 crevere.
920 2016 1007 2053 Non
1034 2015 1155 2057 habet
1176 2016 1236 2055 ira
1257 2017 1322 2055 cui

11 2072 204 2119 :insistat
247 2083 328 2111 non
355 2082 407 2110 ex
434 2071 550 2109 firmo
577 2081 851 2120 mansuroque
880 2072 1022 2119 oritur,
1051 2071 1124 2111 sed
1154 2076 1322 2111 ventosa

8 2148 21 2174 ¹.
34 2133 72 2167 et
90 2127 219 2166 inanis
244 2132 306 2166 est
322 2131 553 2175 tantumque
573 2126 688 2165 abest
707 2137 732 2164 a
748 2126 1018 2175 magnitudine
1033 2125 1171 2176 animi,
1193 2139 1320 2176 quan·

12 2183 116 2223 stum
143 2193 168 2221 a
193 2182 423 2222 fortitudine
455 2181 642 2228 audacia,
679 2192 703 2220 a
729 2181 877 2221 fiducia
908 2181 1141 2232 insolentia,
1170 2183 1220 2222 ab
1247 2194 1317 2222 au-

16 2239 208 2278 steritate
241 2236 418 2287 tristitia,
459 2249 483 2277 a
522 2238 735 2277 severitate
769 2238 976 2277 cudelitas.
1038 2238 1224 2287 Multum,
1260 2239 1356 2280 iii-3

39 2305 175 2342 quam,
222 2293 387 2334 interest
426 2294 527 2334 inter
564 2294 775 2333 sublimem
808 2294 981 2335 animum
1012 2298 1051 2334 et
1085 2295 1315 2344 superbum.

1049 2348 1102 2390 4*
