1624 2626
327 156 405 198 136
569 159 612 198 L.
638 160 827 199 ANNAEI
853 160 1235 221 SEUECAE·D1AL.
1266 166 1332 203 VI.

328 266 414 296 cum
457 257 615 297 videres
651 260 814 299 senilam
855 259 894 298 in
930 262 1072 302 iuvene
1105 265 1364 314 prudentiam,
1397 267 1584 307 victorem

328 312 501 351 omnium
520 314 761 362 voluptatum
780 315 963 363 animum,
983 319 1240 366 emendatum,
1261 326 1456 361 carentem
1475 323 1583 370 vitio,

327 367 481 406 divitias
503 367 588 407 sine
607 369 789 416 avaritia,
814 369 986 410 honores
1006 372 1093 411 sine
1110 373 1321 412 ambitione
1333 404 1342 422 ,
1362 377 1584 425 voluptates

326 422 412 460 sine
430 421 586 461 luxuria
605 423 874 472 adpetentem,
904 425 971 464 diu
989 426 1056 467 tibi
1078 426 1248 475 putabas
1268 429 1375 467 ilium
1395 432 1585 479 sospitem

326 486 450 524 posse
481 478 736 526 contingere?
777 478 972 527 Quicquid
1005 481 1056 519 ad
1082 491 1276 521 summum
1305 486 1500 532 pervenit,
1534 487 1587 523 ad

326 531 472 569 exitum
497 542 623 582 prope
651 537 724 571 est.
762 533 877 582 eripit
901 544 946 572 se
965 535 1171 584 aufertque
1191 547 1242 575 ex
1262 539 1387 577 oculis
1408 541 1586 587 perfecta

328 586 470 633 virtus,
509 587 786 625 necultimum
811 593 970 636 tempus
999 596 1233 638 exspectant
1260 603 1362 640 quae
1389 594 1429 631 in
1457 594 1584 642 primo

288 643 310 677 4
326 645 607 680 maturuerunt.
640 641 747 689 Ignis
769 653 847 690 quo
869 643 1011 682 clarior
1029 644 1154 692 fulsit,
1176 646 1290 685 citius
1312 648 1586 696 exstinguitur.

328 695 501 734 vivacior
520 700 594 741 est,
617 696 683 743 qui
704 707 792 734 cum
811 698 917 735 lenta
937 707 984 736 ac
1003 698 1153 738 difficili
1171 701 1333 740 materia
1349 703 1586 741 commissus

326 749 515 798 fumoque
535 750 742 788 demersus
762 760 812 788 ex
835 752 998 790 sordido
1019 754 1134 791 lucet.
1159 753 1299 793 eadem
1318 756 1421 794 enim
1441 757 1588 796 detinet

326 814 450 842 causa
469 814 584 852 quae,
604 805 772 852 maligne
791 805 879 843 alit:
899 806 957 844 sic
977 806 1135 854 ingenia
1147 819 1225 856 quo
1242 809 1478 855 inlustriora,
1499 811 1586 849 bre-

326 858 438 896 viora
462 864 564 897 sunt.
606 868 701 897 nam
724 859 792 898 ubi
818 860 1057 900 incremento
1086 863 1198 901 locus
1226 873 1304 903 non
1323 869 1402 911 est,
1434 865 1588 904 vicinus

290 912 310 945 5
328 922 497 951 occasus
517 917 589 951 est.
619 913 818 952 Fabianus
838 915 908 962 ait,
929 915 970 953 id
990 917 1095 964 quod
1117 917 1241 955 nostri
1264 929 1426 967 quoque
1449 930 1588 967 paren-

326 972 386 1005 tes
415 967 571 1015 videre,
606 978 773 1015 puerum
800 969 950 1008 Romae
979 970 1104 1008 fuisse
1130 977 1280 1010 statura
1306 974 1474 1021 ingentis
1503 975 1590 1012 viri.

328 1021 402 1060 sed
419 1021 484 1059 hic
504 1020 582 1060 cito
603 1022 797 1070 decessit,
824 1028 862 1062 et
880 1034 958 1061 non
980 1025 1210 1064 moriturum
1231 1028 1341 1066 brevi
1361 1038 1476 1067 nemo
1498 1039 1588 1076 pru-

328 1076 427 1114 dens
448 1076 557 1114 dix-it.
595 1087 675 1115 non
695 1081 848 1124 poterat
865 1078 967 1116 enim
990 1079 1039 1116 ad
1060 1079 1163 1118 illam
1183 1086 1349 1120 aetatem
1371 1083 1588 1130 pervenire,

329 1141 447 1178 quam
471 1135 740 1179 praeceperat.
769 1131 827 1170 lta
847 1137 925 1170 est:
953 1132 1138 1172 indicium
1161 1139 1221 1173 est
1239 1136 1462 1175 inminentis
1484 1137 1591 1175 exitii

327 1184 529 1223 maturitas
549 1189 588 1224 et
606 1186 758 1234 adpetit
774 1185 866 1224 finis
886 1187 953 1225 ubi
973 1187 1212 1227 incrementa
1232 1196 1468 1239 consumpta
1484 1196 1588 1229 sunt.

292 1244 310 1276 1
394 1239 532 1278 XXIV.
554 1239 729 1288 Incipe
749 1241 1025 1280 virtutibus
1047 1242 1209 1291 illum,
1227 1255 1319 1282 non
1342 1244 1487 1284 annis
1511 1256 1590 1284 ae·

329 1294 444 1333 stim
457 1304 562 1332 are:
587 1295 715 1333 satis
740 1295 823 1334 diu
844 1295 987 1334 vixit.
1016 1297 1189 1344 pupillus
1209 1298 1368 1338 relictus
1392 1300 1467 1338 sub
1491 1305 1589 1339 tuto·

329 1362 414 1389 rum
437 1359 532 1389 cura
552 1359 682 1399 usque
710 1350 759 1389 ad
791 1354 969 1400 quartum
998 1351 1191 1392 decimum
1218 1363 1361 1392 annum
1391 1354 1483 1400 fuit,
1518 1353 1591 1393 Sub

329 1405 464 1444 matris
484 1406 605 1444 tutela
633 1416 804 1454 semper.
839 1416 929 1444 cum
952 1406 1116 1446 haberet
1143 1418 1241 1446 suos
1262 1414 1446 1456 penates,
1476 1409 1591 1446 relin-

331 1470 454 1507 quere
485 1465 575 1499 tuos
608 1461 734 1499 noluit
758 1465 799 1499 et
822 1460 860 1498 in
889 1464 1065 1499 materno
1094 1463 1373 1509 contubernio,
1405 1474 1493 1501 cum
1528 1464 1594 1502 vix

332 1519 535 1563 paternum
555 1514 667 1554 liberi
687 1515 831 1562 ferant,
855 1516 1136 1563 perseveravit.
1174 1517 1412 1556 adulescens
1432 1522 1592 1566 statura,

332 1569 639 1618 pulchritudine,
667 1574 799 1608 cetero
823 1571 1006 1617 corporis
1027 1570 1172 1609 robore
1200 1571 1339 1610 castris
1359 1577 1474 1611 natus
1496 1571 1593 1611 mili·

295 1632 316 1666 2
331 1624 423 1662 tiam
437 1624 645 1670 recusavit,
667 1634 717 1661 ne
731 1634 755 1661 a
770 1629 807 1662 te
823 1624 1057 1663 discederet.
1085 1625 1275 1674 Conputa,
1295 1624 1452 1673 Marcia,
1477 1637 1594 1674 quam

331 1689 422 1716 raro
449 1678 596 1717 liberos
621 1678 782 1716 videant
809 1688 911 1726 quae
938 1679 977 1716 in
1005 1679 1173 1718 diversis
1204 1681 1386 1719 domibus
1405 1680 1594 1719 habitant.

333 1733 463 1781 cogita
486 1737 544 1772 tot
569 1733 658 1771 illos
686 1732 816 1781 perire
842 1743 969 1772 annos
996 1734 1185 1772 matribus
1214 1739 1253 1773 et
1270 1745 1343 1786 per
1366 1735 1594 1774 sollicitudi—

333 1798 423 1826 nem
444 1787 566 1835 exigi,
602 1787 747 1836 quibus
770 1787 874 1826 filios
901 1788 939 1825 in
969 1789 1145 1827 exercitu
1167 1788 1330 1827 habent:
1366 1790 1470 1828 scies
1498 1791 1592 1828 mul—

333 1847 413 1881 tum
440 1843 619 1891 patuisse
647 1842 724 1880 hoc
752 1847 929 1890 tempus,
962 1853 1012 1881 ex
1041 1854 1119 1892 quo
1148 1844 1201 1881 nil
1226 1843 1445 1892 perdidisti.
1484 1855 1594 1882 num-

336 1908 451 1945 quam
487 1908 512 1936 a
539 1901 757 1945 conspectu
785 1902 851 1935 tuo
880 1898 1059 1937 recessit.
1102 1897 1178 1937 sub
1204 1898 1331 1936 oculis
1358 1898 1437 1936 tuis
1464 1898 1597 1937 studia

334 1952 517 1990 formavit
539 1952 765 1990 excellentis
794 1951 941 1999 ingenii
966 1956 1008 1990 et
1033 1952 1236 2001 aequaturi
1261 1963 1395 2000 avum,
1421 1950 1502 1992 nisi
1527 1952 1595 1991 ob·

336 2006 502 2044 stitisset
532 2007 790 2054 verecundia,
829 2017 933 2055 quac
965 2008 1173 2046 multorum
1205 2008 1406 2055 profectus
1441 2008 1595 2046 silentio

299 2067 321 2103 3
337 2060 495 2109 pressit.
535 2061 785 2100 Adulescens
820 2062 1045 2100 rarissimae
1081 2062 1229 2100 formae
1265 2063 1305 2100 in
1341 2067 1419 2101 tam
1454 2072 1598 2110 magna

335 2114 565 2154 feminarum
596 2116 711 2154 turba
745 2116 852 2155 viros
887 2116 1219 2164 corrumpentium
1250 2116 1394 2155 nullius
1427 2127 1472 2155 se
1508 2115 1594 2164 spei

337 2169 536 2218 praebuit,
563 2175 602 2208 et
622 2181 709 2209 cum
730 2171 989 2220 quarumdam
1004 2181 1133 2219 usque
1151 2172 1201 2209 ad
1221 2171 1486 2220 temptandum
1508 2181 1595 2219 per·-

337 2223 514 2263 venisset
532 2224 770 2273 inprobitas,
805 2225 960 2265 erubuit
985 2226 1097 2274 quasi
1124 2231 1351 2274 peccasset,
1384 2226 1493 2273 quod
1514 2225 1595 2273 pla-

339 2282 485 2318 cuerat.
521 2278 595 2317 hac
623 2281 826 2319 sanctitate
854 2289 1005 2320 morum
1023 2278 1173 2329 effecit,
1206 2285 1249 2319 ut
1266 2290 1365 2330 puer
1383 2281 1596 2319 admodum
