1592 2580
250 152 302 191 90
632 151 675 188 L.
703 150 893 189 ANNAEI
921 149 1145 189 SENECAE

251 249 395 299 cogniti
422 252 542 288 maris
569 250 734 288 iudicet:
771 249 910 287 eadem
939 253 1010 296 [re]
1038 249 1195 298 gloriari
1223 249 1406 289 Socrates
1433 261 1505 299 po-

240 306 336 353 tuit,
369 305 507 342 eadem
532 304 750 352 Diogenes,
779 314 803 341 a
832 314 910 352 quo
938 305 1074 352 utique
1098 305 1226 343 victus
1254 310 1325 343 est.
1370 306 1503 354 quidni

247 360 377 398 victus
406 360 456 398 sit
482 360 547 398 illo
575 360 658 407 die,
688 369 766 407 quo
785 358 904 397 homo
925 369 1046 407 super
1063 369 1287 410 mensuram
1309 360 1503 398 humanae

251 414 461 462 superbiae
490 419 644 452 tumens
664 413 761 452 vidit
785 413 974 461 aliquem,
1002 412 1065 452 cui
1083 424 1156 451 nec
1177 415 1271 452 dare
1293 415 1503 463 quicquam

211 481 232 512 2
250 474 388 518 posset
412 479 485 507 nec
504 469 686 517 eripere?
717 468 937 506 Archelaus
955 478 1027 506 rex
1047 467 1247 506 Socratem
1265 471 1436 517 rogavit,
1463 474 1506 507 ut

250 525 298 562 ad
323 534 367 562 se
386 524 555 562 veniret:
586 523 738 561 dixisse
765 522 949 561 Socrates
970 522 1135 561 traditur
1159 524 1263 561 nolle
1283 534 1327 562 se
1347 525 1396 562 ad
1417 535 1505 562 eum

249 579 401 626 venire,
430 589 454 616 a
474 589 553 627 quo
576 579 774 626 acciperet
791 577 1002 625 beneficia,
1031 587 1120 616 cum
1137 578 1305 616 reddere
1322 579 1375 616 illi
1396 579 1506 626 paria

250 644 328 672 non
348 638 499 682 posset.
530 632 698 671 Primum
713 632 752 670 in
773 632 897 680 ipsius
913 636 1107 680 potestate
1123 638 1205 671 erat
1219 643 1297 670 non
1313 632 1504 681 accipere.

251 689 394 727 delnde
420 689 508 736 ipse
531 688 627 726 dare
659 684 893 726 beneficium
926 687 1033 735 prior
1059 687 1283 735 incipiebat.
1326 688 1508 726 veniebat

252 744 355 781 enim
389 747 550 790 rogatus
571 747 610 780 et
630 741 672 780 id
694 741 828 788 dabat,
859 742 968 790 quod
994 743 1128 790 utique
1149 742 1213 779 ille
1232 752 1310 780 non
1331 748 1414 781 erat
1433 742 1504 781 So'-

209 804 231 837 3
250 799 344 836 crati
364 798 600 836 redditurus.
643 797 874 836 Etiamnunc
901 797 1120 834 Archelaus
1142 797 1303 835 daturus
1330 802 1412 835 erat
1438 808 1505 835 au—

250 864 335 892 rum
351 858 389 890 et
404 858 626 900 argentum,
644 856 876 899 recepturus
897 851 1161 899 contemptum
1181 852 1263 890 auri
1284 856 1321 890 et
1339 854 1506 899 argenti:

250 919 329 946 non
358 912 512 955 poterat
537 907 686 945 referre
705 907 901 945 Archelao
922 906 1106 945 Socrates
1134 907 1322 954 gratiam?
1350 911 1387 945 et
1413 907 1504 954 quid

249 968 398 1001 tantum
427 967 510 1000 erat
537 967 793 1009 accepturus,
825 966 1011 1008 quantum
1039 960 1177 1008 dabat,
1206 961 1241 999 si
1269 961 1509 1000 ostendisset

250 1017 448 1056 hominem
465 1017 568 1055 vitae
588 1026 635 1054 ac
653 1016 788 1054 mortis
816 1016 1001 1064 peritum,
1029 1016 1234 1063 utriusque
1255 1016 1354 1054 fines
1375 1021 1507 1054 tenen-

249 1077 354 1111 tem?
382 1071 416 1109 si
435 1081 569 1119 regem
588 1073 627 1108 in
645 1072 734 1108 luce
752 1071 881 1109 media
902 1076 1096 1109 errantem
1115 1071 1166 1108 ad
1185 1081 1315 1109 rerum
1333 1076 1507 1109 naturam

250 1126 495 1173 admisisset,
519 1135 648 1172 usque
676 1135 724 1163 eo
753 1125 836 1163 eius
855 1126 1055 1173 ignarum,
1082 1129 1126 1163 ut
1146 1136 1224 1172 quo
1244 1126 1308 1163 die
1324 1125 1420 1164 solis
1441 1126 1507 1163 de—

249 1181 365 1219 fectio
386 1181 474 1227 fuit,
499 1179 647 1227 regiam
667 1179 843 1217 eluderet
859 1185 898 1218 et
911 1180 1050 1227 filium,
1074 1180 1182 1227 quod
1200 1181 1239 1217 in
1258 1182 1363 1218 luctu
1382 1190 1428 1219 ac
1446 1190 1507 1218 re-

208 1243 233 1275 4
252 1236 326 1274 bus
348 1234 528 1273 adversis
549 1234 669 1272 moris
690 1238 771 1282 est,
798 1235 1005 1272 tonderet?
1057 1234 1248 1280 Quantum
1277 1235 1418 1273 fulsset
1438 1235 1505 1272 be-

250 1289 452 1337 neficium,
480 1290 514 1327 si
541 1289 741 1327 timentem
769 1298 792 1326 e
824 1289 983 1327 latebris
1013 1289 1097 1327 suis
1125 1290 1362 1327 extraxisset
1381 1294 1418 1327 et
1436 1290 1505 1327 bo-

249 1356 343 1383 num
361 1345 531 1382 animum
551 1343 697 1381 habere
715 1343 901 1382 iussisset
915 1342 1073 1382 dicens:
1105 1343 1217 1391 „Non
1237 1349 1297 1382 est
1315 1344 1389 1382 ista
1409 1345 1505 1382 solis

251 1399 439 1447 defectio,
470 1398 543 1437 sed
570 1398 738 1436 duorum
765 1398 938 1437 siderum
960 1399 1105 1446 coitus,
1134 1408 1223 1436 cum
1244 1399 1336 1436 luna
1355 1398 1505 1436 humili—

251 1465 321 1493 ore
339 1463 502 1492 currens
520 1452 586 1490 via
605 1452 707 1491 infra
726 1452 858 1500 ipsum
878 1454 1002 1491 solem
1023 1453 1158 1490 orbem
1178 1463 1292 1491 suum
1311 1453 1445 1501 posuit
1470 1457 1508 1490 et

250 1510 357 1547 illum
384 1507 540 1546 obiectu
558 1508 619 1545 sui
638 1508 859 1547 abscondit.
905 1518 1007 1556 quae
1026 1508 1144 1547 modo
1167 1513 1298 1556 partes
1321 1508 1405 1546 eius
1425 1508 1507 1545 exi-

251 1574 368 1611 guas,
397 1562 431 1600 si
450 1563 490 1600 in
509 1568 741 1601 transcursu
760 1562 934 1610 strinxit,
954 1563 1133 1611 obducit,
1153 1564 1271 1601 modo
1293 1564 1381 1610 plus
1401 1562 1505 1609 tegit,

251 1618 285 1656 si
312 1618 500 1656 maiorem
524 1622 672 1665 partem
702 1618 764 1655 sui
785 1617 945 1663 obiecit,
974 1618 1093 1655 modo
1114 1618 1285 1655 excludit
1301 1618 1419 1655 totius
1439 1617 1506 1654 ad-

251 1677 449 1721 spectum,
471 1672 505 1711 si
523 1677 631 1711 recto
652 1672 879 1710 libramento
899 1672 999 1710 inter
1019 1673 1142 1710 solem
1161 1678 1366 1720 terrasque
1379 1671 1508 1709 media

210 1736 231 1767 5
253 1727 459 1766 suecessit.
504 1725 584 1765 Sed
611 1727 686 1764 iam
706 1727 782 1765 ista
801 1727 932 1765 sidera
951 1727 1026 1765 huc
1046 1731 1084 1765 et
1102 1727 1167 1764 illo
1187 1727 1345 1765 diducet
1363 1726 1507 1764 veloci-

252 1789 312 1821 tas
341 1793 426 1820 sua.
471 1782 548 1820 iam
573 1781 765 1830 recipient
790 1782 893 1819 diem
919 1787 1047 1821 terrae
1077 1786 1115 1819 et
1140 1782 1203 1821 hic
1231 1782 1299 1819 ibit
1319 1781 1415 1819 ordo
1437 1790 1508 1827 per

253 1838 387 1875 secula
406 1836 704 1884 dispositosque
724 1847 770 1874 ac
790 1836 1015 1884 praedIctos
1031 1837 1115 1874 dies
1132 1835 1267 1883 habet,
1287 1835 1428 1882 quibus
1446 1836 1506 1872 sol

251 1893 473 1930 intercursu
491 1892 608 1929 lunae
628 1896 779 1930 vetetur
794 1902 933 1930 omnes
952 1891 1086 1930 radios
1105 1890 1318 1929 effundere.
1346 1889 1506 1927 Paulum

252 1951 461 1994 exspecta:
482 1946 559 1983 iam
580 1951 771 1994 emerget,
790 1947 866 1984 iam
885 1946 999 1984 istam
1018 1946 1124 1984 velut
1142 1945 1284 1984 nubem
1301 1944 1504 1991 reIInquet‚

252 1999 329 2038 iam
356 2001 564 2039 exsolutus
594 2000 872 2049 inpedimentis
900 2002 1027 2039 lucem
1055 2010 1167 2039 suam
1197 1999 1318 2037 libere
1346 1998 1506 2036 mittet.“

211 2058 233 2092 6
253 2054 438 2093 Socrates
467 2065 602 2103 parem
622 2054 785 2103 gratiam
805 2055 1001 2094 Archelao
1020 2056 1166 2093 referre
1184 2063 1263 2091 non
1282 2058 1438 2101 posset,
1473 2053 1506 2090 si

251 2110 358 2147 illum
383 2119 550 2156 regnare
578 2111 796 2148 vetuisset?
823 2121 960 2158 parum
988 2108 1135 2148 scilicet
1159 2117 1341 2155 magnum
1359 2108 1504 2145 benefi-

253 2164 355 2202 cium
380 2174 403 2201 a
429 2163 593 2202 Socrate
620 2164 858 2212 accipiebat,
893 2165 926 2203 si
951 2165 1072 2203 ullum
1097 2164 1191 2201 dare
1217 2163 1412 2209 potuisset
1434 2162 1504 2201 So-

254 2218 361 2257 crati.
405 2218 532 2264 Quare
565 2229 659 2266 ergo
692 2218 768 2257 hoc
802 2218 986 2258 Socrates
1019 2217 1141 2256 dixit?
1181 2217 1252 2254 Vir
1284 2217 1432 2255 facetus
1468 2222 1506 2254 et

253 2272 366 2312 cuius
393 2282 465 2320 per
483 2273 631 2321 figuras
652 2284 782 2313 sermo
802 2273 1021 2322 procedere
1051 2271 1188 2311 solitus
1217 2277 1320 2319 erat,
1351 2271 1505 2310 derisor
