1592 2580
327 181 512 222 NATUR.
533 180 747 230 QUAEST.
775 180 870 221 LlB.
887 181 934 220 ΙΙ.
963 186 1137 224 27—31.
1296 179 1377 222 197

98 281 237 331 enim,
249 287 398 331 quanto
419 282 624 322 vocaliora
639 282 718 321 sint
734 293 863 322 vacua
879 293 998 331 quarn
1014 283 1152 332 plena,
1173 287 1212 322 et
1227 287 1376 332 quanto

100 341 248 389 intanta
268 350 388 388 quam
415 338 598 376 remissa.
634 339 726 377 item
746 344 940 389 tympana
958 343 997 377 et
1017 339 1202 389 cymbala
1221 344 1378 387 sonant,

101 395 196 445 qnia
213 395 280 434 ilia
298 399 587 443 repugnantem
608 405 658 432 ex
674 395 863 434 ulteriore
881 399 992 442 parte
1010 394 1190 444 spiritum
1206 396 1379 444 pulsant,

100 451 257 494 baec-et
275 451 365 499 ipsa
385 460 478 488 aere
499 461 579 490 non
600 450 678 489 nisi
698 460 798 490 cavo
822 450 1000 491 tinniunt.
1401 462 1404 463 ⁷

159 506 298 547 .XXX.
335 506 524 555 Quidam,
561 506 664 544 inter
694 517 798 554 quos
825 506 1140 555 Asclepiodotus
1167 512 1248 554 est,
1282 506 1380 546 iudi·
1398 513 1417 545 l

100 567 191 602 cant
208 562 268 601 sic
284 562 546 610 quorumdam
565 572 728 610 quoque
746 572 960 610 corporum
975 573 1178 602 concursu
1194 562 1382 602 tonitrum

98 623 138 658 et
172 618 336 657 fulmina
368 617 501 656 excuti
533 628 683 666 posse„
722 618 852 657 Aetna
885 617 1102 666 aliquando
1134 619 1256 657 inulto
1290 618 1382 667 igne

98 674 334 721 abundavit,
366 674 566 722 ingentem
594 673 673 711 vim
701 684 846 712 arenae
865 673 1017 713 urentis
1039 673 1190 713 effudit.
1225 674 1381 713 involu-

98 735 163 769 tus
193 734 255 769 est
281 729 368 768 dies
394 730 559 778 pulvere
579 730 839 779 populosque
860 729 991 768 subita
1010 741 1094 768 nox
1111 730 1263 770 terruit.
1309 730 1381 769 Illo

100 791 282 834 tempore
311 786 419 824 aiunt
451 791 545 824 tunc
580 785 750 834 plurima
783 785 910 824 fuisse
941 786 1114 825 tonitrua
1142 791 1191 825 et*
1204 786 1381 833 fulmina,

100 852 207 891 quae
235 852 436 880 concursu
463 841 666 880 aridorum
695 852 908 890 corporum
936 842 1042 880 facta
1067 847 1178 890 sunt,
1205 852 1287 880 non
1310 853 1383 880 nu-

100 898 230 945 bium,
264 907 367 946 quas
395 896 611 936 verisimile
635 902 698 936 est
722 897 761 937 in
788 902 898 936 tanto
927 898 1087 936 fervore
1112 898 1217 937 aeris
1251 898 1382 936 nullas

100 954 239 992 fuisse.
292 953 525 1001 Aliquando
553 952 777 1003 Cambyses
803 952 856 991 ad
883 954 1119 993 Ammonem
1140 952 1247 992 misit
1267 964 1379 992 exer·
1395 958 1418 992 2

99 1010 241 1056 citum,
281 1019 401 1057 quem
428 1018 551 1047 arena
579 1013 717 1048 austro
746 1013 855 1047 mota
879 1013 919 1047 et
945 1019 1056 1048 more
1076 1009 1180 1048 nivis
1199 1008 1382 1048 incidens

99 1065 216 1112 texit,
253 1064 400 1103 deinde
428 1064 572 1103 obruit.
616 1070 710 1104 tunc
738 1075 902 1113 quoque
931 1065 1147 1103 verisimile
1172 1070 1236 1104 est
1256 1066 1383 1104 fuisse

99 1121 315 1160 tonitruum
330 1119 576 1169 fulminaque
593 1120 737 1159 adtritu
752 1130 899 1158 arenae
915 1130 1008 1159 sese
1024 1120 1269 1160 adfricantis.
1294 1121 1382 1160 Non
1397 1123 1420 1158 3

98 1181 297 1224 repugnat
315 1176 524 1224 proposito
545 1179 685 1216 nostro
706 1175 783 1214 ista
799 1175 948 1224 opinio.
976 1174 1150 1215 diximus
1166 1176 1270 1215 enim
1287 1175 1383 1214 utri-

99 1241 232 1279 usque
260 1235 426 1270 naturae
454 1242 628 1280 corpora
655 1230 795 1270 efflare
823 1237 950 1270 terras
980 1236 1018 1274 et
1044 1231 1142 1271 sicci
1171 1232 1322 1281 aliquid
1346 1236 1385 1270 et

97 1286 249 1326 humidi
269 1287 308 1326 in
329 1292 412 1327 toto
433 1289 527 1325 aere
546 1287 697 1335 vagari.
732 1287 870 1336 itaque
889 1287 925 1326 si
946 1287 1043 1335 quid
1062 1289 1140 1326 tale
1159 1287 1382 1334 intervenit,

98 1343 245 1382 nubem
272 1343 366 1382 fecit
392 1343 623 1382 solidiorem
651 1347 691 1382 et
717 1342 980 1391 crassiorem,
1019 1353 1140 1391 quam
1171 1343 1207 1383 si
1235 1348 1384 1382 tantum

99 1398 270 1447 simplici
297 1399 440 1447 spiritu
466 1403 680 1437 texeretur.
726 1399 798 1436 Illa
818 1398 944 1447 frangi
964 1404 1099 1447 potest
1118 1403 1157 1437 et
1176 1399 1297 1438 edere
1317 1410 1383 1438 so·
1399 1399 1422 1434 4

99 1465 217 1493 nu1n=
254 1455 331 1492 isla
358 1465 462 1503 quae
489 1454 592 1501 dixi,
630 1454 718 1493 sive
744 1455 940 1495 incendiis
972 1455 1258 1503 vaporantibus
1292 1457 1386 1493 aera

98 1510 357 1558 repleverunt
378 1510 465 1548 sive
485 1509 616 1549 ventis
636 1514 763 1549 terras
782 1510 1010 1558 urentibus,
1040 1520 1210 1550 necesse
1231 1515 1295 1550 est
1312 1522 1383 1549 nu—

99 1565 192 1604 bem
220 1565 365 1605 faciant
393 1571 484 1604 ante
512 1577 632 1614 quam
656 1576 814 1605 sonum.
854 1565 1001 1604 nubem
1021 1571 1153 1605 autem
1173 1571 1252 1605 tam
1274 1566 1386 1604 arida

101 1632 220 1669 quam
248 1621 412 1660 humida
440 1627 670 1661 conserunt.
717 1627 780 1660 est
807 1622 931 1669 enim,
963 1626 1005 1660 ut
1031 1622 1225 1671 diximus,
1254 1622 1384 1661 nubes

101 1676 325 1726 spissitudo
345 1677 449 1715 aeris
471 1678 611 1715 crassi.

182 1732 319 1772 XXXI.
350 1733 532 1772 Ceterum
553 1734 652 1779 mira
671 1733 866 1780 fulminis,
897 1732 931 1772 si
950 1733 1091 1773 intueri
1111 1734 1230 1781 velis,
1261 1738 1421 1782 operal

49 1818 60 1824 .
100 1794 195 1828 sunt
213 1799 288 1828 nec
309 1789 525 1838 quicquam
546 1789 655 1827 dubii
672 1790 956 1838 relinquentia,
979 1789 1073 1838 quin
1091 1790 1225 1828 divina
1241 1788 1292 1828 sit
1308 1789 1384 1828 illis

101 1855 149 1883 ac
170 1844 326 1884 subtilis
343 1845 540 1894 potentia:
570 1844 713 1884 loculis
730 1845 895 1893 integris
914 1849 977 1892 [ac
992 1846 1171 1892 inlaesis]
1189 1844 1386 1884 conflatur

101 1905 322 1948 argentum.
362 1905 547 1938 manente
573 1901 719 1948 vagina
741 1901 899 1949 gladius
922 1901 1010 1948 ipse
1034 1901 1230 1950 liquescit.
1270 1905 1309 1939 et
1327 1900 1385 1939 in-

101 1956 248 1995 violato
262 1956 371 2005 ligno
388 1955 495 1995 cirea
512 1956 592 2004 pila
608 1957 754 1994 ferrum
771 1967 888 1995 omne
905 1955 1079 1995 distillat.
1112 1961 1189 1996 stat
1203 1961 1243 1995 et
1261 1957 1385 1996 fracto

103 2011 211 2051 dolio
241 2012 376 2051 vinum
397 2022 471 2050 nec
494 2013 596 2050 ultra
614 2012 787 2050 triduum
808 2012 873 2050 ille
892 2011 1001 2059 rigor
1022 2012 1151 2052 durat.
1197 2012 1299 2051 Illud
1320 2023 1383 2052 ae·
1399 2019 1421 2052 2

105 2078 184 2116 que
215 2067 316 2107 inter
342 2067 573 2107 adnotanda
601 2078 733 2116 ponas
759 2068 870 2114 licet,
910 2067 1021 2115 quod
1051 2073 1089 2106 et
1116 2067 1320 2107 hominum
1347 2073 1386 2107 et

106 2127 325 2162 ceterorum
353 2123 601 2170 animalium,
635 2133 738 2171 quae
766 2123 845 2161 icta
875 2127 986 2169 sunt,
1017 2128 1138 2172 caput
1159 2129 1316 2172 spectat
1333 2124 1385 2163 ad

106 2178 254 2218 exitum
287 2179 487 2225 fulminis,
526 2178 637 2226 quod
671 2178 845 2216 omnium
880 2188 1164 2226 percussurum
1197 2180 1384 2220 arborum

107 2238 245 2273 contra
271 2235 434 2273 fulmina
462 2234 616 2272 astulae
649 2239 830 2282 surgunt.
884 2234 1006 2282 Quid,
1045 2235 1157 2283 quod
1190 2236 1384 2274 malorum

108 2289 350 2337 serpentium
377 2296 416 2329 et
442 2290 611 2329 aliorum
637 2289 885 2336 animalium,
925 2289 1071 2338 quibus
1098 2290 1300 2329 mortifera
1320 2291 1383 2329 vis

107 2343 229 2393 inest,
267 2356 355 2386 cum
382 2346 544 2386 fulmine
571 2345 650 2384 icta
677 2350 789 2394 sunt,
821 2355 1017 2384 venenum
1046 2355 1163 2386 omne
1183 2346 1382 2386 consumi-
