1592 2580
298 80 482 121 NATUR.
503 77 717 128 QUAEST.
743 77 839 118 LIB.
855 76 904 117 11.
932 80 1108 119 49—54.
1264 73 1347 116 207

3 174 5 213 3
60 185 180 236 fligit,
209 184 304 235 quia
320 184 426 222 viam
448 193 521 232 per
539 182 607 221 illa
625 190 797 220 necesse
815 184 878 219 est
897 179 1036 228 inpetu
1057 182 1242 228 quaerat:
1273 177 1345 218 ita-

61 253 140 291 que
155 241 267 288 facit‚
290 250 371 289 qua
386 239 562 287 effugiat.
591 237 740 276 teneris
755 242 795 276 et
807 235 1027 275 rarioribus
1046 235 1182 284 parcit,
1205 245 1342 284 quam-

0 294 1 297 ’
62 308 181 347 quam
199 295 370 336 flammis
391 299 620 344 opportuna
634 293 856 339 videantur,
882 290 974 341 quia
991 291 1161 331 transitu
1182 294 1344 340 patente

59 354 188 392 minus
208 351 459 391 obstaculum
479 348 640 389 invenit.
667 348 812 388 loculis
831 347 966 396 itaque
981 345 1168 396 integris,
1187 351 1232 386 ut
1247 346 1343 395 dixi,

0 420 3 434 ἱ
59 408 247 458 pecunia,
281 417 385 456 quae
412 407 450 445 in
475 406 538 444 his
559 406 651 453 suit,
681 403 856 444 conflata
875 403 1091 452 reperitur,
1123 401 1217 452 quia
1237 401 1342 451 ignis

58 463 315 503 tenuissimus
349 473 422 511 per
454 460 650 501 foramina
676 461 834 500 occulta
863 459 1108 501 transcurrit,
1149 457 1343 508 quicquid

59 524 190 558 autem
209 519 248 558 in
267 519 376 567 tigno
397 518 570 558 solidum
590 516 743 556 invenit
762 521 802 555 et
821 520 1059 563 contumax,
1077 514 1213 554 vincit.
1257 514 1345 555 Non
1360 518 1382 553 2

0 567 1 570 ’
58 581 190 615 autem
217 586 319 621 uno,
360 579 402 613 ut
427 573 531 620 dixi,
569 573 690 613 modo
718 571 865 619 saevit,
895 570 971 610 sed
998 569 1098 619 quid
1129 580 1343 619 quaecum·

59 642 138 679 que
165 630 228 669 vis
257 630 414 677 fecerit,
443 640 495 668 ex
522 629 614 677 ipso
637 638 786 677 genere
805 627 973 667 iniuriae
992 626 1190 675 intellegis
1211 631 1251 666 et
1270 626 1343 665 ful-

59 697 150 725 men
179 695 303 735 opere
335 685 564 733 cognoscis.
594 684 792 723 interdum
815 684 854 722 in
875 683 1018 723 eadem
1036 682 1204 723 materia
1222 683 1345 722 multa

60 742 222 781 diversa
248 741 429 780 eiusdem
456 741 516 780 vis
546 739 720 779 fulminis
743 739 855 788 facit,
885 740 988 778 sicut
1007 738 1047 778 in
1067 739 1211 779 arbore
1231 738 1344 788 quod

58 798 349 845 aridissimum,
376 796 473 846 urit,
501 797 614 845 quod
628 795 915 835 solidissimum
934 801 974 834 et
993 794 1250 835 durissimum
1268 800 1342 842 est,

58 853 230 892 terebrat
250 858 288 892 et
316 854 480 901 frangit,
511 862 691 891 summos
719 851 889 890 cortices
910 850 1100 900 dissipat,
1130 850 1342 891 interiores

59 909 183 948 libros
203 909 255 956 [in
279 913 393 957 parte
411 908 611 947 interioris
630 907 801 954 arboris]
822 907 972 956 rumpit
990 918 1038 946 ae
1058 907 1222 954 scindit,
1246 907 1343 946 folia

58 964 263 1013 pertundit
281 974 329 1003 ac
347 962 514 1012 stringit.
544 963 678 1002 vinum
694 962 820 1011 gelat,
842 963 988 1001 serrum
1005 967 1044 1002 et
1059 973 1129 1001 aes
1147 963 1286 1004 fundit.

139 1020 236 1059 LIII.
272 1020 374 1058 lllud
401 1024 463 1058 est
489 1019 651 1067 mirum,
683 1018 792 1067 quod
810 1018 948 1058 vinum
974 1018 1137 1059 fulmine
1155 1020 1340 1067 gelatum,
1360 1022 1377 1054 1

60 1086 149 1114 cum
177 1075 230 1114 ad
258 1075 431 1124 priorem
458 1074 633 1113 habitum
655 1074 778 1122 redit,
807 1079 946 1123 potum
968 1079 1036 1113 aut
1055 1075 1256 1114 exanimat
1275 1080 1344 1114 aut

59 1131 264 1170 dementes
287 1130 392 1169 facit.
441 1130 570 1178 Quare
590 1130 631 1168 id
651 1130 808 1168 accidat
829 1130 1035 1179 quaerenti
1050 1130 1145 1168 mihi
1160 1131 1259 1170 illud
1274 1141 1341 1170 oc-

58 1186 197 1225 currit:
234 1185 340 1225 inest
365 1185 428 1224 vis
455 1185 607 1224 fulmini
634 1186 838 1234 pestifera.
876 1196 928 1224 ex
945 1185 1023 1224 hoc
1043 1188 1252 1225 remanere
1271 1187 1340 1224 ali—

59 1252 175 1291 quem
196 1242 379 1290 spiritum
399 1242 438 1281 in
461 1252 509 1280 eo
525 1241 713 1288 humore,
736 1251 855 1291 quem
871 1241 1003 1290 coegit
1019 1242 1340 1291 congelavitque,

58 1298 270 1336 verisimile
289 1303 363 1336 est.
400 1308 475 1336 nec
498 1297 602 1335 enim
624 1295 792 1345 adligari
819 1298 1038 1345 potuisset,
1070 1298 1147 1336 nisi
1175 1298 1339 1346 aliquod

58 1354 113 1391 illi
139 1357 249 1392 esset
276 1353 453 1391 additum
480 1353 692 1391 vinculum.
747 1351 960 1392 Praeterea
994 1352 1074 1391 olei
1109 1363 1271 1402 quoque
1305 1358 1379 1393 et2

59 1409 188 1447 omnis
217 1409 411 1456 unguenti
438 1413 537 1447 teter
564 1412 658 1456 post
683 1407 831 1446 fulmen
860 1408 963 1447 odor
989 1413 1062 1447 est.
1097 1418 1150 1447 ex
1170 1419 1249 1458 quo
1271 1409 1339 1448 ad-

60 1470 174 1512 paret
191 1463 328 1502 inesse
347 1463 559 1512 quamdam
579 1462 840 1502 subtilissimo
857 1462 938 1511 igni
953 1468 993 1502 et
1008 1468 1146 1503 contra
1160 1469 1339 1503 naturam

60 1524 148 1558 acto
174 1518 423 1567 pestilentem
445 1518 680 1568 potentiam,
711 1529 792 1567 quo
812 1530 891 1557 non
914 1518 994 1558 icta
1013 1524 1162 1558 tantum
1182 1521 1337 1566 cadant,

59 1575 133 1613 sed
159 1574 321 1613 adflata.
375 1574 586 1614 Praeterea
613 1584 868 1623 quocumque
894 1574 1043 1613 decidit
1074 1575 1247 1622 fulmen,
1285 1576 1338 1615 ibi

61 1631 227 1669 odorem
254 1640 347 1669 esse
375 1629 581 1678 sulphuris
610 1635 760 1669 certum
786 1634 868 1677 est,
887 1629 969 1679 qui
990 1630 1084 1679 quia
1109 1632 1243 1680 gravis
1264 1637 1335 1677 est,

8 1693 10 1696 ·
59 1686 222 1734 saepius
251 1685 421 1724 haustus
449 1686 605 1724 alienat.
662 1685 744 1724 Sed
771 1686 824 1724 ad
850 1686 928 1726 hoc
947 1687 1063 1725 vacui
1082 1692 1375 1728 revertamur.3

59 1742 231 1780 sortasse
260 1742 364 1780 enim
392 1740 528 1780 libebit
555 1741 791 1789 ostendere,
820 1753 938 1790 quam
961 1743 1093 1781 omnia
1111 1743 1189 1782 ista
1208 1753 1232 1782 a
1250 1742 1336 1791 phi-

58 1797 245 1845 losophia
262 1804 426 1845 parente
441 1797 580 1835 artium
596 1796 871 1836 defluxerunt:
901 1797 969 1836 illa
982 1798 1152 1846 primum
1165 1803 1335 1846 etquae-

59 1851 152 1891 sivit
170 1862 314 1891 causas
334 1863 466 1891 rerum
487 1856 525 1890 et
544 1852 774 1891 observavit
793 1853 961 1895 effectus
984 1857 1041 1900 et,
1073 1854 1182 1902 quod
1202 1854 1242 1892 in
1263 1854 1333 1892 ful-

58 1907 174 1946 minis
201 1907 454 1957 inspectione
478 1909 598 1957 longe
627 1908 768 1950 melius
789 1913 871 1956 est,
901 1908 1022 1948 initiis
1046 1919 1180 1949 rerum
1204 1909 1334 1949 exitus

61 1962 235 2003 contulit.

104 2018 239 2057 leV.
275 2019 410 2059 Nune
448 2018 507 2058 ad
541 2017 833 2067 opinionem
860 2018 1132 2060 Posidonii
1158 2029 1368 2063 rever-1

59 2077 159 2111 tor:
196 2083 218 2112 e
245 2080 351 2114 terra
378 2074 630 2123 terrenisque
657 2074 840 2114 omnibus
861 2085 956 2123 pars
976 2074 1141 2115 humida
1160 2075 1330 2124 efflatur,

62 2138 157 2176 pars
185 2128 293 2169 sicca
311 2135 350 2169 et
376 2129 527 2169 fumida
546 2133 774 2177 [remanet]=
803 2130 904 2170 haec
922 2130 1150 2171 fulminibus
1170 2131 1330 2170 alimen—

61 2189 143 2223 tum
162 2188 242 2231 est,
270 2186 337 2224 illa
354 2185 560 2224 imbribus.
609 2184 806 2234 Quicquid
825 2186 865 2225 in
881 2188 976 2226 aera
989 2186 1087 2226 sicci
1102 2187 1330 2236 famosique

64 2239 263 2289 pervenit,
299 2240 341 2282 id
367 2240 517 2282 includi
544 2251 590 2280 se
617 2241 819 2293 [nubibus]
847 2253 927 2282 non
954 2243 1048 2292 fert,
1083 2243 1158 2284 sed
1182 2243 1330 2293 rumpit
