1624 2626
297 151 376 194 170
450 152 518 191 AD
541 152 780 192 SERENUM
805 152 938 192 DIAL.
956 153 1058 192 VIII.
1084 153 1150 192 DE
1170 152 1295 193 OTIO.
1325 159 1358 194 7.
1373 158 1407 194 8.

296 252 473 298 titurum,
500 250 534 289 si
562 246 627 289 aut
651 249 842 299 voluptati
869 249 1071 290 inminebit
1096 251 1335 300 poenitentia
1361 256 1428 290 aut
1446 250 1559 290 dolor

258 310 282 344 4
298 307 423 344 minor
441 315 512 353 pro
532 305 714 353 graviore
741 309 945 344 sumetur?
982 306 1064 353 Quo
1092 307 1261 354 pertinet
1283 306 1382 344 haec
1401 306 1560 344 dicere?

295 366 339 399 ut
353 361 543 407 adpareat
557 360 924 408 contemplationem
939 360 1096 408 placere
1111 362 1306 400 omnibus.
1330 360 1408 399 Alii
1425 364 1561 408 petunt

296 415 420 452 illam=
453 414 568 452 nobis
595 414 695 453 haec
727 414 864 461 statie,
897 424 976 452 non
1009 420 1148 463 portus
1181 420 1254 454 cst.
1296 414 1424 454 Adice
1451 420 1589 453 nune·

298 469 426 516 [hue]‚
464 469 572 516 quod
605 479 628 507 e
654 470 743 516 lege
771 468 984 518 Chrysippi
1013 468 1148 509 vivere
1173 470 1303 509 otioso
1328 470 1442 508 licet:
1478 480 1560 509 non

298 523 401 569 dico,
420 527 463 561 ut
483 523 603 562 otium
625 523 805 571 patiatur,
826 523 900 561 sed
919 528 962 562 ut
980 524 1107 572 eligat.

260 580 279 613 1
375 577 480 615 VIII.
515 577 666 625 Negant
689 577 813 616 nostri
840 578 1057 626 sapientem
1087 578 1140 617 ad
1167 578 1379 627 quamlibet
1403 588 1560 626 rempu-

296 631 438 671 blicam
453 642 709 670 accessurum
722 648 732 677 ;
750 631 844 680 quid
860 637 990 671 autem
1004 632 1177 682 interest,
1188 633 1387 682 quomodo
1398 632 1560 681 sapiens

297 686 350 724 ad
368 686 489 724 otium
510 686 649 732 veniat,
674 691 801 724 utrum
821 687 915 734 quia
932 687 1160 736 respublica
1178 688 1233 726 illi
1252 688 1376 735 deest,
1398 698 1446 726 an
1469 687 1562 735 quia

296 741 386 789 ipse
416 740 685 788 reipublicae?
735 741 770 778 si
803 741 985 780 omnibus
1026 742 1207 781 defutura
1243 741 1471 790 respublica
1501 747 1562 780 est

296 799 474 842 (semper
492 799 621 833 autem
642 795 765 834 deerit
785 795 991 835 fastidiose
1011 795 1325 844 quaerentibus):
1348 796 1559 843 interrogo,

297 849 348 887 ad
369 860 487 897 quam
513 849 795 897 rempublicam
825 850 987 898 sapiens
1007 851 1058 889 sit
1081 861 1333 889 accessurus.
1371 851 1424 889 ad
1440 851 1561 890 Athe·

295 903 503 951 niensium,
523 904 561 942 in
583 915 662 951 qua
678 903 863 942 Socrates
880 905 1097 950 damnatur,
1118 905 1366 951 Aristoteles,
1386 915 1436 943 ne
1452 905 1559 943 dam·
1596 916 1598 918 ’

295 963 475 1005 naretur,
497 958 620 1006 fugit?
648 958 687 996 in
710 969 788 1006 qua
807 959 994 1006 opprimit
1012 958 1162 998 invidia
1179 960 1370 999 virtutes?
1396 959 1561 1009 negabis

259 1012 391 1051 2mihi
419 1022 676 1051 accessurum
707 1013 759 1050 ad
790 1012 893 1051 hanc
925 1014 1207 1062 rempublicam
1235 1015 1465 1062 sapientem.
1511 1014 1563 1052 ad

297 1065 674 1113 Carthaginiensium
697 1076 792 1114 ergo
818 1067 1102 1115 rempublicam
1130 1068 1291 1116 sapiens
1312 1069 1493 1116 accedet,
1522 1068 1562 1106 in

297 1131 377 1169 qua
394 1120 563 1158 adsidua
582 1120 723 1159 seditio
747 1125 786 1159 et
804 1121 952 1168 optimo
980 1122 1123 1170 cuique
1149 1122 1293 1161 infesta
1311 1123 1470 1162 libertas
1489 1127 1560 1169 est,

296 1185 450 1227 summa
475 1175 592 1223 aequi
611 1185 659 1214 ac
684 1174 778 1213 boni
804 1175 952 1223 vilitas,
980 1176 1174 1215 adversus
1195 1177 1332 1215 hostes
1351 1177 1563 1215 inhumana

297 1228 528 1275 crudelitaS,
558 1230 674 1267 etiam
699 1230 894 1267 adversus
922 1241 1017 1269 suos
1037 1230 1221 1269 hostilis?
1250 1235 1288 1270 et
1306 1231 1408 1269 hanc
1426 1231 1560 1279 fugiet.

258 1289 282 1322 3
298 1282 340 1322 Si
358 1293 595 1331 percensere
616 1284 792 1331 singulas
822 1284 1006 1332 voluero,
1039 1285 1185 1324 nullam
1210 1285 1427 1333 inveniam,
1459 1296 1563 1333 quae

298 1338 517 1387 sapientem
548 1343 615 1377 aut
647 1349 764 1387 quam
797 1338 958 1387 sapiens
994 1339 1075 1387 pati
1105 1339 1247 1388 possit.
1298 1339 1449 1387 Quodsi
1482 1350 1560 1378 non

296 1393 493 1431 invenitur
518 1393 585 1430 illa
618 1392 864 1441 respublica,
898 1404 1016 1442 quam
1042 1394 1158 1433 nobis
1186 1395 1392 1442 fingimus,
1428 1394 1564 1442 incipit

298 1446 481 1486 omnibus
499 1457 592 1485 esse
611 1447 731 1486 otium
748 1448 1039 1496 necessarium,
1070 1449 1163 1497 quia
1184 1449 1292 1497 quod
1310 1459 1428 1487 unum
1449 1459 1563 1498 prae—

259 1506 282 1540 4
299 1501 390 1540 ferri
418 1506 572 1550 poterat
591 1502 691 1549 otio,
720 1512 915 1550 nusquam
944 1507 1024 1541 est.
1064 1503 1107 1542 Si
1135 1504 1222 1551 quis
1253 1503 1349 1542 dicit
1374 1504 1563 1552 optimum

297 1566 390 1595 esse
417 1555 625 1604 navigare,
652 1557 796 1595 deinde
818 1562 935 1604 negat
960 1558 1225 1606 navigandum
1251 1556 1291 1596 in
1311 1568 1359 1596 eo
1378 1558 1495 1605 mari,
1521 1558 1562 1603 in

298 1621 377 1659 quo
405 1610 612 1659 naufragia
637 1611 722 1649 fieri
749 1612 903 1650 soleant
929 1616 968 1650 et
995 1613 1222 1660 frequenter
1242 1613 1395 1652 subitae
1411 1617 1560 1661 tempe-

297 1670 421 1703 states
449 1666 545 1711 sint,
576 1676 678 1713 quae
702 1671 896 1705 rectorem
921 1666 961 1704 in
989 1667 1227 1706 contrarium
1254 1667 1428 1715 rapiant:
1463 1671 1559 1715 puto

297 1719 362 1758 hic
379 1728 443 1758 me
461 1724 567 1759 vetat
584 1730 724 1759 navem
739 1721 910 1769 solvere,
930 1731 1019 1760 eum
1034 1722 1168 1762 laudet
1181 1721 1482 1770 navigationem.
1494 1720 1561 1749 ***
