1592 2580
306 182 492 222 NATUR.
514 182 727 232 QUAEST.
756 183 851 222 Lm.
867 183 896 222 1.
924 188 1054 224 6—8.
1241 179 1322 222 173

44 285 187 332 simile,
208 283 319 333 quod
336 289 470 332 potest
485 284 712 332 perlucere,
733 288 796 322 est
809 282 962 331 aliquid
977 287 1016 321 et
1031 292 1183 331 aquae,
1204 292 1323 331 quam

42 340 194 380 etiamsi
221 339 400 378 nondum
424 339 562 385 habet,
591 339 670 377 iam
692 343 819 387 parat.
857 339 899 377 id
925 343 1008 378 est:
1046 337 1123 377 iam
1143 337 1232 377 eius
1254 348 1323 376 na—

43 402 127 434 tura
145 399 226 443 est,
255 395 296 433 in
319 406 438 444 quam
459 406 511 433 ex
530 405 606 433 sua
627 399 815 433 vertatur.

121 451 208 489 Vll.
243 451 485 499 „Quoniam,
517 449 674 498 inquis,
705 450 794 490 vitri
822 448 952 488 fecisti
981 449 1244 497 mentionem,
1275 459 1326 487 ex
1344 456 1360 489 1

41 506 149 554 [hoc]
177 507 267 556 ipso
288 512 428 546 contra
455 511 494 545 te
521 510 798 554 argumentum
820 516 988 544 sumam.
1035 505 1202 553 Virgula
1222 505 1328 544 solet

40 561 126 600 lieri
145 562 289 610 vitrea,
315 561 455 602 striata
474 562 537 600 vel
559 561 740 610 pluribus
759 560 917 609 angulis
939 560 981 599 in
1001 560 1165 600 modum
1186 561 1327 599 clavae

40 623 198 657 torosa:
232 617 332 655 haec
359 618 394 656 si
421 617 460 655 in
487 621 759 656 transversum
787 617 916 656 solem
942 615 1108 665 accipit,
1145 618 1325 655 colorem

40 674 179 719 talem,
211 673 342 721 qualis
371 673 412 710 in
438 683 536 710 arcu
562 672 690 710 videri
717 672 841 719 solet,
869 671 1020 718 reddit,
1049 677 1093 710 ut
1116 672 1225 710 scias
1245 682 1324 710 non

41 727 251 777 imaginem
273 728 335 766 hic
360 729 458 767 solis
477 738 591 774 esse,
619 727 696 766 sed
716 727 864 766 coloris
885 727 1142 766 imitationem
1163 738 1215 765 ex
1234 737 1323 777 per-

41 789 203 823 cussu.“
250 783 423 822 Primum
445 783 487 821 in
506 783 584 822 hoe
607 788 842 832 argumento
869 784 992 821 multa
1018 793 1093 831 pro
1121 793 1185 821 me
1212 788 1324 822 sunt:
1341 791 1363 823 2

42 840 151 888 quod
182 839 350 888 adparet
377 850 402 877 a
429 839 516 878 sole
543 838 643 877 fieri.
672 839 783 888 quod
804 839 974 887 adparet
994 838 1110 877 laeve
1135 838 1326 887 quiddam

41 905 135 933 esse
161 895 335 941 debere,
369 894 499 933 simile
533 895 723 945 speculo,
761 894 874 943 quod
909 895 1036 932 solem
1070 893 1326 943 repercutiat.

41 950 188 989 deinde
216 951 328 999 quod
354 950 523 998 adparet
548 960 629 988 non
657 950 745 988 fieri
767 951 892 989 ullum
911 950 1109 997 colorem,
1139 949 1212 988 sed
1233 960 1325 998 spe—

42 1007 142 1044 ciem
171 1006 259 1044 salsi
291 1005 460 1053 coloris,
493 1005 671 1055 qualem,
700 1011 743 1044 ut
762 1005 866 1053 dixi,
893 1005 1168 1044 columbarum
1189 1005 1327 1043 cervix

42 1066 82 1100 et
99 1061 219 1100 sumit
237 1066 276 1100 et
295 1061 426 1110 ponit,
454 1061 699 1110 ubicumque
719 1060 958 1100 deflectitur.
987 1060 1066 1099 hoc
1085 1066 1216 1099 autem
1233 1060 1326 1100 etin

41 1118 209 1165 speculo
233 1121 314 1164 est,
344 1118 409 1155 eui
430 1117 562 1156 nullus
577 1115 726 1155 inditur
743 1117 866 1163 color,
895 1115 971 1154 sed
988 1116 1185 1154 simulatio
1203 1126 1325 1165 quae-

41 1173 133 1210 dam
161 1172 311 1211 coloris
338 1173 470 1210 alieni.
524 1171 656 1210 Unum
683 1171 763 1211 hoc
788 1177 940 1211 tantum
967 1172 1209 1210 solvendum
1231 1171 1363 1210 mihia

0 1226 1 1230 ’
42 1234 122 1276 est,
152 1228 263 1276 quod
291 1239 371 1267 non
399 1227 540 1267 visitur
567 1226 607 1266 in
635 1228 713 1266 ista
731 1227 889 1276 virgula
908 1227 1007 1266 solis
1026 1227 1181 1275 imago,
1209 1227 1326 1266 euius

41 1284 144 1322 bene
171 1283 461 1332 exprimendae
488 1293 618 1332 capax
650 1294 731 1322 non
761 1288 836 1322 est.
879 1283 955 1322 ista
975 1288 1143 1322 conatur
1163 1283 1326 1332 quidem

41 1339 212 1378 reddere
234 1339 467 1387 imaginem,
498 1338 593 1388 quia
611 1339 738 1378 laevis
758 1344 822 1378 est
841 1337 1007 1378 materia
1027 1343 1066 1377 et
1087 1338 1140 1377 ad
1160 1338 1237 1377 hoc
1257 1338 1325 1376 ha-

40 1394 152 1440 bilis,
182 1395 257 1433 sed
286 1405 367 1433 non
395 1399 547 1443 potest,
578 1394 672 1443 quia
698 1394 913 1433 enormiter
941 1394 1045 1432 facta
1067 1399 1142 1432 est.
1178 1394 1212 1432 si
1233 1398 1327 1442 apte

42 1450 235 1488 fabricata
262 1450 383 1496 foret,
420 1450 584 1488 totidem
613 1450 805 1489 redderet
831 1450 959 1495 soles,
988 1454 1088 1498 quot
1117 1448 1328 1488 habuisset

42 1506 294 1554 inseptiones.
327 1515 431 1553 quae
452 1505 546 1553 quia
565 1505 848 1545 discernuntur
867 1505 968 1544 inter
987 1515 1052 1552 se,
1079 1514 1155 1542 nec
1171 1504 1269 1543 satis
1285 1505 1326 1543 in

43 1561 172 1599 vicem
199 1560 355 1608 speculi
381 1560 524 1607 nitent,
554 1555 744 1599 inchoant
770 1565 921 1600 tantum
945 1558 1140 1608 imagines
1160 1570 1236 1598 nec
1256 1570 1325 1598 ex-

42 1616 217 1665 primunt
235 1621 275 1654 et
293 1615 346 1655 ob
364 1615 495 1664 ipsam
515 1615 701 1655 viciniam
723 1616 881 1656 turbant
900 1619 938 1653 et
957 1617 996 1653 in
1017 1614 1195 1664 speciem
1215 1616 1324 1654 colo—

43 1671 98 1710 ris
119 1671 238 1710 unius
258 1671 474 1710 adducunt.

125 1727 227 1765 VIll.
269 1728 348 1774 „At
374 1736 502 1776 quare
529 1736 648 1766 arcus
676 1737 756 1764 non
784 1726 910 1775 inplet
937 1726 1092 1773 orbem,
1126 1727 1200 1765 sed
1228 1734 1359 1774 parsi

44 1782 208 1822 dimidia
235 1782 322 1821 eius
350 1783 525 1829 videtur,
556 1792 645 1820 cum
675 1782 884 1831 plurimum
907 1781 1121 1831 porrigitur
1140 1783 1323 1820 incurva—

43 1841 253 1887 turque‘e“
299 1837 467 1886 Quidam
494 1837 549 1875 ita
574 1838 807 1886 opinantur=
836 1838 917 1884 sol,
946 1847 1037 1876 eum
1055 1837 1106 1877 sit
1124 1838 1248 1876 multo
1268 1838 1324 1875 al-

44 1894 120 1933 tior
138 1893 332 1941 nubibus,
363 1903 388 1931 a
406 1891 616 1942 superiore
634 1893 722 1932 illas
745 1897 896 1932 tantum
918 1893 1086 1941 percutit
1106 1898 1230 1941 parte.
1260 1903 1320 1931 se-

46 1949 197 1998 quitur,
226 1953 269 1987 ut
286 1947 449 1987 inferior
470 1958 563 1996 pars
583 1958 720 1986 earum
736 1959 817 1987 non
831 1953 1016 1996 tangatur
1028 1949 1195 1986 lumine:
1226 1958 1324 1996 ergo

45 2015 134 2043 eum
153 2004 204 2043 ab
223 2015 304 2043 una
325 2008 436 2053 parte
453 2003 582 2042 solem
595 2003 812 2052 accipiant,
832 2014 952 2042 unam
969 2003 1057 2042 eius
1073 2009 1224 2052 partem
1239 2003 1323 2042 imi—

46 2065 186 2107 tantur,
214 2070 319 2108 quae
339 2069 556 2108 numquam
572 2058 736 2097 dimidia
749 2059 878 2097 maior
892 2063 966 2098 est.
1012 2058 1099 2098 Hoc
1114 2069 1322 2108 argumen-
1338 2064 1360 2097 2

46 2120 127 2153 tum
153 2125 293 2164 parum
317 2121 460 2164 potens
479 2119 554 2153 est.
594 2119 748 2163 quare?
782 2114 896 2162 quia,
926 2114 1111 2163 quamvis
1131 2125 1183 2153 ex
1202 2125 1321 2164 supe-

46 2171 153 2209 riore
173 2177 285 2220 parte
303 2171 366 2210 sol
386 2171 457 2218 sit,
486 2175 610 2210 totam
628 2174 758 2208 tamen
778 2170 950 2218 percutit
968 2169 1127 2209 nubem.
1163 2180 1262 2219 ergo
1283 2175 1323 2209 et

47 2225 171 2273 tingit.
199 2227 363 2275 quidni?
399 2237 488 2265 cum
515 2225 653 2264 radios
673 2226 938 2264 transmittere
957 2226 1087 2264 soleat
1107 2230 1146 2264 et
1164 2235 1321 2265 omnem

49 2280 283 2320 densitatem
309 2291 582 2331 perrumpere.
629 2280 783 2319 Deinde
808 2281 1045 2319 contrariam
1067 2292 1152 2320 rem
1172 2291 1320 2331 propo-

49 2335 125 2376 sito
144 2346 219 2377 suo
238 2336 387 2378 dicunt.
418 2347 509 2377 nam
529 2338 563 2376 si
582 2336 770 2386 superior
788 2341 852 2376 est
869 2336 932 2375 sol
949 2341 991 2375 et
1009 2336 1101 2377 ideo
1121 2337 1320 2387 superiori
