1624 2626
358 180 426 220 DE
443 178 884 228 TRANQUILLITATE
901 178 1064 218 ANIMI.
1085 184 1142 219 10.
1158 184 1215 218 11.
1347 177 1429 220 187

147 282 295 322 minum
312 281 457 331 figere,
476 291 554 320 nec
572 282 756 321 fortunae
765 280 973 320 ⁴arbitrium
989 281 1200 320 desinendi
1216 281 1334 330 dare,
1355 282 1430 321 sed

146 339 260 388 ipsos
279 338 402 378 multo
423 338 585 387 quidem
607 337 705 376 citra
725 340 871 386 [quam]
887 338 1075 386 exempla
1094 337 1313 385 hortentur,
1333 348 1430 376 con·

146 395 309 434 sistere:
330 394 389 433 sic
409 399 448 433 et
467 394 627 442 aliquae
647 392 888 442 cupiditates
906 393 1079 432 animum
1101 398 1265 443 acuent,
1285 398 1326 433 et
1343 393 1430 433 fini-

144 455 211 491 tae
228 461 307 489 non
324 450 362 489 in
379 450 605 489 inmensum
623 449 901 498 incertumque
920 449 1162 498 producent..

226 506 293 545 XI.
318 506 388 544 Ad
411 505 804 554 inperfectoset
820 505 1112 544 mediocres
1139 510 1186 544 et
1210 506 1338 543 male
1358 516 1430 544 sa-
1451 507 1468 540 l

145 573 234 602 nos
253 562 333 601 hic
353 572 489 601 meus
509 571 675 600 sermo
694 561 1038 610 pertinennon
1055 562 1114 600 ad
1132 561 1431 610 sapientem.

143 617 247 658 Huic
272 628 353 656 non
374 617 511 656 timide
531 627 607 655 nec
634 617 878 666 pedetentim
897 616 1181 656 ambulandum
1203 621 1278 656 est.
1320 623 1432 656 tanta

145 673 250 713 enim
279 673 428 713 fiducia
448 673 510 712 sui
531 678 614 720 est,
643 678 687 711 ut
707 672 869 712 obviam
890 673 1076 713 fortunae
1096 674 1154 712 ire
1174 683 1256 712 non
1278 673 1432 712 dubitet

144 739 221 769 nec
247 739 439 779 umquam
466 730 556 769 loco
585 728 642 767 iiii
661 739 855 768 cessurus
874 728 938 768 sit.
965 740 1042 768 nec
1062 728 1206 777 habet,
1234 729 1304 768 ubi
1323 729 1432 768 illam

142 786 299 834 timeat,
320 784 416 833 quia
435 796 514 824 non
533 785 733 834 mancipia
752 789 902 824 tantum
922 785 1294 834 possessionesque
1314 791 1355 824 et
1372 785 1430 824 di-

144 841 354 890 gnitatem,
384 841 459 880 sed
485 851 636 889 corpus
663 852 828 890 quoque
853 851 972 880 suum
990 845 1032 880 et
1049 842 1191 880 oculos
1211 846 1252 880 et
1270 852 1431 880 manum

145 901 187 936 et
212 895 406 946 quicquid
433 897 629 936 cariorem
656 897 778 935 vitam
798 897 995 936 facturum
1017 897 1123 948 [est]‚
1153 907 1280 946 seque
1298 898 1432 946 ipsum

144 953 248 992 inter
267 952 451 1001 precaria
470 957 652 1003 numerat
668 952 848 1001 vivitque
866 958 911 992 ut
930 953 1209 992 commodatus
1225 952 1302 992 sibi
1318 957 1357 992 et
1370 963 1431 991 re*

144 1007 407 1058 poscentibus
436 1008 524 1046 sine
549 1007 706 1047 tristitia
733 1008 980 1048 redditurus.
1029 1009 1112 1047 Nec
1138 1009 1231 1048 ideo
1259 1009 1349 1047 vilis
1371 1009 1470 1048 est2

145 1063 243 1112 sibi,
264 1063 360 1113 quia
378 1063 454 1103 scit
474 1073 522 1103 se
539 1075 658 1103 suum
677 1073 758 1102 non
780 1074 894 1112 esse,
913 1065 988 1103 sed
1011 1063 1147 1103 omnia
1165 1070 1246 1103 tam
1266 1064 1432 1113 diiigen-

143 1126 205 1160 ter
223 1120 361 1167 faciet,
381 1124 462 1158 tam
481 1119 792 1168 circumspecte,
814 1131 934 1168 quam
955 1119 1174 1168 religiosus
1194 1120 1315 1160 homo
1339 1131 1431 1159 san-

145 1180 315 1224 ctusque
336 1175 440 1214 solet
453 1175 556 1215 tueri
571 1174 667 1215 fidei
682 1175 911 1214 commissa.
939 1175 1284 1225 Quandocumque
1300 1181 1432 1215 autem

143 1231 316 1270 reddere
335 1230 555 1279 iubebitur,
584 1242 664 1270 non
685 1236 876 1281 queretur
895 1242 987 1271 cum
1006 1233 1186 1280 fortuna,
1221 1232 1295 1271 sed
1316 1231 1432 1271 dicit:

144 1286 327 1336 „gratias
346 1297 423 1335 ago
443 1297 526 1336 pro>
538 1298 608 1336 eo,
629 1282 740 1336 quod
754 1288 921 1336 possedi
937 1287 1155 1337 habuique.
1184 1298 1330 1337 magna
1345 1287 1430 1337 qui·
1448 1293 1470 1327 3

144 1343 237 1381 dem
262 1353 329 1382 res
355 1348 445 1382 tuas
471 1343 660 1382 mercede
687 1344 818 1392 colui,
845 1343 922 1382 sed
942 1344 1037 1392 quia
1055 1344 1123 1394 ilia
1141 1344 1339 1393 imperas,
1363 1345 1430 1392 do,

145 1398 248 1438 cedo
276 1404 414 1447 gratus
439 1399 666 1448 libensque.
707 1399 744 1438 si
772 1399 871 1448 quid
896 1399 1047 1439 habere
1074 1410 1138 1439 me
1158 1400 1214 1439 tui
1232 1399 1431 1447 volueris,

145 1454 371 1494 etiamnunc
399 1454 592 1494 servabo:
622 1454 658 1494 si
682 1455 791 1494 aliud
813 1455 963 1504 placet,
991 1466 1069 1504 ego
1088 1466 1186 1495 vero
1208 1457 1357 1495 factum
1378 1456 1430 1495 si-

145 1514 389 1559 gnatumque
409 1515 635 1559 argentum,
654 1511 818 1550 domum
837 1510 1109 1560 familiamque
1130 1523 1262 1551 meam
1280 1512 1431 1560 reddo,

145 1565 353 1606 restitu0.“
389 1566 668 1615 Adpeliaverit
686 1573 830 1606 natura
849 1577 955 1616 quae
975 1567 1086 1616 prior
1103 1568 1221 1607 nobis
1242 1567 1431 1615 credidit,

146 1625 186 1660 et
204 1620 296 1660 huic
316 1621 515 1660 dicemus:
535 1622 707 1671 „recipe
725 1623 900 1662 animum
911 1624 1116 1663 meliorem
1134 1634 1253 1672 quam
1270 1623 1431 1663 dedisti.

145 1687 226 1716 non
261 1677 507 1724 tergiversor
538 1688 613 1716 nec
645 1679 815 1727 refugio.
860 1684 1042 1727 paratum
1062 1679 1189 1719 habes
1209 1691 1233 1718 a
1250 1681 1433 1727 volente,

146 1732 257 1781 quod
278 1743 358 1770 non
381 1733 566 1772 sentienti
587 1733 753 1773 dedisti:
774 1735 938 1774 aufer.“
965 1735 1128 1774 Reverti
1144 1735 1253 1774 unde
1271 1735 1432 1774 veneris
1451 1745 1474 1780 4

146 1788 244 1837 quid
283 1798 407 1837 grave
439 1793 528 1827 est?
575 1790 703 1827 male
743 1789 900 1834 vivet,
944 1790 1186 1840 quisquis
1230 1789 1434 1830 nesciet

144 1844 273 1883 bene
301 1844 436 1883 mori.
479 1844 571 1883 huic
599 1845 735 1893 itaque
754 1846 923 1895 primum
947 1847 1006 1885 rei
1027 1847 1199 1896 pretium
1219 1846 1432 1885 detrahen-

146 1899 240 1938 dum
268 1905 331 1940 est
357 1905 395 1938 et
416 1899 638 1948 spiritus
659 1901 790 1939 inter
806 1902 935 1941 vilia
954 1903 1308 1942 numerandus.
1340 1903 1432 1941 Gla-

145 1956 334 2004 diatores,
362 1960 407 1994 ut
431 1956 485 1995 ait
506 1956 665 2003 Cicero,
683 1959 826 1997 invisos
843 1959 1044 2005 habemus,
1068 1961 1104 1998 si
1119 1960 1225 1997 omm'
1239 1959 1352 1998 modo
1369 1960 1432 1998 vi-

144 2018 224 2051 tam
249 2014 451 2061 inpetrare
468 2014 653 2062 πρέπῃ
678 2012 878 2062 favemus,
905 2016 942 2053 si
957 2018 1215 2063 contemptum
1232 2017 1316 2053 eius
1329 2025 1433 2064 prae

143 2079 186 2106 se
200 2068 354 2116 ferunt.
395 2068 506 2107 ldem
539 2067 703 2106 evenire
735 2069 854 2108 nobis
874 2069 997 2108 scias.
1039 2079 1164 2118 saepe
1184 2070 1289 2109 enim
1308 2080 1433 2109 causa

144 2122 342 2162 moriendi
369 2128 432 2163 est
460 2124 597 2163 timide
618 2125 732 2162 mori.
773 2125 952 2164 Fortuna
970 2126 1055 2173 ilia,
1090 2135 1195 2174 quae
1213 2126 1333 2166 ludos
1354 2126 1431 2165 sibi
1451 2133 1472 2166 5

145 2179 258 2218 facit:
278 2190 394 2228 „quo
408 2209 418 2227 ‚
439 2180 587 2229 inquit,
609 2185 647 2219 te
669 2190 893 2229 reservem,
914 2181 1062 2220 malum
1078 2186 1118 2221 et
1133 2182 1330 2230 trepidum
1346 2181 1430 2220 ani-

143 2235 252 2273 mal?
270 2245 319 2274 eo
338 2236 467 2284 magis
488 2235 840 2275 convolneraberis
859 2242 899 2275 et
914 2236 1170 2285 confodieris,
1187 2237 1282 2287 quia
1295 2237 1431 2277 nescis

145 2291 343 2338 praebere
374 2291 572 2339 iuguiurm
606 2297 646 2331 at
672 2297 715 2330 tu
734 2297 774 2331 et
790 2292 905 2331 vives
926 2292 1075 2332 diutius
1099 2298 1139 2333 et
1155 2294 1339 2333 morieris
1361 2303 1430 2331 ex-

146 2346 342 2395 peditiuS,
377 2348 446 2396 qui
475 2349 624 2388 ferrum
652 2359 733 2387 non
754 2348 953 2390 subducta
972 2349 1130 2389 cervice
1148 2360 1224 2390 nec
1243 2349 1430 2389 manibus
