1592 2580
259 145 338 186 136
633 146 674 184 L.
699 145 887 184 ANNAEI
917 145 1142 185 SENECAE

258 244 395 292 quidni
410 242 675 282 meminerim?
706 247 743 282 et
760 244 911 291 quidem
927 245 991 282 siti
1009 244 1223 292 confectus,
1256 246 1347 293 quia
1365 245 1519 295 inpedi—

257 305 316 337 tus
334 300 392 336 ire
410 299 466 336 ad
478 299 626 345 sontem
641 300 862 347 proximum
880 309 955 337 non
968 303 1162 347 poteram,
1191 311 1328 348 repere
1349 302 1520 340 manibus

257 353 444 399 volebam,
473 355 550 391 nisi
570 355 786 399 commilito,
813 354 923 392 homo
939 353 1056 400 fortis
1081 365 1130 393 ac
1154 359 1349 402 strenuas,
1380 366 1520 404 aquam

256 409 352 445 mihi
374 410 414 445 in
422 410 547 455 -yalea
565 418 637 445 sua
657 409 866 446 adtulisset.
901 412 1009 456 potes
1030 419 1139 456 erqo,
1173 409 1317 457 inquit,
1348 412 1520 458 impera-

257 467 327 508 tor,
361 463 599 510 adynoscere
624 464 730 501 illum
753 463 938 501 hominem
955 464 1145 501 ancillam
1159 462 1342 511 qaleam?
1378 465 1523 502 Caesar

256 517 310 554 ait
337 527 383 555 se
411 527 491 570 non
519 526 643 564 posse
670 517 822 564 galeam
850 526 1113 565 cognoscere,
1143 517 1340 556 hominem
1361 519 1522 567 pulchre

258 581 399 619 posse,
430 576 468 609 et
491 571 652 618 adiecit,
683 577 778 619 puto
799 571 850 609 ob
875 571 952 610 hoc
978 571 1120 618 iratus,
1151 573 1258 621 quod
1281 583 1325 610 se
1345 584 1369 611 a
1389 574 1522 621 cogni·

218 627 241 662 3
256 626 362 664 tione
380 626 513 664 media
529 625 581 663 ad
600 630 774 663 veterem
793 625 964 664 fabulam
982 626 1215 665 abduceret:
1253 631 1292 665 tu
1316 630 1442 676 utique
1460 630 1523 667 ille

256 691 332 719 non
351 691 402 719 es.
434 681 605 727 .Merito‚
634 680 781 729 inquit,
811 680 974 727 Caesar,
1007 691 1065 719 me
1083 692 1158 720 non
1182 682 1406 729 aaynoscis:
1432 693 1522 720 nam

255 745 342 773 cum
368 736 440 774 hoc
461 735 614 782 factum
637 739 714 781 est,
743 736 889 782 inteyer
906 745 1025 773 eram
1057 743 1190 784 postea
1206 738 1261 774 ad
1276 737 1465 775 Mundam
1483 739 1523 775 in

256 791 341 828 acie
358 792 491 828 oculus
507 790 602 828 mihi
617 789 778 837 effossus
793 794 850 828 est
868 794 906 827 et
922 791 962 827 in
982 793 1107 838 capite
1124 793 1220 830 lecta
1235 801 1332 829 ossa.
1362 803 1433 831 nec
1443 802 1523 840 ya-

255 846 354 883 leam
366 846 498 892 illam,
525 847 561 882 si
576 845 737 891 videris,
761 845 980 891 adynosces.
1008 846 1218 883 machaera
1232 847 1331 884 enim
1346 846 1523 895 Hispana

257 900 379 937 divisa
398 903 465 937 est.
513 898 650 937 Vetuit
669 897 721 936 illi
738 898 914 936 exhiberi
931 899 1129 946 negotium
1147 900 1293 938 Caesar
1309 905 1346 938 et
1361 902 1523 949 agellos,

255 954 295 991 in
316 953 461 1002 quibus
481 954 660 991 vicinalis
678 953 744 991 via
763 963 883 991 causa
910 952 1020 991 fixae
1037 964 1084 991 ac
1103 955 1226 994 litium
1246 955 1389 1003 fuerat,
1415 954 1523 993 militi

257 1018 332 1046 suo
352 1008 526 1046 donavit.
1335 1038 1337 1041 .

223 1067 239 1099 1
335 1062 457 1100 XXV.
489 1061 589 1109 Quid
609 1066 731 1110 ergo?
759 1073 838 1100 non
859 1067 1055 1110 repeteret
1078 1063 1311 1102 beneficium
1333 1063 1382 1101 ab
1401 1064 1521 1112 impe—

255 1122 405 1163 ratore,
443 1116 554 1154 cuius
597 1116 824 1153 memoriam
862 1117 1066 1155 multitudo
1099 1128 1229 1157 rerum
1266 1118 1525 1157 confuderat?

256 1181 374 1219 quem
393 1171 550 1209 fortuna
567 1171 709 1218 ingens
730 1171 928 1209 exercitus
951 1171 1227 1219 disponentem
1247 1183 1326 1211 non
1351 1173 1520 1220 patieba-

255 1230 317 1264 tur
345 1225 511 1273 singulis
539 1225 724 1263 militibus
752 1230 991 1264 occurrere?
1033 1226 1118 1263 Non
1147 1231 1208 1264 est
1233 1226 1310 1265 hoc
1345 1231 1523 1275 repetere

255 1280 510 1326 beneficium,
532 1280 604 1317 sed
622 1289 824 1318 resumere
843 1280 950 1318 bono
972 1281 1059 1318 loco
1083 1281 1252 1328 positum
1272 1286 1311 1319 et
1332 1286 1522 1330 paratum,

256 1335 307 1372 ad
329 1335 437 1382 quod
458 1338 607 1380 tamen,
632 1339 674 1371 ut
693 1338 889 1380 sumatur,
913 1344 1053 1373 manus
1074 1335 1313 1383 porrigenda
1333 1341 1406 1375 est.
1448 1337 1522 1375 Re-

258 1394 387 1436 petam
407 1389 560 1436 itaque,
582 1388 674 1436 quia
695 1388 771 1427 hoc
792 1392 858 1426 aut
876 1398 925 1426 ex
941 1399 1084 1437 magna
1099 1391 1335 1429 necessitate
1351 1391 1522 1429 facturus

217 1449 239 1481 2
254 1454 322 1482 ero
343 1447 410 1482 aut
427 1442 530 1481 illius
552 1453 691 1489 causa,
713 1453 737 1480 a
755 1453 834 1490 quo
853 1448 1042 1491 repetam.
1078 1444 1255 1483 Tiberius
1266 1444 1412 1484 Caesar
1425 1445 1525 1483 inter

255 1498 364 1536 initia
379 1498 523 1536 dicenti
540 1497 706 1544 cuidam,
723 1498 939 1545 Meministi,
961 1502 1171 1546 antequam
1188 1500 1322 1547 plures
1338 1504 1451 1538 notas
1468 1500 1523 1537 fa-

255 1553 487 1591 miliaritatis
505 1553 648 1591 veteris
664 1553 870 1600 proferret,
891 1563 967 1591 non
982 1555 1146 1601 memini,
1166 1554 1304 1602 inquit,
1323 1554 1418 1603 quid
1426 1555 1523 1602 fue-

254 1609 342 1646 rim.
394 1607 457 1645 Ab
484 1606 561 1645 hoc
590 1606 726 1655 quidni
750 1617 829 1645 non
851 1611 960 1646 esset
979 1609 1238 1656 repetendum
1260 1609 1523 1647 beneficium?

256 1662 432 1710 optanda
447 1666 530 1699 erat
542 1660 709 1700 oblivio:
730 1662 988 1700 aversabatur
998 1663 1169 1700 omnium
1184 1663 1397 1702 amicorum
1407 1668 1445 1701 et
1457 1673 1521 1701 ae—

257 1717 430 1765 qualium
447 1716 621 1754 notitiam
631 1720 671 1754 et
683 1716 788 1754 illam
805 1717 931 1755 solam
943 1723 1194 1765 praesentem
1209 1718 1399 1757 fortunam
1411 1727 1521 1756 suam

256 1771 431 1819 adspici‚
451 1769 557 1808 illam
571 1771 696 1809 solam
713 1770 874 1818 cogitari
891 1781 938 1809 ac
954 1771 1105 1810 narrari
1119 1773 1296 1811 volebat:
1316 1771 1520 1821 inquisito-

219 1830 240 1864 3
257 1836 338 1863 rem
359 1825 531 1863 habebat
544 1830 718 1863 veterem
733 1826 912 1864 amicum.
950 1825 1077 1874 Magis
1094 1828 1326 1875 tempestive
1341 1832 1520 1874 repeten-

257 1880 349 1918 dum
365 1884 427 1918 est
440 1879 677 1918 beneficium
691 1890 808 1928 quarn
824 1881 1048 1928 petendum.
1075 1881 1299 1920 adhibenda
1309 1882 1520 1920 verborum

257 1934 489 1981 moderatio,
511 1938 553 1973 ut
566 1944 641 1972 nec
657 1939 809 1984 [gratus
817 1937 942 1983 possit
953 1936 1102 1983 offendi
1112 1939 1196 1982 nec]
1213 1936 1388 1983 ingratus
1404 1935 1519 1974 dissi-

256 1989 419 2027 mulare.
448 1989 673 2027 Tacendum
694 1993 778 2027 erat
792 1995 831 2028 et
849 1991 1179 2038 exspectandum,
1201 1990 1234 2028 si
1250 1990 1349 2028 inter
1363 1990 1517 2038 sapien—

256 2047 317 2081 tes
331 2043 578 2082 viveremus:
610 2049 649 2082 et
667 2048 797 2082 tamen
814 2044 1059 2092 sapientibus
1077 2054 1237 2092 quoque
1253 2044 1424 2083 indicare
1439 2054 1519 2082 me-

221 2101 244 2135 4
258 2097 334 2136 lius
350 2098 510 2145 suisset,
533 2097 628 2145 quid
647 2108 779 2136 rerum
795 2103 1018 2137 nostrarum
1032 2103 1155 2137 status
1171 2104 1369 2146 posceret.
1413 2100 1519 2137 Deos

258 2162 424 2199 quorum
444 2151 619 2191 notitiam
641 2153 747 2191 nulla
765 2162 831 2191 res
851 2153 1007 2201 effugit,
1030 2163 1237 2200 rogamus,
1262 2158 1300 2192 et
1319 2154 1408 2192 illos
1427 2158 1520 2191 vota

256 2216 334 2243 non
349 2212 516 2246 exorant
530 2207 604 2245 sed
622 2207 845 2245 admonent.
873 2208 942 2246 Dis
959 2217 1118 2256 quoque
1133 2206 1324 2259 [inquam]
1341 2206 1518 2247 Homeri-

258 2269 329 2298 cus
356 2261 421 2298 ille
448 2262 639 2300 sacerdos
670 2261 826 2310 adlegat
853 2261 984 2301 officia
1004 2265 1043 2300 et
1062 2271 1152 2300 aras
1174 2263 1359 2310 religiose
1379 2263 1517 2301 cultas.
