1592 2580
318 186 396 227 246
686 187 728 224 L.
758 187 945 224 ANNAEI
967 186 1190 226 SENECAE

318 285 490 334 delphini
517 285 660 333 spinis,
692 295 790 332 quas
812 286 932 324 dorso
953 285 1165 325 eminentes
1185 292 1343 335 gerunt,
1371 284 1565 325 submersi

319 340 572 378 volnerabant
604 344 642 377 et
673 338 711 376 in
739 340 949 378 adversum
978 341 1076 378 enisi
1103 341 1339 382 dividebant.
1382 341 1565 380 rescissis

316 395 393 432 hoc
425 394 543 433 modo
576 393 753 442 plumbus
788 393 908 432 ceteri
938 396 1046 432 velut
1070 396 1153 433 acie
1183 406 1299 434 versa
1327 396 1565 443 refugerunt.

267 449 449 497 15Fugax
480 449 622 486 animal
658 448 816 494 audaci,
852 449 1155 487 audacissimum
1186 451 1332 490 timido.
1376 460 1450 488 nec
1476 450 1566 489 illos

315 503 539 553 Tentyritae
577 502 732 551 generis
758 507 823 541 aut
849 503 1051 550 sanguinis
1091 504 1328 552 proprietate
1365 509 1565 552 superant,

316 558 389 595 sed
417 561 642 605 contemptu
669 561 707 594 et
724 557 951 596 temeritate.
987 559 1087 596 ultro
1108 559 1209 597 enim
1228 560 1486 607 insequuntur
1504 560 1564 597 fu-

315 612 547 661 gientesque
566 611 884 651 iniect0¹¹trahunt
908 613 1071 660 laqueo:
1114 613 1267 660 plurimi
1294 613 1450 661 quidem
1476 623 1564 661 per-

316 671 426 715 eunt,
454 666 596 714 quibus
624 666 753 704 minus
781 676 971 714 praesens
1000 668 1151 705 animus
1172 668 1222 705 ad
1247 668 1565 719 persequendum

263 722 303 755 16
314 721 394 760 fuit.
441 721 569 759 Nilum
602 721 812 768 aliquando
841 721 1028 759 marinam
1050 732 1196 769 aquam
1224 722 1414 760 detulisse
1439 722 1563 761 Theo—

316 776 499 823 phrastus
529 780 589 814 est
615 779 762 813 auctor.
811 775 975 813 Biennio
1005 778 1208 823 continuo,
1244 780 1431 823 regnante
1455 777 1563 814 Cleo-

313 835 426 878 patra
451 841 529 868 non
552 830 831 876 adscendisse,
859 831 1010 868 decimo
1030 832 1139 879 regni
1161 841 1263 868 anno
1286 836 1323 869 et
1341 831 1562 878 undecimo,

314 890 478 923 constat.
508 884 765 931 significatam
787 885 894 922 aiunt
913 885 1068 923 duobus
1088 893 1216 923 rerum
1239 884 1476 933 potientibus
1497 886 1563 923 de-

313 939 537 977 sectionem:
574 939 733 976 Antonii
759 939 860 976 enim
881 944 919 977 et
939 940 1168 987 Cleopatrae
1187 940 1356 978 defecit
1348 940 1562 987 imperium.

311 992 385 1031 Per
416 1003 557 1032 novem
592 1003 719 1032 annos
748 1004 827 1032 non
854 994 1113 1032 adscendisse
1138 995 1263 1032 Nilum
1292 993 1562 1049 superioribus

313 1048 457 1085 seculis
479 1045 737 1086 Callimachus
758 1053 819 1086 est
838 1052 984 1087 auctor.

259 1108 299 1142 17
390 1101 470 1140 Sed
497 1112 624 1140 nunc
657 1102 1087 1151 adinspiciendas
1122 1113 1319 1149 causas,
1355 1108 1563 1151 prop-ter

313 1166 434 1203 quas
463 1160 656 1194 aestate
677 1157 815 1194 Nilus
839 1163 1054 1203 crescat,
1082 1157 1313 1194 accedam
1335 1163 1378 1196 et
1398 1157 1453 1195 ab
1480 1168 1562 1194 an-

310 1209 615 1258 tiquissimis
643 1211 886 1258 incipiam.
937 1213 1195 1258 Anaxagoras
1221 1211 1292 1256 ait,
1327 1221 1377 1248 ex
1402 1211 1562 1250 Aethio*

309 1264 399 1312 piae
416 1264 518 1312 iugis
538 1265 687 1303 solutas
706 1264 817 1303 nives
837 1265 887 1303 ad
904 1265 1028 1303 Nilum
1044 1275 1173 1313 usque
1192 1265 1410 1303 decurrere.
1440 1264 1478 1303 in
1499 1275 1562 1303 ea-

310 1319 400 1356 dem
428 1318 613 1367 opinione
642 1319 768 1357 omnis
797 1323 974 1358 vetustas
1005 1319 1085 1358 suit.
1126 1319 1203 1357 hoc
1221 1319 1467 1369 Aeschylus,
1490 1319 1561 1358 So-

310 1372 494 1420 phocles,
528 1373 738 1420 Euripides
771 1373 938 1412 tradunt.
983 1374 1055 1411 sed
1088 1374 1228 1411 falsum
1263 1383 1354 1412 esse
1385 1374 1562 1422 pluribus

259 1431 300 1466 18
310 1426 547 1474 argumentis
564 1431 680 1476 patet.
708 1426 836 1466 Primo
857 1428 1106 1476 Aethiopiam
1123 1427 1451 1466 ferventissimam
1471 1435 1563 1466 esse

308 1480 454 1519 indicat
483 1482 681 1520 hominum
707 1483 815 1521 color
837 1483 1003 1521 adustus
1031 1487 1068 1521 et
1094 1482 1377 1544 Troglodytae,
1419 1482 1562 1530 quibus

309 1536 588 1574 subterraneae
621 1537 763 1575 domus
800 1543 902 1576 sunt.
954 1548 1052 1576 saxa
1078 1538 1184 1575 velut
1214 1537 1293 1585 igni
1325 1537 1561 1584 fervescunt,

307 1601 387 1628 non
417 1594 565 1629 tantum
600 1591 748 1638 medio,
783 1592 853 1630 sed
888 1592 1070 1630 inclinato
1106 1601 1264 1639 quoque
1297 1591 1371 1629 die.
1416 1591 1561 1629 ardens

307 1644 437 1692 pulvis
456 1655 530 1682 nec
544 1644 702 1683 humani
717 1646 870 1694 vestigii
885 1646 1050 1694 patiens.
1065 1650 1267 1693 argentum
1281 1644 1561 1694 replumbatur.

309 1699 510 1746 signorum
537 1705 767 1747 coagmenta
797 1702 1013 1739 solvuntur.
1051 1701 1199 1738 nullum
1219 1700 1403 1739 materiae
1423 1709 1560 1747 super-

307 1753 520 1791 adornatae
534 1759 664 1791 manet
677 1754 973 1802 operimentum.
1004 1759 1138 1793 auster
1155 1764 1332 1803 quoque,
1353 1754 1419 1802 qui
1432 1754 1559 1792 exilio

305 1812 431 1846 tractu
452 1808 574 1855 venit,
602 1812 743 1846 ventus
764 1809 1027 1847 calidissimus
1052 1814 1124 1848 est.
1162 1809 1309 1847 nullum
1328 1818 1377 1846 ex
1395 1808 1457 1846 his
1478 1808 1559 1845 ani-

305 1861 493 1908 malibus,
531 1872 634 1910 quae
654 1863 792 1910 latent,
826 1863 964 1902 bruma
983 1874 1166 1911 umquam
1187 1863 1413 1902 reconditur
1431 1867 1470 1900 et
1488 1872 1560 1910 per

304 1915 452 1954 hiemes
471 1916 511 1954 in
532 1926 684 1954 summo
701 1921 739 1955 et
757 1923 894 1965 aperto
915 1928 1081 1966 serpens
1100 1922 1171 1956 est.
1201 1917 1440 1955 Alexandria
1461 1927 1557 1964 quo-

305 1980 382 2017 que
410 1970 526 2018 longe
554 1971 602 2008 ab
633 1971 841 2010 inmodicis
870 1972 1066 2011 caloribus
1088 1973 1217 2020 posita
1237 1977 1315 2011 est:
1347 1972 1458 2009 nives
1478 1981 1557 2009 non

251 2024 470 2066 19cadunt..
488 2025 693 2073 superiora
708 2025 842 2074 pluvia
862 2032 1007 2065 carent.
1038 2026 1371 2074 Quemadmodum
1387 2035 1481 2073 ergo
1496 2035 1556 2063 re-

303 2077 367 2125 gio
390 2079 509 2117 tantis
528 2080 703 2117 subiecta
723 2081 944 2119 fervoribus
970 2082 1176 2119 duraturas
1203 2091 1275 2128 per
1293 2083 1412 2118 totam
1430 2083 1557 2118 aesta-

302 2137 379 2170 tem
409 2133 521 2171 nives
549 2135 724 2182 recepit?
751 2145 851 2182 quas
873 2144 970 2174 sane
988 2136 1107 2184 aliqui
1126 2139 1278 2173 montes
1298 2135 1376 2173 illic
1396 2144 1557 2182 quoque

303 2186 522 2235 excipiant:
549 2188 738 2236 numquid
770 2190 894 2237 magis
923 2201 1039 2238 quam
1058 2191 1201 2238 Alpes,
1227 2199 1342 2236 quam
1369 2188 1557 2227 Thraciae

303 2241 411 2288 iuga,
447 2252 563 2289 quam
597 2243 826 2282 Caucasus?
864 2245 971 2292 atqui
1003 2244 1140 2283 horum
1172 2243 1361 2282 montium
1395 2243 1556 2281 flumina

301 2304 396 2332 vere
425 2301 463 2335 et
489 2297 613 2344 prima
641 2302 789 2336 aestate
817 2299 1096 2346 intumescunt,
1126 2298 1267 2336 deinde
1295 2297 1467 2336 hibernis
1487 2298 1554 2334 mi·
