1592 2580
349 154 415 193 DE
441 151 721 193 BENEFICIIS
750 152 846 191 LIB.
863 153 912 190 V.
942 154 1116 191 20—24.
1296 148 1377 190 105

92 253 414 304 quare'dubitem
433 258 473 292 et
492 253 569 292 sibi
587 253 775 292 meliores
793 252 939 292 etmihi
956 253 1119 292 facere?
1145 252 1380 300 Quemcum—
1395 255 1418 289 2

90 321 173 359 que
200 313 394 358 potuero,
429 316 602 357 peccare
630 308 872 358 prohibebo,
902 309 1026 347 multo
1054 308 1182 357 magis
1210 308 1381 347 amicum

90 371 139 405 et*
154 375 204 404 ne
232 369 374 414 peccet
393 369 433 404 et
451 374 503 403 ne
522 364 564 403 in
583 375 647 403 me
667 364 919 414 potissimum
940 368 1096 413 peccet.
1139 365 1306 403 alterum
1325 365 1381 403 illi

89 420 327 460 beneficium
355 420 430 466 do,
466 420 502 458 si
528 420 638 459 illum
666 421 862 469 ingratum
891 430 985 459 esse
1011 431 1093 459 non
1116 421 1260 468 patior.
1304 429 1392 459 nec*

89 478 189 516 dure
215 476 271 515 illi
300 475 556 526 exprobrabo
588 486 693 525 quae
721 475 920 525 praestiti,
955 475 1029 514 sed
1058 486 1177 524 quam
1210 480 1380 525 potuero

79 532 343 580 mollissime,
372 537 415 571 ut
433 536 676 580 potestatem
693 531 932 570 referendae
950 530 1103 580 gratiae
1123 531 1286 578 faciam,
1317 541 1379 570 re-

89 587 248 628 novabo
270 588 502 627 memoriam
521 587 609 627 eius
630 592 669 626 et
689 592 822 636 petam
840 586 1101 632 beneficium:
1129 586 1220 635 ipse
1239 597 1303 626 me
1317 597 1380 626 re·

90 649 228 693 petere
255 644 468 692 intelleget.
522 643 754 692 Aliquando
783 648 872 682 utar
897 642 1033 682 verbis
1062 642 1316 692 durioribus,
1346 643 1419 681 sis

80 699 293 740 vemendari
319 700 428 738 illum
458 710 679 748 speravero
712 709 852 748 posse.
895 701 989 737 nani
1015 698 1266 748 deploratum
1288 709 1380 748 pro—

89 761 178 805 pter
203 755 282 794 hoc
305 765 575 804 quoquefnon
597 754 831 804 exagitabo,
861 765 913 792 ne
932 764 984 792 ex
1003 754 1158 803 ingrato
1179 755 1380 794 inimicum

90 811 246 850 faciam.
294 810 448 858 Quodsi
476 810 762 849 admonitionis
791 819 957 859 quoque
976 810 1296 858 suggillationem
1321 809 1379 848 in·

87 866 213 915 gratis
232 865 487 914 remittimus,
518 867 730 915 segniores
749 865 802 904 ad
821 866 1030 904 reddenda
1045 865 1243 905 beneficia
1258 867 1379 905 faeie-

91 933 193 962 mus.
241 922 447 970 Quosdam
478 932 574 960 vero
604 921 808 960 sanabiles
837 926 876 960 et
895 922 962 970 qui
985 921 1072 960 fieri
1091 922 1187 960 boni
1207 922 1379 971 possint,
1395 930 1419 964 4

88 979 124 1017 si
152 978 249 1028 quid
277 977 368 1016 illos
401 978 678 1024 momorderit,
716 976 850 1026 perire
882 977 1079 1026 patiemur
1107 977 1382 1017 admonitione

89 1033 266 1082 sublata,
297 1044 377 1082 qua
402 1038 442 1072 et
469 1038 582 1081 pater
608 1033 733 1071 filium
763 1033 981 1081 aliquando
1010 1034 1186 1072 correxit
1211 1037 1250 1072 et
1276 1043 1381 1072 uxor

89 1090 271 1128 maritum
298 1088 548 1127 aberrantem
575 1088 627 1127 ad
651 1099 696 1127 se
715 1089 876 1127 reduxit
894 1094 933 1127 et
951 1087 1106 1128 amicus
1124 1090 1380 1138 languentem

88 1145 204 1184 amici
224 1145 343 1184 fidem
365 1145 502 1183 erexit.

168 1200 307 1240 XXIII.
348 1199 514 1248 Quidam
535 1204 579 1238 ut
599 1198 952 1247 expergiscantur,
979 1210 1060 1238 non
1084 1198 1274 1247 feriendi,
1304 1199 1379 1239 sed
1395 1205 1414 1237 1

89 1256 370 1296 commovendi
390 1260 504 1295 sunt:
534 1255 678 1294 eodem
700 1255 820 1294 modo
843 1255 1107 1303 quorumdam
1129 1256 1181 1294 ad
1203 1256 1379 1294 referen-

90 1313 182 1355 dam
201 1312 367 1360 gratiam
386 1311 489 1350 fides
510 1322 590 1350 non
612 1316 765 1358 cessat,
793 1312 868 1350 sed
888 1313 1063 1359 languet.
1098 1311 1202 1350 hanc
1223 1313 1379 1360 pervel-

88 1369 231 1407 lamus.
260 1367 373 1415 „Noli
395 1378 540 1406 munus
561 1371 672 1405 tuum
693 1366 732 1405 in
752 1367 934 1405 iniuriam
957 1372 1124 1406 vertere.
1156 1367 1298 1406 iniuria
1319 1372 1381 1405 est

88 1424 205 1472 enim,
221 1422 257 1462 si
273 1423 311 1461 in
328 1423 407 1461 hoe
423 1433 502 1462 non
519 1422 683 1471 repetis,
700 1426 742 1461 ut
757 1422 935 1470 ingratus
946 1422 1035 1461 sim.
1060 1422 1169 1471 quid,
1186 1422 1221 1461 si
1237 1423 1379 1470 ignoro

90 1479 188 1528 quid
205 1479 443 1517 desideres?
467 1478 563 1527 quid
580 1477 615 1516 si
627 1478 961 1526 occupationibus
977 1478 1182 1516 districtus
1193 1482 1233 1516 et
1247 1478 1285 1516 in
1302 1479 1380 1516 alia

89 1539 258 1573 vocatus
287 1534 542 1572 occasionem
571 1544 652 1572 non
682 1533 926 1572 observavi?
967 1533 1139 1573 ostende
1165 1533 1260 1571 mihi
1281 1533 1379 1585 quid

91 1589 266 1639 possim,
289 1588 385 1638 quid
405 1589 517 1627 velis.
555 1588 686 1636 Quare
706 1589 925 1637 desperas,
946 1593 1160 1637 antequam
1180 1594 1381 1637 temptes?
1394 1596 1416 1630 2

91 1654 217 1695 quare
247 1654 442 1693 properas
462 1648 502 1682 et
526 1643 765 1683 beneficium
787 1648 827 1683 et
849 1644 1018 1683 amicum
1041 1645 1239 1693 perdere?
1271 1644 1380 1683 unde

91 1701 172 1740 scis
189 1701 310 1739 nolim
327 1710 376 1738 an
392 1699 592 1748 ignorem,
613 1700 771 1738 animus
788 1710 838 1738 an
855 1700 1024 1739 facultas
1041 1700 1146 1739 desit
1160 1700 1253 1738 mihi
1265 1706 1284 1739 *ἐ
1309 1711 1378 1739 ex·

91 1755 260 1806 perire.“
290 1754 529 1795 Admonebo
543 1765 651 1804 ergo,
668 1766 748 1795 non
765 1765 912 1803 amare,
923 1765 1004 1794 non
1022 1757 1167 1805 palam,
1186 1756 1273 1795 sine
1284 1767 1378 1795 con-

89 1812 214 1859 vicio,
242 1811 320 1859 sic,
350 1817 394 1850 ut
413 1822 459 1850 se
477 1810 636 1850 redisse
656 1811 696 1849 in
716 1812 968 1857 memoriam,
990 1822 1072 1850 non
1092 1811 1232 1850 reduci
1254 1816 1379 1860 putet.

170 1867 311 1906 XXIV.
342 1867 512 1906 Causam
532 1866 691 1905 dicebat
710 1867 820 1915 apud
840 1866 975 1906 divum
994 1867 1135 1906 lulium
1156 1878 1207 1905 ex
1226 1872 1378 1906 vetera·
1395 1877 1414 1910 1

90 1923 154 1963 nis
187 1923 349 1972 quidam
386 1924 507 1970 paulo
541 1919 754 1962 violentior
785 1922 984 1963 adversus
1016 1922 1172 1962 vicinos
1208 1934 1307 1962 suos
1341 1929 1381 1962 et

91 1986 215 2018 &tusa
231 1978 494 2027 premebatur.
517 1978 738 2025 Meministi,
758 1978 906 2026 inquit,
926 1980 1149 2027 imperator,
1170 1980 1211 2017 in
1224 1979 1379 2028 Hispa-

91 2036 158 2074 nia
183 2037 302 2074 talum
327 2036 534 2073 extorsisse
555 2035 664 2072 circa
686 2031 927 2072 Sucronem?
966 2044 1056 2072 cum
1077 2034 1226 2073 Caesar
1243 2034 1379 2074 memi-

91 2090 204 2129 nisse
223 2100 269 2129 se
286 2090 473 2135 dixisset,
501 2090 705 2127 meministi
721 2090 895 2137 quidem,
923 2087 1095 2138 [inquit,]
1116 2091 1186 2128 sub
1207 2091 1380 2138 quadam

91 2146 232 2184 arbore
251 2147 448 2184 minimum
467 2145 627 2183 umbrae
644 2150 853 2193 spargente
871 2155 958 2183 cum
973 2147 1087 2184 velles
1100 2147 1275 2185 residere
1283 2146 1379 2194 fer-—

92 2203 306 2240 ventissimo
324 2203 403 2240 sole
419 2206 456 2240 et
474 2205 572 2240 esset
585 2202 825 2249 asperrimus
843 2202 970 2247 locus,
993 2203 1034 2239 in
1053 2212 1128 2249 quo
1146 2212 1199 2240 ex
1216 2203 1378 2251 rupibus

92 2258 216 2296 aculis
242 2259 359 2296 unica
385 2258 456 2296 illa
485 2257 603 2295 arbor
621 2260 826 2304 eruperat,
856 2257 1061 2304 quemdam
1080 2268 1134 2295 ex
1150 2259 1377 2297 commilito-

93 2311 204 2351 nibus
227 2314 415 2361 penulam
441 2323 552 2351 suam
577 2309 857 2350 substravisse?
898 2311 996 2351 Cum
1022 2312 1194 2353 dixisset
1211 2312 1377 2352 Caesar:
1394 2320 1415 2353 2
