1624 2626
303 189 382 234 lm
674 193 718 232 L.
739 193 927 232 ANNAEI
954 192 1178 233 SENECAE

303 303 347 331 se
366 290 579 339 castigabit.
614 291 787 341 denique
806 293 948 330 debeat
967 303 1138 340 poenas=
1156 305 1236 332 non
1254 299 1316 333 est
1335 295 1440 343 quod
1462 305 1550 335 cum
1615 299 1624 338 ἓ

265 348 366 385 31110
386 346 496 394 paria
514 347 714 385 faciamus.
755 347 851 385 Illud
873 357 950 384 non
973 349 1101 386 veniet
1125 348 1163 386 in
1185 348 1364 396 dubium,
1395 351 1485 398 quin
1506 360 1551 388 se
1615 342 1624 413 4

302 401 488 439 exemerit
504 401 640 440 turbae
666 406 704 439 et
723 402 836 439 altius
857 401 1004 439 steterit
1024 400 1204 450 quisquis
1225 403 1408 450 despexit
1426 406 1550 442 laces-

302 460 455 494 sentes:
476 455 677 504 proprium
696 461 756 494 est
774 455 1050 502 magnitudinis
1070 466 1189 494 verae
1207 467 1285 494 non
1301 458 1446 496 sentire
1462 469 1550 506 per-

302 520 472 549 cussum.
501 510 565 548 Sic
585 510 750 548 inmanis
771 512 854 548 fera
873 510 922 547 ad
943 511 1120 548 latratum
1141 521 1281 549 canum
1298 512 1401 552 lenta
1414 523 1550 560 respe-

300 565 366 603 xit.
403 565 461 603 sic
479 564 613 603 inritus
641 565 785 613 ingenti
807 566 973 611 scopulo
994 565 1138 603 fluctus
1158 565 1339 604 adsultat.
1382 566 1454 613 Qui
1473 578 1551 606 non

300 619 491 666 irascitur,
508 620 770 658 inconcussus
788 619 926 656 iniuria
943 620 1118 667 perstitit,
1137 618 1203 667 qui
1217 620 1407 668 irascitur,
1422 626 1551 660 motus

263 678 284 711 4
301 677 373 712 est.
399 675 451 713 At
468 675 542 720 iiie,
564 685 681 722 quem
698 675 817 712 modo
837 674 1011 712 altiorem
1033 674 1136 713 omni
1155 673 1406 713 incommodo
1423 676 1552 723 posui,

300 733 407 767 tenet
425 730 608 777 amplexu
629 730 800 777 quodam
821 739 1011 766 summum
1033 729 1190 767 bonum.
1219 739 1293 766 nec
1308 729 1453 767 homini
1468 735 1552 768 tan-

299 788 399 829 tum,
435 784 505 821 sed
533 783 610 831 ipsi
636 785 814 822 fortunae
840 783 1076 830 respondet:
1113 784 1270 830 „omnia
1298 783 1388 822 licet
1417 784 1551 830 facias,
1618 797 1624 848 3

300 838 426 876 minor
444 847 500 883 es,
522 848 636 885 quam
657 839 698 875 ut
717 838 964 876 serenitatem
982 848 1108 875 meam
1128 838 1321 876 obducas.
1354 843 1460 877 vetat
1477 838 1553 878 hoc
1618 849 1624 890 g

299 893 417 938 ratio,
445 892 507 930 cui
529 892 646 930 vitam
672 892 885 940 regendam
913 892 1017 930 dedi.
1061 893 1148 940 pius
1174 892 1268 930 mihi
1298 893 1474 931 nocitura
1493 898 1554 931 est

301 948 357 984 ira
385 957 501 995 quam
528 947 678 985 iniuria.
722 946 856 994 quidni
886 947 1002 994 pius?
1030 947 1132 984 iliius
1160 947 1303 985 modus
1324 952 1454 986 certus
1474 952 1552 985 est=

301 1002 375 1039 ista
395 1011 602 1049 quousque
621 1010 682 1039 me
701 1002 826 1039 latura
844 1001 895 1038 sit
914 1001 1074 1039 dubium
1094 1004 1195 1039 est.“

267 1065 284 1097 1
379 1055 516 1094 XXVI.
544 1055 653 1102 „Non
674 1053 848 1104 pessum,
868 1054 1012 1103 inquis,
1036 1056 1126 1102 pati.
1155 1066 1276 1102 grave
1294 1060 1355 1094 est
1375 1055 1553 1094 iniuriam

302 1110 534 1148 sustinere.“
552 1106 739 1148 Mentiris.
761 1110 851 1158 quis
870 1110 973 1147 enim
991 1110 1169 1147 iniuriam
1190 1121 1267 1148 non
1288 1115 1420 1158 potest
1438 1112 1551 1157 serre,

303 1164 371 1212 qui
391 1168 520 1212 potest
537 1165 660 1202 iram?
685 1163 799 1202 adice
812 1172 916 1202 nunc
932 1164 1037 1212 quod
1053 1163 1094 1202 id
1110 1164 1210 1212 agis,
1227 1169 1271 1202 ut
1285 1169 1323 1202 et
1336 1165 1432 1202 iram
1450 1166 1553 1203 seras

303 1223 341 1257 et
358 1219 549 1256 iniuriam.
578 1219 705 1265 Quare
725 1219 805 1256 fers
823 1219 929 1266 aegri
948 1219 1096 1256 rabiem
1116 1223 1156 1256 et
1174 1219 1389 1267 phrenetici
1406 1220 1556 1257 verba?

303 1283 512 1321 puerorum
528 1279 734 1320 protervas
749 1278 916 1311 manus?
941 1282 1083 1320 nempe
1099 1274 1191 1320 quia
1206 1273 1388 1311 videntur
1400 1274 1555 1311 nescire

303 1327 397 1375 quid
415 1328 575 1366 faciant:
605 1326 699 1375 quid
717 1326 896 1373 interest,
926 1338 1006 1376 quo
1034 1328 1203 1376 quisque
1222 1328 1315 1366 vitio
1335 1328 1404 1366 fiat
1421 1328 1553 1376 inpru—

304 1382 430 1420 dens?
485 1382 733 1429 inprudentia
773 1392 844 1429 par
883 1381 922 1419 in
963 1382 1144 1420 omnibus
1184 1383 1442 1430 patrocinium
1481 1388 1553 1420 est.

269 1446 290 1479 2
305 1435 430 1483 „Quid
448 1446 541 1484 ergo
552 1441 571 1473 ’ἒ
587 1437 729 1484 inquis,
746 1436 892 1484 inpune
907 1436 960 1474 ilii
976 1436 1105 1474 erit‘w
1132 1437 1280 1474 Putate
1296 1438 1409 1483 velle,
1425 1442 1553 1475 tamen

305 1501 382 1530 non
410 1491 493 1529 erit.
529 1491 698 1529 maxima
723 1495 783 1529 est
801 1492 902 1529 enlm
923 1491 1077 1528 sactae
1067 1491 1230 1528 miurIae
1249 1501 1379 1539 poena
1397 1490 1554 1537 recisse,
1618 1497 1624 1543 ἦ

303 1555 377 1583 nec
406 1545 614 1593 quisquam
641 1545 801 1593 gravius
821 1545 1002 1583 adficitur
1024 1556 1141 1592 quam
1162 1545 1229 1593 qui
1248 1546 1300 1583 ad
1317 1545 1555 1593 supplicium

267 1609 289 1642 3
305 1599 567 1647 poenitentiae
589 1600 765 1638 traditur.
802 1599 953 1638 Deinde
971 1600 1022 1637 ad
1043 1597 1316 1638 condicionem
1333 1609 1464 1637 rerum
1482 1600 1553 1638 hu·
1619 1607 1624 1643 1

306 1665 503 1692 manarum
521 1655 810 1702 respiciendum
830 1659 900 1700 est,
920 1659 963 1692 ut
981 1653 1151 1692 omnium
1167 1654 1423 1692 accidentium
1438 1654 1555 1702 aequi
1618 1649 1624 1704 {T

306 1709 457 1747 iudices
485 1709 619 1747 simus.
661 1709 818 1757 iniquus
839 1713 966 1747 autem
987 1713 1066 1756 est,
1095 1707 1164 1756 qui
1189 1718 1395 1746 commune
1421 1709 1556 1747 vitium

306 1763 471 1811 singuiis
499 1763 659 1802 obiecit:
694 1774 774 1801 non
801 1768 862 1801 est
882 1763 1088 1811 Aethiopis
1112 1763 1212 1801 inter
1230 1773 1325 1802 suos
1345 1763 1554 1810 insignitus

306 1819 434 1865 color,
455 1828 528 1856 nec
546 1818 657 1856 rufus
677 1817 795 1856 crinis
815 1823 853 1856 et
872 1823 1032 1856 coactus
1051 1818 1090 1855 111
1108 1817 1254 1856 11οά11111
1274 1817 1380 1864 apud
1397 1817 1554 1855 Germa—

305 1883 380 1910 nos
406 1873 531 1910 virum
558 1873 735 1911 dedecet.
775 1872 870 1910 nihii
896 1873 935 1910 in
961 1883 1041 1910 uno
1069 1871 1261 1910 iudicabis
1292 1872 1463 1910 notabile
1490 1876 1557 1910 aut

307 1927 478 1974 foedum,
498 1928 605 1975 quod
619 1928 723 1975 genti
742 1937 837 1965 suae
859 1927 1056 1975 publicum
1075 1930 1146 1964 est.
1166 1930 1204 1964 et
1220 1926 1296 1964 ista
1315 1936 1417 1974 quae
1431 1926 1555 1973 retuli,

309 1981 422 2019 unius
452 1982 627 2030 regionis
660 1986 779 2029 atque
809 1981 940 2029 anguli
968 1981 1210 2019 consuetudo
1238 1981 1429 2018 defendit:
1465 1980 1556 2018 vide
1618 2029 1619 2033 Ἰ

308 2045 423 2082 nunc,
442 2042 587 2083 quanto
607 2037 644 2074 in
663 2037 711 2074 iis
726 2036 865 2074 iustior
878 2036 993 2074 venia
1009 2036 1070 2081 sit,
1091 2044 1192 2083 quae
1208 2045 1280 2082 per
1293 2040 1414 2073 totum
1430 2045 1554 2082 genus
1621 2036 1622 2067 1

271 2090 518 2130 summanum
550 2091 707 2142 volgata
740 2095 841 2129 sunt.
885 2090 1028 2129 Omnes
1054 2089 1263 2127 inconsulti
1290 2095 1327 2127 et
1359 2089 1554 2137 inprovidi

309 2154 464 2191 sumus,
485 2155 620 2184 omnes
639 2144 786 2191 incerti,
809 2144 972 2193 queruli,
992 2143 1198 2182 ambitiosi.
1228 2144 1322 2192 quid
1341 2143 1554 2182 levioribus
1617 2165 1620 2175 »

309 2199 440 2236 verbis
469 2199 582 2237 ulcus
614 2199 813 2248 pubiicum
842 2198 1072 2238 abscondo?
1111 2208 1248 2236 omnes
1275 2199 1366 2236 mali
1399 2207 1553 2236 sumus:
1617 2197 1619 2230 ἴ

311 2252 496 2302 quicquid
515 2253 646 2301 itaque
663 2253 703 2292 in
724 2255 800 2292 alio
819 2252 1133 2302 reprehenditur,
1160 2252 1200 2291 id
1219 2252 1497 2300 unusquisque
1513 2251 1554 2289 in
1616 2252 1618 2297 J

311 2317 384 2347 suo
416 2307 504 2346 sinu
539 2309 718 2346 inveniet.
769 2308 867 2356 Quid
898 2306 999 2345 itlius
1027 2306 1234 2354 pallorem,
1267 2307 1369 2345 iliius
1391 2307 1554 2344 maciem
1615 2308 1617 2338 †
