<?xml version="1.0" encoding="UTF-8"?>
<!DOCTYPE html PUBLIC "-//W3C//DTD XHTML 1.0 Transitional//EN"
    "http://www.w3.org/TR/xhtml1/DTD/xhtml1-transitional.dtd">
<html xmlns="http://www.w3.org/1999/xhtml" xml:lang="en" lang="en">
 <head>
  <title>
</title>
<meta http-equiv="Content-Type" content="text/html;charset=utf-8" />
  <meta name='ocr-system' content='tesseract 3.04.00' />
  <meta name='ocr-capabilities' content='ocr_page ocr_carea ocr_par ocr_line ocrx_word'/>
</head>
<body>
  <div class='ocr_page' id='page_1' title='image "./operaquaesupersu01seneuoft_0142.png"; bbox 0 0 1624 2626; ppageno 0'>
   <div class='ocr_carea' id='block_1_1' title="bbox 316 165 1338 209">
    <p class='ocr_par' dir='ltr' id='par_1_1' title="bbox 316 165 1338 209">
     <span class='ocr_line' id='line_1_1' title="bbox 316 165 1338 209; baseline -0.003 0"><span class='ocrx_word' id='word_1_1' title='bbox 316 166 395 209; x_wconf 84' lang='lat'><strong>128</strong></span> <span class='ocrx_word' id='word_1_2' title='bbox 574 167 618 205; x_wconf 92' lang='lat' dir='ltr'><strong>L.</strong></span> <span class='ocrx_word' id='word_1_3' title='bbox 644 166 833 205; x_wconf 90' lang='lat' dir='ltr'><strong>ANNAEI</strong></span> <span class='ocrx_word' id='word_1_4' title='bbox 862 165 1085 205; x_wconf 89' lang='lat' dir='ltr'><strong>SENECAE</strong></span> <span class='ocrx_word' id='word_1_5' title='bbox 1112 167 1242 206; x_wconf 88' lang='lat' dir='ltr'><strong>DIAL.</strong></span> <span class='ocrx_word' id='word_1_6' title='bbox 1269 167 1338 206; x_wconf 90' lang='lat' dir='ltr'><strong>VI.</strong></span> 
     </span>
    </p>
   </div>
   <div class='ocr_carea' id='block_1_2' title="bbox 270 263 1570 2056">
    <p class='ocr_par' dir='ltr' id='par_1_2' title="bbox 314 263 1570 423">
     <span class='ocr_line' id='line_1_2' title="bbox 314 263 1568 314; baseline 0.001 -10"><span class='ocrx_word' id='word_1_7' title='bbox 314 266 416 304; x_wconf 90' lang='lat' dir='ltr'><strong>Dicit</strong></span> <span class='ocrx_word' id='word_1_8' title='bbox 425 263 606 304; x_wconf 88' lang='lat' dir='ltr'><strong>omnibus</strong></span> <span class='ocrx_word' id='word_1_9' title='bbox 616 265 730 303; x_wconf 90' lang='lat' dir='ltr'><strong>nobis</strong></span> <span class='ocrx_word' id='word_1_10' title='bbox 740 269 896 303; x_wconf 81' lang='lat' dir='ltr'><strong>natura:</strong></span> <span class='ocrx_word' id='word_1_11' title='bbox 925 264 1151 311; x_wconf 83' lang='lat' dir='ltr'><strong>„Neminem</strong></span> <span class='ocrx_word' id='word_1_12' title='bbox 1161 263 1330 314; x_wconf 87' lang='lat' dir='ltr'><strong>decipio.</strong></span> <span class='ocrx_word' id='word_1_13' title='bbox 1350 270 1390 304; x_wconf 86' lang='lat' dir='ltr'><strong>tu</strong></span> <span class='ocrx_word' id='word_1_14' title='bbox 1410 264 1445 304; x_wconf 91' lang='lat' dir='ltr'><strong>si</strong></span> <span class='ocrx_word' id='word_1_15' title='bbox 1463 265 1568 305; x_wconf 86' lang='lat' dir='ltr'><strong>filios</strong></span> 
     </span>
     <span class='ocr_line' id='line_1_3' title="bbox 315 317 1566 369; baseline 0 -11"><span class='ocrx_word' id='word_1_16' title='bbox 315 319 534 366; x_wconf 81' lang='lat' dir='ltr'><strong>sustuleris,</strong></span> <span class='ocrx_word' id='word_1_17' title='bbox 556 320 709 367; x_wconf 86' lang='lat' dir='ltr'><strong>poteris.</strong></span> <span class='ocrx_word' id='word_1_18' title='bbox 723 319 869 357; x_wconf 87' lang='lat' dir='ltr'><strong>habere</strong></span> <span class='ocrx_word' id='word_1_19' title='bbox 889 317 1099 366; x_wconf 89' lang='lat' dir='ltr'><strong>formosos,</strong></span> <span class='ocrx_word' id='word_1_20' title='bbox 1129 324 1168 358; x_wconf 94' lang='lat' dir='ltr'><strong>et</strong></span> <span class='ocrx_word' id='word_1_21' title='bbox 1183 320 1386 359; x_wconf 46' lang='lat' dir='ltr'><strong>‘deformes</strong></span> <span class='ocrx_word' id='word_1_22' title='bbox 1407 322 1566 369; x_wconf 87' lang='lat' dir='ltr'><strong>poteris.</strong></span> 
     </span>
     <span class='ocr_line' id='line_1_4' title="bbox 315 372 1570 423; baseline 0.001 -11"><span class='ocrx_word' id='word_1_23' title='bbox 315 375 485 412; x_wconf 89' lang='lat' dir='ltr'><strong>fortasse</strong></span> <span class='ocrx_word' id='word_1_24' title='bbox 505 376 650 422; x_wconf 71' lang='lat' dir='ltr'><strong>[pauc-i,</strong></span> <span class='ocrx_word' id='word_1_25' title='bbox 665 374 847 421; x_wconf 83' lang='lat' dir='ltr'><strong>fortasse]</strong></span> <span class='ocrx_word' id='word_1_26' title='bbox 868 372 975 410; x_wconf 86' lang='lat' dir='ltr'><strong>multi</strong></span> <span class='ocrx_word' id='word_1_27' title='bbox 993 378 1217 412; x_wconf 84' lang='lat' dir='ltr'><strong>nascentur.</strong></span> <span class='ocrx_word' id='word_1_28' title='bbox 1246 379 1338 413; x_wconf 86' lang='lat' dir='ltr'><strong>esse</strong></span> <span class='ocrx_word' id='word_1_29' title='bbox 1357 375 1498 423; x_wconf 89' lang='lat' dir='ltr'><strong>aliquis</strong></span> <span class='ocrx_word' id='word_1_30' title='bbox 1518 385 1570 413; x_wconf 87' lang='lat' dir='ltr'><strong>ex</strong></span> 
     </span>
    </p>

    <p class='ocr_par' dir='ltr' id='par_1_3' title="bbox 273 427 1570 966">
     <span class='ocr_line' id='line_1_5' title="bbox 273 427 1569 476; baseline -0.002 -6"><span class='ocrx_word' id='word_1_31' title='bbox 273 434 293 470; x_wconf 86' lang='lat'>7</span> <span class='ocrx_word' id='word_1_32' title='bbox 313 429 388 467; x_wconf 86' lang='lat' dir='ltr'><strong>illis</strong></span> <span class='ocrx_word' id='word_1_33' title='bbox 407 433 484 467; x_wconf 84' lang='lat' dir='ltr'><strong>tam</strong></span> <span class='ocrx_word' id='word_1_34' title='bbox 505 433 684 466; x_wconf 85' lang='lat' dir='ltr'><strong>servator</strong></span> <span class='ocrx_word' id='word_1_35' title='bbox 711 427 858 476; x_wconf 77' lang='lat' dir='ltr'><strong>patriae</strong></span> <span class='ocrx_word' id='word_1_36' title='bbox 878 437 996 474; x_wconf 90' lang='lat' dir='ltr'><strong>quam</strong></span> <span class='ocrx_word' id='word_1_37' title='bbox 1025 427 1202 475; x_wconf 88' lang='lat' dir='ltr'><strong>proditor</strong></span> <span class='ocrx_word' id='word_1_38' title='bbox 1221 429 1374 476; x_wconf 88' lang='lat' dir='ltr'><strong>poterit.</strong></span> <span class='ocrx_word' id='word_1_39' title='bbox 1402 439 1482 468; x_wconf 90' lang='lat' dir='ltr'><strong>non</strong></span> <span class='ocrx_word' id='word_1_40' title='bbox 1508 434 1569 468; x_wconf 88' lang='lat' dir='ltr'><strong>est</strong></span> 
     </span>
     <span class='ocr_line' id='line_1_6' title="bbox 315 480 1569 531; baseline 0.001 -10"><span class='ocrx_word' id='word_1_41' title='bbox 315 483 424 531; x_wconf 87' lang='lat' dir='ltr'><strong>quod</strong></span> <span class='ocrx_word' id='word_1_42' title='bbox 450 483 642 531; x_wconf 87' lang='lat' dir='ltr'><strong>desperes</strong></span> <span class='ocrx_word' id='word_1_43' title='bbox 669 487 798 520; x_wconf 87' lang='lat' dir='ltr'><strong>tantae</strong></span> <span class='ocrx_word' id='word_1_44' title='bbox 828 480 1066 529; x_wconf 85' lang='lat' dir='ltr'><strong>dignationis</strong></span> <span class='ocrx_word' id='word_1_45' title='bbox 1095 482 1259 529; x_wconf 89' lang='lat' dir='ltr'><strong>futuros,</strong></span> <span class='ocrx_word' id='word_1_46' title='bbox 1287 487 1330 521; x_wconf 91' lang='lat' dir='ltr'><strong>ut</strong></span> <span class='ocrx_word' id='word_1_47' title='bbox 1355 493 1469 522; x_wconf 89' lang='lat' dir='ltr'><strong>nemo</strong></span> <span class='ocrx_word' id='word_1_48' title='bbox 1500 484 1569 522; x_wconf 87' lang='lat' dir='ltr'><strong>tibi</strong></span> 
     </span>
     <span class='ocr_line' id='line_1_7' title="bbox 313 535 1570 585; baseline 0.001 -10"><span class='ocrx_word' id='word_1_49' title='bbox 313 542 476 585; x_wconf 86' lang='lat' dir='ltr'><strong>propter</strong></span> <span class='ocrx_word' id='word_1_50' title='bbox 494 537 582 575; x_wconf 88' lang='lat' dir='ltr'><strong>illos</strong></span> <span class='ocrx_word' id='word_1_51' title='bbox 601 535 836 574; x_wconf 80' lang='lat' dir='ltr'><strong>maledicere</strong></span> <span class='ocrx_word' id='word_1_52' title='bbox 851 535 1013 573; x_wconf 81' lang='lat' dir='ltr'><strong>audeat:</strong></span> <span class='ocrx_word' id='word_1_53' title='bbox 1037 546 1216 584; x_wconf 81' lang='lat' dir='ltr'><strong>propone</strong></span> <span class='ocrx_word' id='word_1_54' title='bbox 1235 541 1363 574; x_wconf 86' lang='lat' dir='ltr'><strong>tamen</strong></span> <span class='ocrx_word' id='word_1_55' title='bbox 1383 542 1422 576; x_wconf 92' lang='lat' dir='ltr'><strong>et</strong></span> <span class='ocrx_word' id='word_1_56' title='bbox 1439 542 1570 576; x_wconf 87' lang='lat' dir='ltr'><strong>tantae</strong></span> 
     </span>
     <span class='ocr_line' id='line_1_8' title="bbox 314 590 1569 639; baseline -0.001 -9"><span class='ocrx_word' id='word_1_57' title='bbox 314 592 466 630; x_wconf 88' lang='lat' dir='ltr'><strong>futuros</strong></span> <span class='ocrx_word' id='word_1_58' title='bbox 482 590 745 639; x_wconf 86' lang='lat' dir='ltr'><strong>turpitudinis,</strong></span> <span class='ocrx_word' id='word_1_59' title='bbox 760 596 802 628; x_wconf 92' lang='lat' dir='ltr'><strong>ut</strong></span> <span class='ocrx_word' id='word_1_60' title='bbox 816 590 893 638; x_wconf 91' lang='lat' dir='ltr'><strong>ipsi</strong></span> <span class='ocrx_word' id='word_1_61' title='bbox 907 590 1116 629; x_wconf 87' lang='lat' dir='ltr'><strong>maledicta</strong></span> <span class='ocrx_word' id='word_1_62' title='bbox 1131 591 1219 630; x_wconf 90' lang='lat' dir='ltr'><strong>sint.</strong></span> <span class='ocrx_word' id='word_1_63' title='bbox 1249 591 1342 629; x_wconf 89' lang='lat' dir='ltr'><strong>nihil</strong></span> <span class='ocrx_word' id='word_1_64' title='bbox 1357 596 1463 631; x_wconf 87' lang='lat' dir='ltr'><strong>vetat</strong></span> <span class='ocrx_word' id='word_1_65' title='bbox 1479 591 1569 630; x_wconf 89' lang='lat' dir='ltr'><strong>illos</strong></span> 
     </span>
     <span class='ocr_line' id='line_1_9' title="bbox 312 644 1570 694; baseline -0.001 -10"><span class='ocrx_word' id='word_1_66' title='bbox 312 646 380 684; x_wconf 90' lang='lat' dir='ltr'><strong>tibi</strong></span> <span class='ocrx_word' id='word_1_67' title='bbox 401 656 587 694; x_wconf 89' lang='lat' dir='ltr'><strong>suprema</strong></span> <span class='ocrx_word' id='word_1_68' title='bbox 605 649 807 693; x_wconf 87' lang='lat' dir='ltr'><strong>praestare</strong></span> <span class='ocrx_word' id='word_1_69' title='bbox 822 649 860 683; x_wconf 89' lang='lat' dir='ltr'><strong>et</strong></span> <span class='ocrx_word' id='word_1_70' title='bbox 879 644 1030 682; x_wconf 88' lang='lat' dir='ltr'><strong>laudari</strong></span> <span class='ocrx_word' id='word_1_71' title='bbox 1049 649 1087 683; x_wconf 91' lang='lat' dir='ltr'><strong>te</strong></span> <span class='ocrx_word' id='word_1_72' title='bbox 1101 656 1125 683; x_wconf 88' lang='lat' dir='ltr'><strong>a</strong></span> <span class='ocrx_word' id='word_1_73' title='bbox 1141 644 1275 684; x_wconf 89' lang='lat' dir='ltr'><strong>liberis</strong></span> <span class='ocrx_word' id='word_1_74' title='bbox 1294 645 1391 684; x_wconf 84' lang='lat' dir='ltr'><strong>tuis:</strong></span> <span class='ocrx_word' id='word_1_75' title='bbox 1419 647 1492 685; x_wconf 92' lang='lat' dir='ltr'><strong>sed</strong></span> <span class='ocrx_word' id='word_1_76' title='bbox 1511 646 1570 684; x_wconf 89' lang='lat' dir='ltr'><strong>sic</strong></span> 
     </span>
     <span class='ocr_line' id='line_1_10' title="bbox 312 699 1569 749; baseline -0.001 -10"><span class='ocrx_word' id='word_1_77' title='bbox 312 706 350 739; x_wconf 85' lang='lat' dir='ltr'><strong>te</strong></span> <span class='ocrx_word' id='word_1_78' title='bbox 372 711 467 749; x_wconf 87' lang='lat' dir='ltr'><strong>para</strong></span> <span class='ocrx_word' id='word_1_79' title='bbox 484 704 683 748; x_wconf 79' lang='lat' dir='ltr'><strong>tamquam</strong></span> <span class='ocrx_word' id='word_1_80' title='bbox 701 699 739 736; x_wconf 93' lang='lat' dir='ltr'><strong>in</strong></span> <span class='ocrx_word' id='word_1_81' title='bbox 761 699 852 746; x_wconf 82' lang='lat' dir='ltr'><strong>igne</strong></span> <span class='ocrx_word' id='word_1_82' title='bbox 870 699 1091 747; x_wconf 88' lang='lat' dir='ltr'><strong>inpositura</strong></span> <span class='ocrx_word' id='word_1_83' title='bbox 1111 700 1176 738; x_wconf 90' lang='lat' dir='ltr'><strong>vel</strong></span> <span class='ocrx_word' id='word_1_84' title='bbox 1197 709 1360 748; x_wconf 90' lang='lat' dir='ltr'><strong>puerum</strong></span> <span class='ocrx_word' id='word_1_85' title='bbox 1380 701 1443 738; x_wconf 89' lang='lat' dir='ltr'><strong>vel</strong></span> <span class='ocrx_word' id='word_1_86' title='bbox 1461 701 1569 738; x_wconf 90' lang='lat' dir='ltr'><strong>iuve-</strong></span> 
     </span>
     <span class='ocr_line' id='line_1_11' title="bbox 314 753 1568 803; baseline 0 -11"><span class='ocrx_word' id='word_1_87' title='bbox 314 765 403 793; x_wconf 87' lang='lat' dir='ltr'><strong>nem</strong></span> <span class='ocrx_word' id='word_1_88' title='bbox 424 755 485 792; x_wconf 92' lang='lat' dir='ltr'><strong>vel</strong></span> <span class='ocrx_word' id='word_1_89' title='bbox 506 764 653 792; x_wconf 89' lang='lat' dir='ltr'><strong>senem.</strong></span> <span class='ocrx_word' id='word_1_90' title='bbox 692 753 786 791; x_wconf 90' lang='lat' dir='ltr'><strong>nihil</strong></span> <span class='ocrx_word' id='word_1_91' title='bbox 805 754 908 791; x_wconf 89' lang='lat' dir='ltr'><strong>enim</strong></span> <span class='ocrx_word' id='word_1_92' title='bbox 934 754 986 792; x_wconf 89' lang='lat' dir='ltr'><strong>ad</strong></span> <span class='ocrx_word' id='word_1_93' title='bbox 1010 763 1093 792; x_wconf 89' lang='lat' dir='ltr'><strong>rem</strong></span> <span class='ocrx_word' id='word_1_94' title='bbox 1120 754 1314 802; x_wconf 86' lang='lat' dir='ltr'><strong>pertinent</strong></span> <span class='ocrx_word' id='word_1_95' title='bbox 1338 754 1440 802; x_wconf 87' lang='lat' dir='ltr'><strong>anni,</strong></span> <span class='ocrx_word' id='word_1_96' title='bbox 1471 765 1568 803; x_wconf 91' lang='lat' dir='ltr'><strong>quo-</strong></span> 
     </span>
     <span class='ocr_line' id='line_1_12' title="bbox 313 807 1569 857; baseline -0.001 -10"><span class='ocrx_word' id='word_1_97' title='bbox 313 810 416 847; x_wconf 88' lang='lat' dir='ltr'><strong>niam</strong></span> <span class='ocrx_word' id='word_1_98' title='bbox 436 809 583 846; x_wconf 89' lang='lat' dir='ltr'><strong>nullum</strong></span> <span class='ocrx_word' id='word_1_99' title='bbox 603 819 683 847; x_wconf 90' lang='lat' dir='ltr'><strong>non</strong></span> <span class='ocrx_word' id='word_1_100' title='bbox 706 807 892 846; x_wconf 87' lang='lat' dir='ltr'><strong>acerbum</strong></span> <span class='ocrx_word' id='word_1_101' title='bbox 911 807 1029 847; x_wconf 80' lang='lat' dir='ltr'><strong>funus</strong></span> <span class='ocrx_word' id='word_1_102' title='bbox 1050 813 1122 855; x_wconf 86' lang='lat' dir='ltr'><strong>est,</strong></span> <span class='ocrx_word' id='word_1_103' title='bbox 1143 809 1250 857; x_wconf 90' lang='lat' dir='ltr'><strong>quod</strong></span> <span class='ocrx_word' id='word_1_104' title='bbox 1273 819 1417 856; x_wconf 87' lang='lat' dir='ltr'><strong>parens</strong></span> <span class='ocrx_word' id='word_1_105' title='bbox 1438 809 1569 856; x_wconf 89' lang='lat' dir='ltr'><strong>sequi-</strong></span> 
     </span>
     <span class='ocr_line' id='line_1_13' title="bbox 311 862 1569 910; baseline 0 -9"><span class='ocrx_word' id='word_1_106' title='bbox 311 869 386 902; x_wconf 87' lang='lat' dir='ltr'><strong>tur.</strong></span> <span class='ocrx_word' id='word_1_107' title='bbox 414 863 510 901; x_wconf 86' lang='lat' dir='ltr'><strong>Post</strong></span> <span class='ocrx_word' id='word_1_108' title='bbox 527 862 598 901; x_wconf 91' lang='lat' dir='ltr'><strong>has</strong></span> <span class='ocrx_word' id='word_1_109' title='bbox 612 863 722 910; x_wconf 73' lang='lat' dir='ltr'><strong>leges</strong></span> <span class='ocrx_word' id='word_1_110' title='bbox 738 863 978 910; x_wconf 87' lang='lat' dir='ltr'><strong>propositas,</strong></span> <span class='ocrx_word' id='word_1_111' title='bbox 995 863 1033 900; x_wconf 81' lang='lat' dir='ltr'><strong>—si</strong></span> <span class='ocrx_word' id='word_1_112' title='bbox 1051 862 1198 902; x_wconf 92' lang='lat' dir='ltr'><strong>liberos</strong></span> <span class='ocrx_word' id='word_1_113' title='bbox 1214 863 1331 910; x_wconf 90' lang='lat' dir='ltr'><strong>tollis,</strong></span> <span class='ocrx_word' id='word_1_114' title='bbox 1351 863 1455 902; x_wconf 90' lang='lat' dir='ltr'><strong>omni</strong></span> <span class='ocrx_word' id='word_1_115' title='bbox 1471 863 1569 903; x_wconf 86' lang='lat' dir='ltr'><strong>deos</strong></span> 
     </span>
     <span class='ocr_line' id='line_1_14' title="bbox 312 916 1374 966; baseline 0.001 -11"><span class='ocrx_word' id='word_1_116' title='bbox 312 918 458 955; x_wconf 87' lang='lat' dir='ltr'><strong>invidia</strong></span> <span class='ocrx_word' id='word_1_117' title='bbox 476 917 634 964; x_wconf 88' lang='lat' dir='ltr'><strong>liberas,</strong></span> <span class='ocrx_word' id='word_1_118' title='bbox 657 916 724 965; x_wconf 90' lang='lat' dir='ltr'><strong>qui</strong></span> <span class='ocrx_word' id='word_1_119' title='bbox 743 917 810 955; x_wconf 90' lang='lat' dir='ltr'><strong>tibi</strong></span> <span class='ocrx_word' id='word_1_120' title='bbox 829 916 925 955; x_wconf 85' lang='lat' dir='ltr'><strong>nihil</strong></span> <span class='ocrx_word' id='word_1_121' title='bbox 947 917 1042 955; x_wconf 90' lang='lat' dir='ltr'><strong>certi</strong></span> <span class='ocrx_word' id='word_1_122' title='bbox 1061 918 1374 966; x_wconf 85' lang='lat' dir='ltr'><strong>spoponderunt.</strong></span> 
     </span>
    </p>

    <p class='ocr_par' dir='ltr' id='par_1_4' title="bbox 274 971 1570 1292">
     <span class='ocr_line' id='line_1_15' title="bbox 274 971 1568 1020; baseline -0.001 -9"><span class='ocrx_word' id='word_1_123' title='bbox 274 979 291 1011; x_wconf 94' lang='lat'>1</span> <span class='ocrx_word' id='word_1_124' title='bbox 390 971 528 1010; x_wconf 85' lang='lat' dir='ltr'><strong>XVIII.</strong></span> <span class='ocrx_word' id='word_1_125' title='bbox 557 971 621 1009; x_wconf 90' lang='lat' dir='ltr'><strong>Ad</strong></span> <span class='ocrx_word' id='word_1_126' title='bbox 640 971 742 1009; x_wconf 88' lang='lat' dir='ltr'><strong>hanc</strong></span> <span class='ocrx_word' id='word_1_127' title='bbox 759 971 968 1020; x_wconf 81' lang='lat' dir='ltr'><strong>imaginem</strong></span> <span class='ocrx_word' id='word_1_128' title='bbox 987 972 1154 1019; x_wconf 82' lang='lat' dir='ltr'><strong>agedum</strong></span> <span class='ocrx_word' id='word_1_129' title='bbox 1174 973 1294 1011; x_wconf 88' lang='lat' dir='ltr'><strong>totius</strong></span> <span class='ocrx_word' id='word_1_130' title='bbox 1313 972 1417 1010; x_wconf 89' lang='lat' dir='ltr'><strong>vitae</strong></span> <span class='ocrx_word' id='word_1_131' title='bbox 1436 972 1568 1012; x_wconf 86' lang='lat' dir='ltr'><strong>introi—</strong></span> 
     </span>
     <span class='ocr_line' id='line_1_16' title="bbox 311 1024 1568 1076; baseline 0 -11"><span class='ocrx_word' id='word_1_132' title='bbox 311 1031 394 1065; x_wconf 89' lang='lat' dir='ltr'><strong>tum</strong></span> <span class='ocrx_word' id='word_1_133' title='bbox 411 1026 641 1064; x_wconf 87' lang='lat' dir='ltr'><strong>referamus.</strong></span> <span class='ocrx_word' id='word_1_134' title='bbox 685 1024 908 1075; x_wconf 82' lang='lat' dir='ltr'><strong>Syracusas</strong></span> <span class='ocrx_word' id='word_1_135' title='bbox 937 1025 1088 1064; x_wconf 86' lang='lat' dir='ltr'><strong>viseres</strong></span> <span class='ocrx_word' id='word_1_136' title='bbox 1114 1026 1342 1065; x_wconf 85' lang='lat' dir='ltr'><strong>deliberanti</strong></span> <span class='ocrx_word' id='word_1_137' title='bbox 1365 1026 1435 1065; x_wconf 86' lang='lat' dir='ltr'><strong>tibi</strong></span> <span class='ocrx_word' id='word_1_138' title='bbox 1461 1028 1568 1076; x_wconf 87' lang='lat' dir='ltr'><strong>quic-</strong></span> 
     </span>
     <span class='ocr_line' id='line_1_17' title="bbox 314 1079 1570 1130; baseline 0.001 -11"><span class='ocrx_word' id='word_1_139' title='bbox 314 1080 410 1130; x_wconf 91' lang='lat' dir='ltr'><strong>quid</strong></span> <span class='ocrx_word' id='word_1_140' title='bbox 428 1080 624 1118; x_wconf 81' lang='lat' dir='ltr'><strong>delectare</strong></span> <span class='ocrx_word' id='word_1_141' title='bbox 644 1084 808 1128; x_wconf 83' lang='lat' dir='ltr'><strong>poterat,</strong></span> <span class='ocrx_word' id='word_1_142' title='bbox 830 1079 1020 1128; x_wconf 89' lang='lat' dir='ltr'><strong>quicquid</strong></span> <span class='ocrx_word' id='word_1_143' title='bbox 1038 1080 1252 1127; x_wconf 85' lang='lat' dir='ltr'><strong>offendere,</strong></span> <span class='ocrx_word' id='word_1_144' title='bbox 1273 1081 1456 1129; x_wconf 79' lang='lat' dir='ltr'><strong>exposui.</strong></span> <span class='ocrx_word' id='word_1_145' title='bbox 1477 1086 1570 1130; x_wconf 86' lang='lat' dir='ltr'><strong>puta</strong></span> 
     </span>
     <span class='ocr_line' id='line_1_18' title="bbox 313 1133 1570 1174; baseline 0.001 -1"><span class='ocrx_word' id='word_1_146' title='bbox 313 1135 490 1173; x_wconf 90' lang='lat' dir='ltr'><strong>nascenti</strong></span> <span class='ocrx_word' id='word_1_147' title='bbox 509 1145 571 1172; x_wconf 89' lang='lat' dir='ltr'><strong>me</strong></span> <span class='ocrx_word' id='word_1_148' title='bbox 587 1133 656 1172; x_wconf 89' lang='lat' dir='ltr'><strong>tibi</strong></span> <span class='ocrx_word' id='word_1_149' title='bbox 677 1134 810 1172; x_wconf 89' lang='lat' dir='ltr'><strong>venire</strong></span> <span class='ocrx_word' id='word_1_150' title='bbox 828 1135 866 1172; x_wconf 92' lang='lat' dir='ltr'><strong>in</strong></span> <span class='ocrx_word' id='word_1_151' title='bbox 888 1134 1113 1173; x_wconf 79' lang='lat' dir='ltr'><strong>consilium:</strong></span> <span class='ocrx_word' id='word_1_152' title='bbox 1138 1134 1348 1174; x_wconf 89' lang='lat' dir='ltr'><strong>intraturus</strong></span> <span class='ocrx_word' id='word_1_153' title='bbox 1370 1146 1414 1174; x_wconf 92' lang='lat' dir='ltr'><strong>es</strong></span> <span class='ocrx_word' id='word_1_154' title='bbox 1433 1136 1570 1174; x_wconf 89' lang='lat' dir='ltr'><strong>urbem</strong></span> 
     </span>
     <span class='ocr_line' id='line_1_19' title="bbox 314 1189 1568 1238; baseline 0 -10"><span class='ocrx_word' id='word_1_155' title='bbox 314 1190 374 1228; x_wconf 91' lang='lat' dir='ltr'><strong>dis</strong></span> <span class='ocrx_word' id='word_1_156' title='bbox 402 1189 704 1237; x_wconf 78' lang='lat' dir='ltr'><strong>homInibusque</strong></span> <span class='ocrx_word' id='word_1_157' title='bbox 731 1199 997 1236; x_wconf 88' lang='lat' dir='ltr'><strong>communem,</strong></span> <span class='ocrx_word' id='word_1_158' title='bbox 1027 1189 1158 1228; x_wconf 86' lang='lat' dir='ltr'><strong>omnia</strong></span> <span class='ocrx_word' id='word_1_159' title='bbox 1190 1191 1425 1238; x_wconf 81' lang='lat' dir='ltr'><strong>conplexam</strong></span> <span class='ocrx_word' id='word_1_160' title='bbox 1452 1191 1568 1228; x_wconf 88' lang='lat' dir='ltr'><strong>certis</strong></span> 
     </span>
     <span class='ocr_line' id='line_1_20' title="bbox 314 1243 1567 1292; baseline 0 -10"><span class='ocrx_word' id='word_1_161' title='bbox 314 1244 467 1291; x_wconf 82' lang='lat' dir='ltr'><strong>legibus</strong></span> <span class='ocrx_word' id='word_1_162' title='bbox 486 1243 738 1291; x_wconf 83' lang='lat' dir='ltr'><strong>aeternisque</strong></span> <span class='ocrx_word' id='word_1_163' title='bbox 748 1243 979 1289; x_wconf 88' lang='lat' dir='ltr'><strong>devinctam,</strong></span> <span class='ocrx_word' id='word_1_164' title='bbox 999 1243 1253 1292; x_wconf 83' lang='lat' dir='ltr'><strong>indefatigata</strong></span> <span class='ocrx_word' id='word_1_165' title='bbox 1272 1245 1501 1283; x_wconf 89' lang='lat' dir='ltr'><strong>coelestium</strong></span> <span class='ocrx_word' id='word_1_166' title='bbox 1511 1245 1567 1282; x_wconf 89' lang='lat' dir='ltr'><strong>of-</strong></span> 
     </span>
    </p>

    <p class='ocr_par' dir='ltr' id='par_1_5' title="bbox 273 1297 1569 1674">
     <span class='ocr_line' id='line_1_21' title="bbox 273 1297 1568 1349; baseline 0.002 -15"><span class='ocrx_word' id='word_1_167' title='bbox 273 1301 295 1334; x_wconf 83' lang='lat'><strong>2</strong></span> <span class='ocrx_word' id='word_1_168' title='bbox 315 1299 404 1337; x_wconf 86' lang='lat' dir='ltr'><strong>ficia</strong></span> <span class='ocrx_word' id='word_1_169' title='bbox 417 1299 650 1336; x_wconf 90' lang='lat' dir='ltr'><strong>volventem.</strong></span> <span class='ocrx_word' id='word_1_170' title='bbox 672 1297 824 1335; x_wconf 88' lang='lat' dir='ltr'><strong>videbis</strong></span> <span class='ocrx_word' id='word_1_171' title='bbox 841 1298 918 1336; x_wconf 90' lang='lat' dir='ltr'><strong>illic</strong></span> <span class='ocrx_word' id='word_1_172' title='bbox 930 1298 1222 1337; x_wconf 87' lang='lat' dir='ltr'><strong>innumerabilis</strong></span> <span class='ocrx_word' id='word_1_173' title='bbox 1237 1300 1383 1346; x_wconf 83' lang='lat' dir='ltr'><strong>stellas,</strong></span> <span class='ocrx_word' id='word_1_174' title='bbox 1406 1300 1568 1349; x_wconf 89' lang='lat' dir='ltr'><strong>[videre]</strong></span> 
     </span>
     <span class='ocr_line' id='line_1_22' title="bbox 313 1352 1569 1400; baseline 0.002 -10"><span class='ocrx_word' id='word_1_175' title='bbox 313 1353 515 1392; x_wconf 85' lang='lat' dir='ltr'><strong>miraberis</strong></span> <span class='ocrx_word' id='word_1_176' title='bbox 539 1362 619 1391; x_wconf 90' lang='lat' dir='ltr'><strong>uno</strong></span> <span class='ocrx_word' id='word_1_177' title='bbox 636 1352 766 1391; x_wconf 90' lang='lat' dir='ltr'><strong>sidere</strong></span> <span class='ocrx_word' id='word_1_178' title='bbox 782 1352 912 1391; x_wconf 90' lang='lat' dir='ltr'><strong>omnia</strong></span> <span class='ocrx_word' id='word_1_179' title='bbox 926 1352 1076 1400; x_wconf 88' lang='lat' dir='ltr'><strong>inpleri,</strong></span> <span class='ocrx_word' id='word_1_180' title='bbox 1097 1353 1221 1391; x_wconf 91' lang='lat' dir='ltr'><strong>solem</strong></span> <span class='ocrx_word' id='word_1_181' title='bbox 1238 1354 1434 1392; x_wconf 87' lang='lat' dir='ltr'><strong>cotidiano</strong></span> <span class='ocrx_word' id='word_1_182' title='bbox 1448 1364 1569 1392; x_wconf 87' lang='lat' dir='ltr'><strong>cursu</strong></span> 
     </span>
     <span class='ocr_line' id='line_1_23' title="bbox 314 1407 1568 1455; baseline 0.002 -10"><span class='ocrx_word' id='word_1_183' title='bbox 314 1408 377 1445; x_wconf 90' lang='lat' dir='ltr'><strong>die</strong></span> <span class='ocrx_word' id='word_1_184' title='bbox 404 1407 612 1455; x_wconf 86' lang='lat' dir='ltr'><strong>noctisque</strong></span> <span class='ocrx_word' id='word_1_185' title='bbox 639 1407 767 1455; x_wconf 85' lang='lat' dir='ltr'><strong>spatia</strong></span> <span class='ocrx_word' id='word_1_186' title='bbox 791 1407 1020 1455; x_wconf 86' lang='lat' dir='ltr'><strong>signantem,</strong></span> <span class='ocrx_word' id='word_1_187' title='bbox 1051 1418 1181 1446; x_wconf 91' lang='lat' dir='ltr'><strong>annuo</strong></span> <span class='ocrx_word' id='word_1_188' title='bbox 1206 1413 1378 1446; x_wconf 82' lang='lat' dir='ltr'><strong>aestates</strong></span> <span class='ocrx_word' id='word_1_189' title='bbox 1398 1408 1568 1447; x_wconf 89' lang='lat' dir='ltr'><strong>hiemes-</strong></span> 
     </span>
     <span class='ocr_line' id='line_1_24' title="bbox 315 1461 1566 1510; baseline 0.001 -10"><span class='ocrx_word' id='word_1_190' title='bbox 315 1471 391 1510; x_wconf 87' lang='lat' dir='ltr'><strong>que</strong></span> <span class='ocrx_word' id='word_1_191' title='bbox 407 1462 653 1510; x_wconf 81' lang='lat' dir='ltr'><strong>aequali[ter]</strong></span> <span class='ocrx_word' id='word_1_192' title='bbox 667 1471 796 1510; x_wconf 90' lang='lat' dir='ltr'><strong>usque</strong></span> <span class='ocrx_word' id='word_1_193' title='bbox 816 1461 1064 1500; x_wconf 90' lang='lat' dir='ltr'><strong>dividentem.</strong></span> <span class='ocrx_word' id='word_1_194' title='bbox 1094 1462 1247 1500; x_wconf 90' lang='lat' dir='ltr'><strong>videbis</strong></span> <span class='ocrx_word' id='word_1_195' title='bbox 1264 1467 1494 1501; x_wconf 87' lang='lat' dir='ltr'><strong>nocturnam</strong></span> <span class='ocrx_word' id='word_1_196' title='bbox 1509 1463 1566 1501; x_wconf 89' lang='lat' dir='ltr'><strong>lu-</strong></span> 
     </span>
     <span class='ocr_line' id='line_1_25' title="bbox 313 1516 1567 1562; baseline 0.002 -8"><span class='ocrx_word' id='word_1_197' title='bbox 313 1516 717 1562; x_wconf 50' lang='lat' dir='ltr'><strong>naessuccessionem,</strong></span> <span class='ocrx_word' id='word_1_198' title='bbox 734 1526 758 1554; x_wconf 90' lang='lat' dir='ltr'><strong>a</strong></span> <span class='ocrx_word' id='word_1_199' title='bbox 777 1516 957 1554; x_wconf 84' lang='lat' dir='ltr'><strong>fraternis</strong></span> <span class='ocrx_word' id='word_1_200' title='bbox 981 1517 1211 1555; x_wconf 89' lang='lat' dir='ltr'><strong>occursibus</strong></span> <span class='ocrx_word' id='word_1_201' title='bbox 1237 1518 1323 1554; x_wconf 90' lang='lat' dir='ltr'><strong>lene</strong></span> <span class='ocrx_word' id='word_1_202' title='bbox 1343 1518 1567 1556; x_wconf 89' lang='lat' dir='ltr'><strong>remissum-</strong></span> 
     </span>
     <span class='ocr_line' id='line_1_26' title="bbox 314 1571 1569 1619; baseline 0.002 -11"><span class='ocrx_word' id='word_1_203' title='bbox 314 1581 391 1619; x_wconf 90' lang='lat' dir='ltr'><strong>que</strong></span> <span class='ocrx_word' id='word_1_204' title='bbox 415 1571 544 1609; x_wconf 90' lang='lat' dir='ltr'><strong>lumen</strong></span> <span class='ocrx_word' id='word_1_205' title='bbox 563 1573 801 1611; x_wconf 72' lang='lat' dir='ltr'><strong>mutuantem</strong></span> <span class='ocrx_word' id='word_1_206' title='bbox 821 1575 859 1608; x_wconf 94' lang='lat' dir='ltr'><strong>et</strong></span> <span class='ocrx_word' id='word_1_207' title='bbox 884 1571 1003 1609; x_wconf 90' lang='lat' dir='ltr'><strong>modo</strong></span> <span class='ocrx_word' id='word_1_208' title='bbox 1024 1573 1228 1619; x_wconf 88' lang='lat' dir='ltr'><strong>occultam,</strong></span> <span class='ocrx_word' id='word_1_209' title='bbox 1258 1572 1376 1610; x_wconf 90' lang='lat' dir='ltr'><strong>modo</strong></span> <span class='ocrx_word' id='word_1_210' title='bbox 1404 1576 1484 1611; x_wconf 88' lang='lat' dir='ltr'><strong>toto</strong></span> <span class='ocrx_word' id='word_1_211' title='bbox 1501 1582 1569 1610; x_wconf 90' lang='lat' dir='ltr'><strong>ore</strong></span> 
     </span>
     <span class='ocr_line' id='line_1_27' title="bbox 312 1622 1568 1674; baseline 0.002 -12"><span class='ocrx_word' id='word_1_212' title='bbox 312 1625 426 1663; x_wconf 85' lang='lat' dir='ltr'><strong>terris</strong></span> <span class='ocrx_word' id='word_1_213' title='bbox 446 1625 715 1672; x_wconf 91' lang='lat' dir='ltr'><strong>inminentem,</strong></span> <span class='ocrx_word' id='word_1_214' title='bbox 745 1624 1042 1663; x_wconf 87' lang='lat' dir='ltr'><strong>accessionibus</strong></span> <span class='ocrx_word' id='word_1_215' title='bbox 1075 1626 1309 1674; x_wconf 89' lang='lat' dir='ltr'><strong>damnisque</strong></span> <span class='ocrx_word' id='word_1_216' title='bbox 1334 1622 1568 1674; x_wconf 88' lang='lat' dir='ltr'><strong>mutabilem,</strong></span> 
     </span>
    </p>

    <p class='ocr_par' dir='ltr' id='par_1_6' title="bbox 270 1679 1570 2002">
     <span class='ocr_line' id='line_1_28' title="bbox 270 1679 1568 1729; baseline 0.002 -13"><span class='ocrx_word' id='word_1_217' title='bbox 270 1682 293 1716; x_wconf 81' lang='lat'><strong>3</strong></span> <span class='ocrx_word' id='word_1_218' title='bbox 313 1689 469 1728; x_wconf 87' lang='lat' dir='ltr'><strong>semper</strong></span> <span class='ocrx_word' id='word_1_219' title='bbox 488 1679 692 1727; x_wconf 87' lang='lat' dir='ltr'><strong>proximae</strong></span> <span class='ocrx_word' id='word_1_220' title='bbox 712 1679 954 1717; x_wconf 89' lang='lat' dir='ltr'><strong>dissimilem.</strong></span> <span class='ocrx_word' id='word_1_221' title='bbox 985 1680 1138 1718; x_wconf 88' lang='lat' dir='ltr'><strong>videbis</strong></span> <span class='ocrx_word' id='word_1_222' title='bbox 1159 1680 1333 1729; x_wconf 86' lang='lat' dir='ltr'><strong>quinque</strong></span> <span class='ocrx_word' id='word_1_223' title='bbox 1360 1682 1492 1720; x_wconf 86' lang='lat' dir='ltr'><strong>sidera</strong></span> <span class='ocrx_word' id='word_1_224' title='bbox 1511 1681 1568 1719; x_wconf 89' lang='lat' dir='ltr'><strong>di-</strong></span> 
     </span>
     <span class='ocr_line' id='line_1_29' title="bbox 313 1733 1569 1784; baseline 0.001 -12"><span class='ocrx_word' id='word_1_225' title='bbox 313 1744 450 1772; x_wconf 86' lang='lat' dir='ltr'><strong>versas</strong></span> <span class='ocrx_word' id='word_1_226' title='bbox 469 1733 624 1782; x_wconf 82' lang='lat' dir='ltr'><strong>agentia</strong></span> <span class='ocrx_word' id='word_1_227' title='bbox 644 1734 727 1772; x_wconf 87' lang='lat' dir='ltr'><strong>vias</strong></span> <span class='ocrx_word' id='word_1_228' title='bbox 748 1738 786 1772; x_wconf 88' lang='lat' dir='ltr'><strong>et</strong></span> <span class='ocrx_word' id='word_1_229' title='bbox 804 1735 842 1772; x_wconf 91' lang='lat' dir='ltr'><strong>in</strong></span> <span class='ocrx_word' id='word_1_230' title='bbox 863 1735 1099 1773; x_wconf 89' lang='lat' dir='ltr'><strong>contrarium</strong></span> <span class='ocrx_word' id='word_1_231' title='bbox 1119 1735 1321 1784; x_wconf 87' lang='lat' dir='ltr'><strong>praecipiti</strong></span> <span class='ocrx_word' id='word_1_232' title='bbox 1340 1737 1485 1774; x_wconf 88' lang='lat' dir='ltr'><strong>mundo</strong></span> <span class='ocrx_word' id='word_1_233' title='bbox 1512 1736 1569 1773; x_wconf 91' lang='lat' dir='ltr'><strong>ni-</strong></span> 
     </span>
     <span class='ocr_line' id='line_1_30' title="bbox 311 1788 1569 1839; baseline 0.002 -13"><span class='ocrx_word' id='word_1_234' title='bbox 311 1789 442 1826; x_wconf 88' lang='lat' dir='ltr'><strong>tentia.</strong></span> <span class='ocrx_word' id='word_1_235' title='bbox 471 1799 523 1827; x_wconf 87' lang='lat' dir='ltr'><strong>ex</strong></span> <span class='ocrx_word' id='word_1_236' title='bbox 547 1788 688 1827; x_wconf 89' lang='lat' dir='ltr'><strong>horum</strong></span> <span class='ocrx_word' id='word_1_237' title='bbox 707 1789 917 1827; x_wconf 89' lang='lat' dir='ltr'><strong>levissimis</strong></span> <span class='ocrx_word' id='word_1_238' title='bbox 940 1788 1110 1828; x_wconf 88' lang='lat' dir='ltr'><strong>motibus</strong></span> <span class='ocrx_word' id='word_1_239' title='bbox 1131 1791 1310 1828; x_wconf 87' lang='lat' dir='ltr'><strong>fortunae</strong></span> <span class='ocrx_word' id='word_1_240' title='bbox 1332 1792 1569 1839; x_wconf 88' lang='lat' dir='ltr'><strong>populorum</strong></span> 
     </span>
     <span class='ocr_line' id='line_1_31' title="bbox 312 1842 1570 1893; baseline 0.001 -12"><span class='ocrx_word' id='word_1_241' title='bbox 312 1843 537 1892; x_wconf 88' lang='lat' dir='ltr'><strong>dependent</strong></span> <span class='ocrx_word' id='word_1_242' title='bbox 551 1847 588 1881; x_wconf 87' lang='lat' dir='ltr'><strong>et</strong></span> <span class='ocrx_word' id='word_1_243' title='bbox 603 1842 773 1881; x_wconf 84' lang='lat' dir='ltr'><strong>maxima</strong></span> <span class='ocrx_word' id='word_1_244' title='bbox 788 1854 833 1881; x_wconf 91' lang='lat' dir='ltr'><strong>ac</strong></span> <span class='ocrx_word' id='word_1_245' title='bbox 850 1843 1008 1882; x_wconf 76' lang='lat' dir='ltr'><strong>minIma</strong></span> <span class='ocrx_word' id='word_1_246' title='bbox 1024 1844 1188 1892; x_wconf 86' lang='lat' dir='ltr'><strong>proinde</strong></span> <span class='ocrx_word' id='word_1_247' title='bbox 1205 1845 1430 1892; x_wconf 84' lang='lat' dir='ltr'><strong>formantur,</strong></span> <span class='ocrx_word' id='word_1_248' title='bbox 1454 1850 1570 1893; x_wconf 86' lang='lat' dir='ltr'><strong>prout</strong></span> 
     </span>
     <span class='ocr_line' id='line_1_32' title="bbox 313 1897 1566 1946; baseline 0.002 -11"><span class='ocrx_word' id='word_1_249' title='bbox 313 1907 483 1946; x_wconf 88' lang='lat' dir='ltr'><strong>aequum</strong></span> <span class='ocrx_word' id='word_1_250' title='bbox 500 1897 726 1946; x_wconf 89' lang='lat' dir='ltr'><strong>iniquumve</strong></span> <span class='ocrx_word' id='word_1_251' title='bbox 745 1898 857 1937; x_wconf 90' lang='lat' dir='ltr'><strong>sidus</strong></span> <span class='ocrx_word' id='word_1_252' title='bbox 884 1898 1059 1937; x_wconf 91' lang='lat' dir='ltr'><strong>incessit.</strong></span> <span class='ocrx_word' id='word_1_253' title='bbox 1089 1899 1290 1937; x_wconf 85' lang='lat' dir='ltr'><strong>miraberis</strong></span> <span class='ocrx_word' id='word_1_254' title='bbox 1317 1901 1466 1938; x_wconf 84' lang='lat' dir='ltr'><strong>coiecta</strong></span> <span class='ocrx_word' id='word_1_255' title='bbox 1496 1911 1566 1937; x_wconf 90' lang='lat' dir='ltr'><strong>nu-</strong></span> 
     </span>
     <span class='ocr_line' id='line_1_33' title="bbox 312 1950 1566 2002; baseline 0.002 -13"><span class='ocrx_word' id='word_1_256' title='bbox 312 1950 392 1990; x_wconf 89' lang='lat' dir='ltr'><strong>bila</strong></span> <span class='ocrx_word' id='word_1_257' title='bbox 410 1956 449 1990; x_wconf 93' lang='lat' dir='ltr'><strong>et</strong></span> <span class='ocrx_word' id='word_1_258' title='bbox 468 1952 655 1991; x_wconf 86' lang='lat' dir='ltr'><strong>cadentes</strong></span> <span class='ocrx_word' id='word_1_259' title='bbox 675 1963 799 2000; x_wconf 85' lang='lat' dir='ltr'><strong>aquas</strong></span> <span class='ocrx_word' id='word_1_260' title='bbox 823 1958 862 1991; x_wconf 88' lang='lat' dir='ltr'><strong>et</strong></span> <span class='ocrx_word' id='word_1_261' title='bbox 888 1953 1048 2002; x_wconf 88' lang='lat' dir='ltr'><strong>obliqua</strong></span> <span class='ocrx_word' id='word_1_262' title='bbox 1073 1953 1233 1992; x_wconf 87' lang='lat' dir='ltr'><strong>fulmina</strong></span> <span class='ocrx_word' id='word_1_263' title='bbox 1251 1957 1290 1991; x_wconf 85' lang='lat' dir='ltr'><strong>et</strong></span> <span class='ocrx_word' id='word_1_264' title='bbox 1316 1955 1415 1992; x_wconf 91' lang='lat' dir='ltr'><strong>coeli</strong></span> <span class='ocrx_word' id='word_1_265' title='bbox 1438 1955 1566 2001; x_wconf 85' lang='lat' dir='ltr'><strong>frago—</strong></span> 
     </span>
    </p>

    <p class='ocr_par' dir='ltr' id='par_1_7' title="bbox 272 2005 1567 2056">
     <span class='ocr_line' id='line_1_34' title="bbox 272 2005 1567 2056; baseline 0.004 -15"><span class='ocrx_word' id='word_1_266' title='bbox 272 2005 295 2039; x_wconf 86' lang='lat'>4</span> <span class='ocrx_word' id='word_1_267' title='bbox 312 2015 407 2044; x_wconf 87' lang='lat' dir='ltr'><strong>rem.</strong></span> <span class='ocrx_word' id='word_1_268' title='bbox 447 2006 542 2045; x_wconf 90' lang='lat' dir='ltr'><strong>Cum</strong></span> <span class='ocrx_word' id='word_1_269' title='bbox 562 2006 723 2045; x_wconf 89' lang='lat' dir='ltr'><strong>satiatus</strong></span> <span class='ocrx_word' id='word_1_270' title='bbox 747 2009 974 2055; x_wconf 87' lang='lat' dir='ltr'><strong>spectaculo</strong></span> <span class='ocrx_word' id='word_1_271' title='bbox 1001 2018 1232 2056; x_wconf 91' lang='lat' dir='ltr'><strong>superorum</strong></span> <span class='ocrx_word' id='word_1_272' title='bbox 1251 2008 1289 2045; x_wconf 92' lang='lat' dir='ltr'><strong>in</strong></span> <span class='ocrx_word' id='word_1_273' title='bbox 1308 2012 1448 2046; x_wconf 85' lang='lat' dir='ltr'><strong>terram</strong></span> <span class='ocrx_word' id='word_1_274' title='bbox 1473 2019 1567 2046; x_wconf 87' lang='lat' dir='ltr'><strong>ocu·</strong></span> 
     </span>
    </p>
   </div>
   <div class='ocr_carea' id='block_1_3' title="bbox 312 2059 1619 2111">
    <p class='ocr_par' dir='ltr' id='par_1_8' title="bbox 312 2059 1619 2111">
     <span class='ocr_line' id='line_1_35' title="bbox 312 2059 1619 2111; baseline 0.002 -14"><span class='ocrx_word' id='word_1_275' title='bbox 312 2059 375 2098; x_wconf 89' lang='lat' dir='ltr'><strong>los</strong></span> <span class='ocrx_word' id='word_1_276' title='bbox 397 2060 602 2110; x_wconf 89' lang='lat' dir='ltr'><strong>deieceris,</strong></span> <span class='ocrx_word' id='word_1_277' title='bbox 624 2062 794 2110; x_wconf 88' lang='lat' dir='ltr'><strong>excipiet</strong></span> <span class='ocrx_word' id='word_1_278' title='bbox 812 2067 849 2100; x_wconf 89' lang='lat' dir='ltr'><strong>te</strong></span> <span class='ocrx_word' id='word_1_279' title='bbox 870 2063 947 2100; x_wconf 87' lang='lat' dir='ltr'><strong>alia</strong></span> <span class='ocrx_word' id='word_1_280' title='bbox 966 2063 1120 2101; x_wconf 88' lang='lat' dir='ltr'><strong>fortuna</strong></span> <span class='ocrx_word' id='word_1_281' title='bbox 1137 2071 1267 2100; x_wconf 86' lang='lat' dir='ltr'><strong>rerum</strong></span> <span class='ocrx_word' id='word_1_282' title='bbox 1286 2063 1477 2111; x_wconf 82' lang='lat' dir='ltr'><strong>aliterque</strong></span> <span class='ocrx_word' id='word_1_283' title='bbox 1496 2064 1566 2100; x_wconf 86' lang='lat' dir='ltr'><strong>mi·</strong></span> <span class='ocrx_word' id='word_1_284' title='bbox 1618 2073 1619 2078; x_wconf 54' lang='lat'>¹</span> 
     </span>
    </p>
   </div>
   <div class='ocr_carea' id='block_1_4' title="bbox 312 2113 1618 2334">
    <p class='ocr_par' dir='ltr' id='par_1_9' title="bbox 312 2113 1618 2334">
     <span class='ocr_line' id='line_1_36' title="bbox 312 2113 1618 2165; baseline 0.004 -14"><span class='ocrx_word' id='word_1_285' title='bbox 312 2113 468 2152; x_wconf 83' lang='lat' dir='ltr'><strong>rabilis:</strong></span> <span class='ocrx_word' id='word_1_286' title='bbox 497 2115 587 2155; x_wconf 91' lang='lat' dir='ltr'><strong>hinc</strong></span> <span class='ocrx_word' id='word_1_287' title='bbox 609 2126 834 2164; x_wconf 87' lang='lat' dir='ltr'><strong>camporum</strong></span> <span class='ocrx_word' id='word_1_288' title='bbox 863 2117 902 2154; x_wconf 88' lang='lat' dir='ltr'><strong>in</strong></span> <span class='ocrx_word' id='word_1_289' title='bbox 920 2117 1110 2155; x_wconf 86' lang='lat' dir='ltr'><strong>infinitum</strong></span> <span class='ocrx_word' id='word_1_290' title='bbox 1136 2117 1347 2164; x_wconf 88' lang='lat' dir='ltr'><strong>patentium</strong></span> <span class='ocrx_word' id='word_1_291' title='bbox 1375 2118 1465 2156; x_wconf 84' lang='lat' dir='ltr'><strong>fusa</strong></span> <span class='ocrx_word' id='word_1_292' title='bbox 1484 2118 1565 2165; x_wconf 82' lang='lat' dir='ltr'><strong>pla·</strong></span> <span class='ocrx_word' id='word_1_293' title='bbox 1617 2119 1618 2125; x_wconf 77' lang='grc'>’</span> 
     </span>
     <span class='ocr_line' id='line_1_37' title="bbox 313 2167 1615 2220; baseline 0.002 -14"><span class='ocrx_word' id='word_1_294' title='bbox 313 2167 440 2216; x_wconf 88' lang='lat' dir='ltr'><strong>nities,</strong></span> <span class='ocrx_word' id='word_1_295' title='bbox 460 2168 549 2207; x_wconf 90' lang='lat' dir='ltr'><strong>hinc</strong></span> <span class='ocrx_word' id='word_1_296' title='bbox 575 2171 764 2210; x_wconf 87' lang='lat' dir='ltr'><strong>montium</strong></span> <span class='ocrx_word' id='word_1_297' title='bbox 778 2171 929 2219; x_wconf 86' lang='lat' dir='ltr'><strong>magnis</strong></span> <span class='ocrx_word' id='word_1_298' title='bbox 956 2176 994 2210; x_wconf 88' lang='lat' dir='ltr'><strong>et</strong></span> <span class='ocrx_word' id='word_1_299' title='bbox 1014 2170 1208 2209; x_wconf 86' lang='lat' dir='ltr'><strong>nivalibus</strong></span> <span class='ocrx_word' id='word_1_300' title='bbox 1237 2173 1478 2220; x_wconf 82' lang='lat' dir='ltr'><strong>surgentium</strong></span> <span class='ocrx_word' id='word_1_301' title='bbox 1509 2171 1566 2210; x_wconf 86' lang='lat' dir='ltr'><strong>iu·</strong></span> <span class='ocrx_word' id='word_1_302' title='bbox 1614 2203 1615 2208; x_wconf 73' lang='grc'>,</span> 
     </span>
     <span class='ocr_line' id='line_1_38' title="bbox 313 2221 1614 2275; baseline 0.003 -16"><span class='ocrx_word' id='word_1_303' title='bbox 313 2221 375 2270; x_wconf 87' lang='lat' dir='ltr'><strong>gis</strong></span> <span class='ocrx_word' id='word_1_304' title='bbox 389 2224 508 2261; x_wconf 89' lang='lat' dir='ltr'><strong>erecti</strong></span> <span class='ocrx_word' id='word_1_305' title='bbox 522 2225 560 2262; x_wconf 89' lang='lat' dir='ltr'><strong>in</strong></span> <span class='ocrx_word' id='word_1_306' title='bbox 578 2225 743 2264; x_wconf 90' lang='lat' dir='ltr'><strong>sublime</strong></span> <span class='ocrx_word' id='word_1_307' title='bbox 757 2227 938 2264; x_wconf 86' lang='lat' dir='ltr'><strong>vertices.</strong></span> <span class='ocrx_word' id='word_1_308' title='bbox 968 2225 1142 2264; x_wconf 84' lang='lat' dir='ltr'><strong>deiectus</strong></span> <span class='ocrx_word' id='word_1_309' title='bbox 1155 2225 1355 2265; x_wconf 85' lang='lat' dir='ltr'><strong>fluminum</strong></span> <span class='ocrx_word' id='word_1_310' title='bbox 1371 2231 1471 2264; x_wconf 88' lang='lat' dir='ltr'><strong>etex</strong></span> <span class='ocrx_word' id='word_1_311' title='bbox 1486 2237 1564 2264; x_wconf 89' lang='lat' dir='ltr'><strong>uno</strong></span> <span class='ocrx_word' id='word_1_312' title='bbox 1611 2223 1614 2275; x_wconf 51' lang='lat' dir='ltr'>g</span> 
     </span>
     <span class='ocr_line' id='line_1_39' title="bbox 314 2277 1611 2334; baseline 0.003 -19"><span class='ocrx_word' id='word_1_313' title='bbox 314 2278 422 2317; x_wconf 87' lang='lat' dir='ltr'><strong>fonte</strong></span> <span class='ocrx_word' id='word_1_314' title='bbox 441 2277 479 2316; x_wconf 90' lang='lat' dir='ltr'><strong>in</strong></span> <span class='ocrx_word' id='word_1_315' title='bbox 501 2280 742 2319; x_wconf 85' lang='lat' dir='ltr'><strong>occidentem</strong></span> <span class='ocrx_word' id='word_1_316' title='bbox 763 2281 1028 2329; x_wconf 89' lang='lat' dir='ltr'><strong>orientemque</strong></span> <span class='ocrx_word' id='word_1_317' title='bbox 1048 2277 1175 2319; x_wconf 81' lang='lat' dir='ltr'><strong>defusi</strong></span> <span class='ocrx_word' id='word_1_318' title='bbox 1192 2291 1326 2320; x_wconf 86' lang='lat' dir='ltr'><strong>amnes</strong></span> <span class='ocrx_word' id='word_1_319' title='bbox 1346 2286 1383 2320; x_wconf 87' lang='lat' dir='ltr'><strong>et</strong></span> <span class='ocrx_word' id='word_1_320' title='bbox 1403 2281 1564 2320; x_wconf 88' lang='lat' dir='ltr'><strong>summis</strong></span> <span class='ocrx_word' id='word_1_321' title='bbox 1609 2307 1611 2334; x_wconf 66' lang='lat'><em>3</em></span> 
     </span>
    </p>
   </div>
   <div class='ocr_carea' id='block_1_5' title="bbox 1598 2176 1624 2626">
    <p class='ocr_par' dir='ltr' id='par_1_10' title="bbox 1598 2176 1624 2626">
     <span class='ocr_line' id='line_1_40' title="bbox 1598 2176 1624 2626; baseline 0 -437"><span class='ocrx_word' id='word_1_322' title='bbox 1598 2176 1624 2626; x_wconf 95' lang='lat' dir='ltr'><strong>  </strong></span> 
     </span>
    </p>
   </div>
  </div>
 </body>
</html>
