1624 2626
322 145 388 186 DE
406 143 697 184 BREVITATE
715 142 886 183 VITAE.
917 148 1021 184 10-
1033 148 1089 184 12.
1265 142 1347 185 207

71 257 209 298 geras,
239 244 276 285 si
303 256 383 285 non
404 244 564 292 subest,
595 244 706 293 quod
725 243 899 293 excipiat
917 254 965 283 ac
986 249 1138 293 servet,
1172 244 1231 283 sic
1245 243 1348 285 nihil

71 304 192 343 refert
210 306 399 352 quantum
418 300 611 350 temporis
632 300 768 349 detur,
797 299 832 339 si
852 309 933 338 non
953 304 1034 348 est,
1054 299 1124 339 ubi
1144 300 1328 340 subsidat
1337 305 1371 337 τ’

71 369 145 409 per
171 368 347 408 quassos
373 357 611 405 foratosque
636 356 794 395 animos
815 355 1102 395 transmittitur.
1148 355 1349 396 Praesens

70 421 229 464 tempus
259 412 540 452 brevissimum
571 416 652 460 est,
687 411 791 451 adeo
821 411 1001 461 quidem,
1039 417 1083 451 ut
1106 412 1350 461 quibusdam

70 470 221 510 nullum
239 469 434 509 videatur.
460 468 500 507 in
521 478 643 507 cursu
662 467 768 507 enim
787 477 948 516 semper
966 472 1047 516 est,
1076 467 1163 507 fluit
1178 472 1216 507 et
1231 478 1348 516 prae—

70 525 266 576 cipitatur.
295 529 388 564 ante
406 522 555 564 desinit
568 534 662 563 esse
680 534 800 572 quam
813 523 940 571 venit,
962 533 1037 562 nec
1052 524 1180 572 magis
1196 534 1350 563 moram

69 581 218 631 patitur
237 591 358 630 quam
375 580 550 619 mundus
567 585 633 619 aut
649 579 801 628 sidera,
823 590 992 628 quorum
1007 579 1232 629 inrequieta
1246 590 1350 618 sem-

68 647 143 686 per
160 635 321 686 agitatio
342 646 559 685 numquam
578 635 617 674 in
641 635 786 674 eodem
805 634 975 684 vestigio
991 640 1136 674 manet.
1177 635 1205 675 S
1218 636 1351 674 olum

70 691 190 741 igitur
215 692 277 731 ad
307 696 591 741 occupatos
612 700 866 740 praesens
885 690 1113 740 pertinet
1130 695 1350 740 tempus,

72 748 184 797 quod
211 752 293 787 tam
318 747 443 786 breve
470 752 551 794 est,
581 751 625 786 ut
653 746 784 795 adripi
807 757 890 787 non
918 747 1071 796 possit,
1097 751 1138 786 et
1155 746 1198 786 id
1217 747 1351 796 ipsum

71 803 148 843 illis
171 803 362 842 districtis
381 803 423 842 in
442 804 566 842 multa
585 802 835 842 subducitur.

155 858 223 898 XI.
265 859 449 908 Denique
471 859 536 898 vis
563 858 668 897 scire
697 868 818 907 quam
844 869 926 897 non
950 857 1019 897 diu
1038 857 1202 897 vivant?
1237 857 1387 901 videl

74 925 215 964 quam
242 915 454 964 cupiant
482 914 567 953 diu
597 914 786 952 vivere.
833 913 1034 963 Decrepiti
1054 924 1175 952 senes
1202 923 1351 962 pauco-

71 981 159 1009 rum
174 969 660 1022 annorum-accessionem
677 968 781 1008 votis
796 969 1036 1008 mendicant.
1066 970 1242 1009 minores
1258 974 1354 1008 natu

72 1027 188 1075 ipsos
215 1036 309 1065 esse
337 1027 502 1074 fingunt.
546 1025 757 1064 mendacio
785 1024 863 1064 sibi
881 1024 1135 1064 blandiuntur
1154 1029 1288 1063 ettam
1307 1025 1352 1063 li-

71 1081 213 1120 benter
243 1091 289 1120 se
316 1081 454 1121 fallunt
482 1091 602 1130 quam
631 1081 666 1119 si
695 1091 774 1119 una
793 1081 874 1119 fata
894 1081 1107 1129 decipiant.
1152 1081 1235 1119 lam
1254 1091 1352 1120 vero

74 1147 165 1176 cum
184 1138 276 1176 illos
294 1137 429 1186 aliqua
447 1136 683 1176 inbecillitas
701 1136 948 1176 mortalitatis
966 1137 1189 1183 admonuit,
1216 1147 1352 1185 quem-

74 1193 292 1233 admodum
316 1197 511 1242 paventes
539 1192 778 1241 moriuntur,
812 1203 891 1232 non
913 1197 1117 1241 tamquam
1136 1197 1282 1231 exeant
1302 1193 1355 1231 de

73 1249 173 1297 vita,
202 1249 276 1288 sed
296 1253 500 1298 tamquam
520 1247 791 1288 extrahantur.
821 1249 965 1287 stultos
983 1259 1028 1287 se
1043 1249 1189 1297 fuisse,
1213 1253 1354 1287 utnon

76 1304 265 1353 vixerint,
295 1304 497 1344 clamitant
525 1308 583 1352 et,
611 1304 646 1343 si
671 1305 793 1344 modo
824 1304 1026 1343 evaserint
1052 1315 1104 1343 ex
1123 1305 1190 1343 illa
1214 1303 1354 1343 valitu-

78 1359 191 1409 dine,
210 1360 252 1399 in
269 1360 350 1400 otio
367 1360 557 1399 victuros.
584 1365 678 1399 tunc
695 1371 816 1410 quam
831 1361 979 1399 frustra
994 1361 1243 1409 paraverint,
1266 1359 1354 1408 qui-

75 1414 154 1454 bus
179 1427 261 1455 non
285 1417 528 1464 fruerentur,
557 1427 674 1464 quam
695 1416 735 1454 in
756 1426 916 1455 cassum
937 1415 1068 1467 omnis
1090 1415 1279 1454 ceciderit
1297 1415 1354 1452 la—

76 1469 172 1518 bor,
209 1471 395 1520 cogitant.
446 1472 500 1510 At
529 1471 675 1520 quibus
704 1472 786 1511 vita
812 1472 955 1520 procul
982 1471 1032 1510 ab
1060 1471 1167 1510 omni
1192 1469 1354 1518 negotio
1371 1481 1393 1515 2

78 1526 227 1574 agitur,
251 1526 393 1575 ¹quidni
420 1527 601 1576 spatiosa
624 1527 703 1567 sit?
731 1527 827 1566 nihil
849 1538 900 1566 ex
920 1527 988 1566 illa
1009 1527 1234 1576 delegatur,
1259 1526 1356 1565 nihil

78 1581 157 1620 alio
179 1587 299 1630 atque
319 1582 395 1620 alio
418 1583 636 1631 spargitur,
662 1582 759 1621 nihil
777 1583 870 1622 inde
890 1583 1073 1622 fortunae
1091 1582 1276 1631 traditur,
1297 1581 1356 1620 ni·

78 1636 134 1675 hil
162 1638 413 1686 neglegentia
439 1638 588 1685 interit,
626 1637 724 1676 nihil
750 1639 971 1687 largitione⁴
987 1637 1229 1686 detrahitur,
1259 1637 1357 1676 nihil

81 1703 376 1742 supervacuum
396 1697 479 1731 est=
507 1697 611 1741 tota,
629 1699 673 1733 ut
686 1692 740 1732 ita
756 1694 906 1743 dicam,
925 1695 963 1732 in
981 1694 1111 1734 reditu
1126 1698 1200 1732 est.
1231 1703 1357 1742 quan-

79 1748 337 1796 tulacumque
368 1749 504 1796 itaque
529 1748 689 1788 abunde
719 1749 869 1789 sufficit
894 1755 932 1789 et
958 1750 1072 1798 ideo,
1111 1749 1358 1798 quandoque

81 1803 241 1843 ultimus
261 1804 348 1842 dies
369 1802 540 1851 venerit,
571 1815 651 1843 non
668 1805 914 1844 cunctabitur
930 1805 1094 1854 sapiens
1110 1805 1169 1844 ire
1186 1805 1237 1844 ad
1251 1814 1357 1842 mor-

81 1865 160 1898 tem
181 1863 288 1898 certo
309 1859 448 1907 gradu.
592 1908 597 1909 ⁷

163 1915 246 1954 XII.
283 1914 499 1963 Quaeris
526 1914 775 1963 fortasse,
806 1927 934 1965 quos
961 1920 1242 1964 occupatos
1270 1926 1356 1955 vo·
1374 1930 1391 1963 1

84 1980 187 2009 cem
201 1974 220 2008 2
260 1981 340 2008 non
370 1975 432 2009 est
452 1971 561 2019 quod
583 1980 647 2008 me
669 1972 779 2010 solos
800 1978 916 2020 putes
938 1972 1092 2019 dicere,
1122 1982 1226 2019 quos
1248 1983 1271 2010 a
1286 1971 1356 2010 ba-

84 2024 198 2064 silica
215 2026 368 2065 inmissi
388 2026 546 2064 demum
569 2036 690 2064 canes
705 2026 871 2076 eiciunt,
892 2038 996 2075 quos
1012 2031 1079 2066 aut
1094 2026 1134 2064 in
1151 2037 1226 2065 sua
1239 2027 1356 2066 vides

83 2081 200 2120 turba
219 2080 445 2130 speciosius
465 2081 557 2120 elidi
579 2086 647 2120 aut
665 2082 704 2119 in
722 2082 851 2121 aliena
866 2083 1153 2130 contemptius,
1175 2093 1278 2131 quos
1296 2083 1354 2122 of·

83 2135 176 2175 ficia
204 2136 389 2177 domibus
421 2138 506 2177 suis
537 2141 726 2184 evocant,
762 2143 807 2177 ut
833 2138 973 2177 alienis
1001 2138 1153 2177 foribus
1178 2138 1356 2187 inlidant,

87 2194 208 2240 [quos]
236 2192 353 2232 hasta
372 2194 569 2242 praetoris
590 2192 724 2231 infami
744 2193 854 2232 lucro
874 2198 914 2232 et
936 2194 1180 2243 quandoque
1201 2205 1356 2243 suppu—

86 2250 219 2287 raturo
253 2253 425 2287 exercet.
488 2248 820 2297 Quorumdam
863 2249 1015 2288 otium
1056 2254 1392 2300 occupatum2

89 2307 188 2342 est:
218 2303 256 2343 in
280 2303 372 2344 villa
389 2309 457 2344 aut
474 2304 632 2344 inlecto
649 2315 744 2355 su0,
765 2304 804 2344 in
820 2304 952 2344 media
966 2305 1197 2357 solitudine,
1219 2316 1356 2356 quam-
