1676 2548
317 152 349 174 vi
812 141 1116 175 PRAEFATIO.

317 241 391 262 nem
414 234 538 273 potest,
564 231 728 271 quomodo
748 231 970 263 emendandus
987 231 1030 263 sit
1046 230 1137 263 locus
1153 229 1237 264 Dial.
1250 231 1321 271 VII,
1340 233 1393 272 20,
1413 233 1444 266 1.
1469 234 1524 267 ubi
1537 236 1625 276 quod

317 276 425 308 adhuc
446 277 499 308 edi
521 276 658 318 solebat,
675 276 771 318 plane
793 276 973 308 inauditum
991 282 1058 307 est:
1083 276 1178 307 Nam
1202 277 1369 317 quidem
1392 279 1428 310 si
1451 285 1488 311 et
1506 281 1626 322 paria

317 321 449 352 dictis
474 326 664 362 agerent,
687 321 785 361 quid
809 326 921 353 esset
945 320 1037 352 illis
1060 321 1262 354 beatius?
1285 322 1389 354 Vetus
1413 324 1527 356 vitium
1552 335 1625 356 esse

316 370 476 396 monstrat
495 367 526 398 εἰ
544 366 723 406 particula,
752 375 836 406 quae
858 366 923 396 iam
947 366 979 396 in
1003 366 1126 406 optimo
1146 366 1219 398 cod.
1241 366 1372 400 Mediol.
1394 367 1459 410 legi
1475 369 1625 410 perhibe-

314 416 386 447 tur,
422 409 511 441 illata
533 410 590 441 illa
613 410 702 442 haud
727 411 824 442 dubie
849 410 889 441 ab
914 409 1042 441 infelice
1067 416 1264 450 correctore;
1294 417 1330 443 ut
1359 417 1466 445 autem
1489 415 1538 446 uti
1559 414 1625 456 syl-

316 454 410 486 labae
432 455 633 492 exciderent,
657 455 774 486 accidit
796 456 836 487 ob
860 454 1000 485 similem
1022 455 1146 486 exitum
1169 456 1258 488 vocis
1282 457 1516 491 antecedentis.

405 499 490 531 Haec
512 500 698 540 speciminis
723 509 823 531 causa
846 499 996 530 sufficere
1018 508 1118 540 posse
1140 497 1292 532 videntur
1309 510 1415 543 pauca
1435 503 1475 534 de
1493 502 1624 537 multis:

315 553 377 575 nec
408 550 517 575 tamen
546 545 677 583 dubito,
710 545 788 584 quin
819 553 947 580 eorum,
979 553 1062 583 quae
1083 545 1124 576 ob
1145 550 1344 577 constantem
1365 545 1506 579 Senecae
1529 557 1624 579 usum

316 589 521 620 emendanda
549 595 641 627 sunt,
675 599 737 630 ego
764 598 892 628 quoque
923 588 988 619 alia
1011 598 1075 620 non
1101 590 1401 630 animadverterim,
1433 592 1517 631 alia,
1552 602 1625 624 cum

317 639 470 675 suspecta
490 639 614 674 essent,
640 634 757 664 iniuria
780 635 899 664 intacta
922 633 1122 673 reliquerim
1148 640 1197 666 est
1216 635 1301 666 enim
1322 635 1403 668 haec
1423 643 1558 669 restam
1576 638 1624 669 in-

315 678 426 710 finitae
450 677 655 720 diligentiae,
681 684 716 709 ut
734 678 831 709 etiam
849 678 881 708 in
899 678 1053 719 scriptore
1069 678 1324 712 familiarissimo
1342 690 1447 713 novae
1463 682 1523 714 tibi
1540 692 1624 713 sem-

316 733 377 764 per
403 724 609 763 quaestiones
637 723 847 754 suboriantur
873 727 904 754 et
933 732 1018 755 novo
1045 724 1152 755 studio
1180 724 1326 756 iteranda
1356 727 1398 757 sit
1427 727 1623 760 observatio.

319 767 466 799 Ceterum
490 768 619 799 dicendi
644 777 748 809 genus
772 768 805 798 in
827 767 978 799 omnibus
1002 766 1145 800 Senecae
1167 768 1260 800 libris
1285 770 1371 801 idem
1396 770 1464 803 fere
1487 776 1518 803 et
1540 781 1625 803 sem-

316 822 376 854 per
398 814 450 843 sui
471 812 578 844 simile
603 818 668 849 est,
693 812 774 843 adeo
799 813 931 852 quidem
954 818 990 844 ut
1009 822 1050 844 ne
1064 813 1308 855 Epigrammata
1323 816 1455 855 quidem
1473 817 1626 857 excipere

316 857 435 894 velim,
467 867 549 897 quae
571 856 733 888 nonnullis
755 857 825 887 sine
849 857 967 889 idonea
993 867 1091 890 causa
1113 859 1227 899 spuria
1250 860 1322 890 visa
1347 865 1440 898 sunt3
1473 861 1561 892 idem
1585 861 1626 892 de

318 901 544 933 Consolatione
558 902 600 933 ad
622 901 793 943 Polybium
811 901 902 938 dico;
929 902 1025 944 quid,
1048 903 1135 943 quod
1154 903 1187 934 in
1207 903 1300 935 Ludo
1321 914 1450 945 quoque
1470 905 1510 937 de
1524 910 1626 937 morte

317 946 446 979 Claudii
470 947 626 978 Senecam
649 955 825 987 agnoscere
849 946 945 978 facile
969 952 1034 985 est,
1060 957 1256 987 quamquam
1279 949 1312 980 in
1337 959 1374 980 eo
1393 959 1447 981 res
1469 951 1542 992 ipsa
1559 951 1626 982 sin-

317 992 464 1033 gularem
497 992 651 1022 orationis
682 991 819 1022 formam
843 992 1067 1034 desiderabat,
1101 992 1135 1023 in
1159 1002 1224 1031 qua
1247 993 1422 1025 manifesta
1445 999 1495 1026 est
1517 990 1626 1026 Petro-

316 1038 433 1068 nianae
457 1041 587 1067 saturae
613 1037 765 1068 imitatio.
796 1036 844 1068 De
864 1036 1062 1068 emendandi*
1079 1047 1154 1068 vero
1173 1037 1363 1070 difficultate
1380 1039 1409 1069 si
1427 1040 1626 1079 quaerimus,

317 1091 382 1113 non
414 1082 557 1112 omnium
588 1081 743 1112 librorum
771 1090 833 1122 par
861 1083 944 1113 ratio
964 1086 1025 1115 est.
1071 1082 1208 1113 Exstant
1232 1087 1340 1114 autem
1365 1084 1509 1115 omnium
1533 1084 1625 1115 multi

317 1126 412 1157 codd.
443 1136 539 1163 mss.;
574 1136 644 1157 cum
670 1127 755 1158 enim
779 1126 888 1158 medio
916 1137 997 1158 aevo
1021 1125 1143 1158 Seneca
1163 1127 1246 1158 inter
1268 1129 1440 1169 scriptores
1463 1129 1626 1169 probatis-

317 1172 418 1202 simos
442 1175 473 1202 et
496 1171 582 1202 lectu
605 1171 818 1212 dignissimos
840 1170 1030 1209 haberetur,
1061 1170 1183 1202 factum
1207 1177 1256 1203 est
1278 1177 1314 1203 ut
1336 1172 1484 1213 plurimis
1506 1174 1625 1213 ubique

317 1215 474 1256 exemplis
494 1216 656 1256 descripta
673 1216 744 1246 eius
761 1225 861 1257 opera
876 1217 964 1247 vitiis
978 1215 1185 1247 inficerentur
1198 1216 1506 1255 innumerabilibus3
1529 1218 1627 1259 pauci

317 1265 393 1291 sunt
416 1260 546 1291 codices
569 1260 802 1300 vetustissimi,
826 1261 883 1301 qui
907 1269 1103 1300 quamquam
1121 1265 1152 1291 et
1173 1260 1238 1301 ipsi
1255 1261 1430 1301 aliquando
1449 1267 1504 1293 aut
1520 1272 1626 1294 errore

318 1305 485 1346 depravati
507 1310 582 1336 sunt
601 1310 656 1335 aut
671 1304 759 1336 mala
774 1305 1016 1342 emendatione,
1039 1304 1138 1347 longe
1153 1309 1261 1336 tamen
1279 1305 1424 1346 reliquos
1442 1307 1627 1348 integritate

317 1354 482 1390 superant.
528 1349 578 1380 Ex
600 1349 652 1380 his
675 1355 724 1380 est
745 1349 817 1381 cod.
840 1349 1107 1388 Mediolanensis,
1128 1359 1224 1389 quem
1244 1350 1411 1382 Fickertus
1431 1352 1543 1382 statuit
1561 1360 1626 1382 non

318 1403 390 1425 esse
414 1399 488 1435 post
511 1394 655 1425 seculum
676 1394 733 1426 IX.
754 1395 928 1436 scriptum:
952 1394 1094 1426 continet
1110 1393 1321 1436 Dialogorum
1337 1396 1436 1427 libros
1450 1395 1519 1427 ΧΠ.
1534 1396 1627 1426 item-

318 1449 382 1479 que
413 1438 577 1480 Epistolas
606 1438 699 1471 Pauli
726 1440 769 1471 ad
792 1438 949 1470 Senecam
972 1443 1004 1470 et
1025 1438 1168 1471 Senecae
1191 1440 1234 1470 ad
1259 1439 1412 1477 Paul'um;
1444 1441 1627 1482 scripturae

319 1484 572 1525 discrepantiam
604 1484 638 1514 in
667 1484 807 1516 Fessleri
830 1494 927 1515 usum
959 1482 1132 1526 diligenter
1155 1493 1174 1515 a
1198 1484 1326 1516 duobus
1349 1484 1440 1516 Italis
1465 1489 1628 1516 enotatam

318 1529 443 1569 primus
464 1528 632 1560 Fickertus
654 1529 776 1569 publici
800 1529 881 1560 iuris
900 1529 990 1563 fecit.
1033 1530 1096 1560 Par
1114 1529 1216 1560 virtus
1235 1534 1285 1560 est
1302 1529 1424 1561 codicis
1443 1529 1627 1566 Nazariani,

319 1573 375 1613 qui
404 1577 578 1614 postquam
603 1583 622 1604 a
653 1573 789 1605 Grutero
820 1579 996 1615 usurpatus
1025 1578 1092 1611 est,
1125 1582 1190 1604 non
1214 1575 1411 1615 comparuit;
1443 1575 1628 1606 eontinebat

319 1619 418 1649 libros
449 1618 488 1649 de
518 1618 688 1649 Beneficiis
721 1623 752 1649 et
783 1618 824 1650 de
854 1617 1046 1655 Clementia3
1077 1618 1120 1650 ad
1148 1624 1332 1650 accuratam
1356 1618 1561 1650 collationem
1593 1619 1628 1649 in

319 1663 399 1693 libro
428 1661 662 1694 Mediolanensi
692 1663 818 1703 aliqua,
849 1663 883 1694 in
910 1663 1089 1695 Nazariauo
1118 1662 1221 1694 multa
1250 1662 1492 1702 desiderantur,
1521 1672 1628 1702 neque

319 1713 426 1738 tamen
448 1707 581 1738 dubium
599 1713 664 1746 est,
687 1709 862 1749 quinvprae
881 1708 1011 1740 illorum
1028 1708 1216 1742 auctoritate
1234 1707 1353 1748 reliq-ui
1370 1707 1498 1739 codices
1515 1716 1627 1739 omnes

320 1752 414 1792 parvi
432 1752 625 1783 aestimandi
649 1753 730 1791 sint,
765 1754 888 1794 quippe
912 1754 969 1794 qui
993 1753 1028 1784 in
1048 1752 1128 1784 locis
1152 1753 1313 1794 corruptis
1333 1752 1416 1783 nihil
1436 1751 1628 1793 plerumque

319 1797 458 1827 habeant
478 1797 542 1828 nisi
563 1797 642 1829 vitia
666 1808 707 1829 ex
728 1797 859 1829 illorum
884 1795 970 1830 vitiis
993 1802 1069 1829 nata
1091 1802 1148 1828 aut
1169 1798 1323 1829 vitiorum
1345 1798 1562 1828 correctiones
1581 1798 1629 1828 vi-

319 1842 431 1872 tiosas.
477 1841 583 1881 Atque
605 1842 880 1874 Mediolanensem
900 1843 1047 1874 codicem
1063 1842 1159 1874 etiam
1174 1842 1208 1873 in
1226 1852 1264 1874 eo
1285 1846 1414 1872 secutus
1433 1851 1516 1878 snm,
1541 1841 1629 1881 quod

321 1895 403 1925 quos
428 1885 482 1916 ille
498 1886 709 1928 Dialogorum
729 1888 858 1919 nomine
876 1887 977 1919 libros
993 1887 1063 1919 XII.
1083 1886 1342 1928 comprehendit,
1366 1887 1480 1917 eodem
1497 1886 1628 1918 nomine

322 1935 353 1961 ct
374 1929 487 1961 ordine
508 1931 679 1969 coniunxi3
713 1942 788 1963 nam
812 1933 873 1963 etsi
895 1933 1053 1974 ampliora
1075 1932 1173 1963 etiam
1197 1931 1318 1972 ‘scripta
1341 1931 1382 1962 de
1404 1930 1573 1962 Beneficiis
1597 1936 1629 1961 et

322 1975 393 2005 Nat.
416 1974 559 2012 Quaestt.
582 1981 613 2006 et
637 1976 818 2018 imperfecti
843 1977 884 2009 de
905 1977 1083 2009 Clementia
1103 1976 1176 2007 libri
1198 1975 1348 2017 poterant
1370 1976 1441 2016 pari
1465 1976 1535 2007 iure
1559 1975 1629 2005 dia-

321 2020 388 2061 logi
419 2019 576 2060 appellari
603 2026 699 2060 atque
729 2023 801 2062 ipse
828 2023 925 2053 etiam
957 2021 1081 2054 Seneca
1103 2021 1202 2052 libros
1226 2020 1266 2052 de
1288 2019 1412 2051 Beneff.
1437 2029 1475 2051 eo
1498 2020 1630 2051 nomine

321 2063 483 2105 appellat,
504 2081 550 2088 —
570 2065 637 2095 vid.
660 2065 715 2098 lib.
735 2068 776 2104 V,
801 2077 828 2097 c.
842 2066 896 2104 19,
921 2066 952 2099 8.
974 2084 1037 2106 --,
1061 2066 1147 2098 nulla
1164 2072 1388 2096 tamenvcausa
1405 2071 1465 2102 est,
1490 2073 1548 2095 cur
1565 2073 1630 2095 non

321 2108 443 2140 codicis
467 2107 557 2140 illius
581 2109 765 2141 testimonio
788 2110 873 2143 hanc
896 2111 994 2144 fidem
1012 2111 1210 2152 habeamus,
1234 2110 1352 2141 utiam
1371 2109 1549 2149 antiquitus
1568 2107 1630 2139 hoc

322 2153 416 2193 quasi
437 2162 558 2194 corpus
586 2153 791 2195 dialogorum
815 2157 977 2188 exstitisse
1001 2156 1187 2192 credamus,
1216 2155 1408 2196 praesertim
1432 2163 1504 2185 cum
1529 2153 1630 2191 Quin-

320 2197 452 2229 tilianus
470 2197 511 2235 X,
532 2197 564 2236 1,
583 2197 661 2231 129.
687 2199 837 2241 dialogos
855 2206 1028 2239 memoret3
1053 2210 1091 2232 ac
1110 2200 1216 2242 potuit
1232 2199 1264 2231 id
1282 2200 1347 2230 iam
1366 2199 1406 2230 ab
1422 2199 1495 2240 ipso
1508 2196 1631 2229 Seneca

322 2243 370 2273 sic
397 2242 538 2279 institui3
571 2242 651 2273 nihil
676 2243 760 2275 enim
789 2255 827 2275 eo
860 2246 1060 2286 continetur,
1093 2245 1181 2285 quod
1211 2244 1252 2276 ad
1278 2249 1462 2286 postremos
1488 2242 1631 2275 Senecae

322 2296 424 2319 annos
454 2287 655 2328 Neronisque
681 2288 851 2329 imperium
873 2291 1042 2331 pertineat.
1091 2289 1240 2322 Ceterum
1266 2298 1331 2321 non
1354 2298 1436 2330 opus
1459 2293 1508 2319 est
1531 2295 1631 2328 expo-
1656 2322 1662 2325 χ
