1592 2580
306 166 491 210 NATUR.
513 167 727 218 QUAEST.
755 168 934 210 L113.V1.
963 173 1139 211 24—27.
1283 168 1365 211 291

81 272 265 314 turbidus
283 270 388 312 enim
409 270 592 312 defluens
611 271 723 311 Nilus
738 271 987 321 multumque
1003 281 1142 312 secum
1157 271 1274 312 coeni
1288 276 1365 312 tra·
1381 280 1404 315 2

80 329 182 369 hens
208 333 248 368 et
272 328 314 368 id
341 328 513 367 subinde
541 329 752 377 adponens
775 327 976 377 prioribus
996 327 1114 367 terris
1134 328 1368 379 Aegyptum

80 395 216 425 annuo
243 384 488 423 incremento
519 394 680 434 semper
705 384 810 424 ultra
832 385 931 424 tulit.
967 383 1062 423 inde
1081 383 1243 434 pinguis
1264 388 1304 423 et
1321 385 1364 424 li·

79 440 184 481 mosi
202 441 280 480 soli
299 446 362 480 est
379 450 454 479 nec
472 441 554 479 ulla
573 441 780 480 intervalla
799 439 839 479 in
859 450 905 479 se
922 439 1062 488 habet,
1093 440 1168 479 sed
1184 440 1312 479 crevit
1325 441 1366 480 in

79 497 251 536 solidum
272 500 482 536 arescente
500 496 616 545 limo,
643 497 757 537 cuius
779 506 924 546 pressa
943 500 1028 535 erat
1042 501 1082 535 et
1095 496 1245 535 sedens
1262 501 1366 536 stru-

78 558 210 602 ctura,
244 562 336 592 cum
369 557 505 602 partes
537 552 845 601 glutinarentur,
882 562 959 591 nec
993 552 1209 602 quicquam
1245 552 1367 593 inane

77 609 319 648 intervenire
332 613 509 658 poterat,
535 618 626 648 cum
641 608 773 649 solido
789 607 987 657 liquidum
1004 619 1052 648 ac
1066 609 1186 648 molle
1203 619 1367 659 semper

78 665 303 704 accederet.
358 664 442 704 Sed
473 669 658 704 movetur
685 669 726 704 et
754 665 971 715 Aegyptus
999 670 1039 705 et
1063 665 1209 715 DeloS,
1245 670 1404 716 quam3

0 711 1 749 Ϊ
75 721 279 771 Vergilius
299 725 406 760 stare
426 720 562 760 iussit=

210 778 468 826 inmotamque
487 778 564 816 coli
581 776 690 816 dedit
707 780 746 817 et
762 780 1004 818 contemnere
1022 781 1165 818 ventos.

77 832 181 871 hanc
215 832 446 882 philosophi
476 843 641 882 quoque
655 863 666 882 ‚
703 833 868 872 credula
899 834 1028 883 natio,
1063 834 1252 873 dixerunt
1283 844 1365 873 non

76 889 230 928 moveri
258 893 424 929 auctore
449 888 637 928 Pindaro.
690 888 951 940 Thucydides
979 890 1034 930 ait
1057 895 1177 930 antea
1203 889 1366 939 quidem

75 944 264 984 inmotam
294 944 442 992 fuisse,
472 945 548 984 sed
577 945 683 984 circa
705 945 1096 994 Peloponnesiacum
1115 946 1273 985 bellum*
1286 950 1365 985 tre-

77 1001 242 1040 muisse.
299 1000 560 1041 Callisthenes
590 1006 630 1041 et
658 1002 736 1041 alio
763 1006 945 1050 tempore
968 1000 1022 1041 ait
1046 1001 1126 1041 hoc
1146 1001 1364 1041 accidisse:
1381 1010 1403 1043 4

76 1057 187 1096 Inter
206 1059 344 1107 multa,
374 1056 522 1106 inquit,
541 1058 752 1108 prodiqia,
779 1058 918 1106 quibus
936 1058 1166 1098 denuntiata
1182 1063 1239 1098 est
1256 1059 1365 1098 dua-

75 1124 165 1152 rum
187 1114 360 1162 urbium,
389 1113 544 1153 Helices
560 1117 599 1153 et
614 1113 756 1162 Buris,
779 1115 943 1162 eversio,
962 1114 1083 1162 suere
1100 1116 1272 1153 maxime
1289 1125 1365 1154 no-

77 1169 213 1208 tabilia
240 1172 419 1210 columna
446 1171 548 1218 iynis
567 1171 734 1209 inmensi
750 1173 788 1208 et
802 1170 919 1208 Delos
937 1172 1102 1218 ayitata.
1131 1180 1252 1218 quam
1272 1170 1364 1208 ideo

77 1225 258 1264 stabilem
286 1225 415 1264 videri
447 1226 550 1274 vult,
589 1223 684 1274 quia
709 1224 808 1263 mari
841 1224 1020 1274 inposita
1052 1225 1103 1264 sit
1136 1225 1365 1274 habeatque

77 1290 280 1320 concavas
309 1291 434 1330 rupes
464 1285 504 1320 et
531 1291 632 1320 saxa
659 1281 818 1330 pervia,
849 1291 955 1330 quae
983 1280 1079 1320 dent
1106 1280 1364 1330 deprehenso

76 1337 159 1375 aeri
185 1336 368 1375 reditum.
404 1337 456 1376 ob
475 1337 554 1376 hoc
573 1341 613 1376 et
632 1336 787 1375 insulas
809 1347 902 1375 esse
923 1336 1104 1376 certioris
1125 1336 1203 1376 soli
1221 1338 1363 1376 urbes-

78 1402 157 1441 que
179 1403 228 1432 eo
249 1391 437 1440 tutiores,
459 1404 540 1441 quo
556 1393 726 1442 propius
741 1392 794 1431 ad
808 1402 917 1431 mare
934 1397 1208 1432 accesserunt.
1246 1393 1365 1432 Falsa
1381 1403 1402 1435 5

74 1447 177 1487 haec
197 1458 291 1488 esse
309 1447 490 1497 Pompeii
506 1453 546 1487 et
557 1448 851 1487 Herculaneum
871 1458 1052 1487 sensere.
1096 1449 1227 1487 Adice
1242 1460 1363 1495 nunc,

79 1504 190 1553 quod
217 1505 346 1543 omnis
375 1514 447 1543 ora
473 1504 593 1543 maris
615 1503 793 1543 obnoxia
812 1509 874 1543 est
894 1503 1090 1543 motibus:
1122 1503 1181 1543 sic
1200 1504 1364 1554 Paphos

75 1571 157 1599 non
178 1561 303 1599 semel
324 1559 491 1607 corruit,
522 1560 581 1599 sic
600 1560 747 1599 nobilis
769 1565 808 1599 et
826 1558 919 1598 huic
938 1558 1018 1598 iam
1037 1560 1241 1599 familiaris
1257 1562 1362 1599 malo

76 1616 293 1665 Nicopolis.
339 1615 515 1667 Cyprum
534 1616 656 1655 ambit
676 1617 796 1655 altum
816 1626 926 1654 mare
945 1620 984 1654 et
1001 1616 1183 1665 agitatur.
1230 1618 1362 1668 Tyros

77 1676 118 1710 et
137 1672 228 1721 ipsa
245 1677 326 1711 tam
346 1677 530 1711 movetur
549 1683 669 1721 quam
689 1672 861 1711 diluitur.
904 1671 1007 1711 Hae
1036 1672 1144 1711 sere
1172 1683 1363 1712 causae

75 1728 377 1775 redduntur,
408 1732 623 1777 propter
651 1738 776 1776 quas
803 1733 984 1767 tremat
1011 1732 1161 1767 terra.

158 1783 315 1823 XXVII.
347 1784 600 1832 Quaedam
626 1788 792 1823 tamen
814 1783 1026 1833 propria
1044 1784 1092 1822 in
1111 1784 1205 1824 hoc
1226 1784 1361 1823 cam·
1381 1798 1398 1830 l

79 1850 210 1888 pano
238 1845 372 1879 motu
401 1839 663 1879 accidisse
682 1844 969 1889 narrantur,
1000 1850 1210 1889 quorum
1228 1840 1361 1879 ratio

76 1896 336 1935 reddenda
363 1901 452 1935 est.

158 1951 311 1991 Aiunt
359 1952 486 1990 enim
540 1955 898 1991 sexcentarum
947 1952 1113 1991 ovium
1158 1962 1362 2002 gregem

79 2006 417 2047 exanimatum
457 2008 505 2046 in
544 2007 852 2057 Pompeiana
887 2008 1110 2056 regione.
1164 2009 1252 2048 Non
1286 2014 1360 2056 est,
1434 2016 1438 2019 ’

81 2073 205 2112 quare
230 2063 308 2103 hoc
336 2068 455 2113 putes
485 2064 628 2104 ovibus
655 2062 734 2103 illis
761 2064 903 2103 timore
923 2063 1133 2103 accidisse.
1178 2065 1360 2104 Diximus
1376 2074 1397 2107 2

80 2120 210 2158 solere
227 2125 321 2169 post
339 2130 508 2169 magnos
529 2125 720 2159 terrarum
736 2125 868 2159 motus
885 2120 1150 2168 pestilentiam
1165 2120 1264 2168 fieri,
1286 2131 1361 2159 nec

79 2175 121 2213 id
147 2175 287 2215 mirum
314 2181 388 2216 est.
426 2177 548 2216 multa
576 2176 681 2215 enim
708 2176 910 2216 mortifera
935 2177 976 2214 in
1004 2176 1082 2215 alto
1109 2177 1251 2215 latent:
1291 2187 1361 2216 aer

79 2231 188 2279 ipse,
220 2231 288 2281 qui
308 2233 372 2271 vel
393 2237 587 2271 terrarum
607 2233 727 2281 culpa
745 2232 808 2271 vel
828 2230 986 2281 pigritia
1002 2236 1041 2270 et
1059 2236 1221 2271 aeterna
1241 2237 1359 2272 nocte

80 2287 288 2336 torpescit,
317 2288 452 2337 gravis
479 2287 754 2328 haurientibus
782 2292 845 2326 est
867 2287 931 2327 vel
951 2293 1164 2337 corruptus
1185 2287 1358 2328 interno—

79 2353 166 2383 rum
194 2342 341 2393 ignium
367 2344 483 2395 vitio‚
522 2355 611 2384 curn
639 2349 700 2385 est
726 2345 848 2395 longo
875 2344 954 2386 situ
981 2344 1175 2392 em1ssus‚
1213 2356 1359 2396 purum

1085 2406 1128 2441 19
1139 2402 1158 2425 *
1379 2412 1382 2415 ⁴
