1624 2626
334 184 468 224 DIAL.
497 184 546 223 V.
577 183 644 223 DE
668 185 760 224 IRA
783 184 878 225 LIB.
902 185 968 223 111.
998 189 1110 225 3—5.
1313 185 1368 227 83

86 284 221 324 lautia:
262 285 434 323 serarum
454 283 727 333 mehercules,
755 284 842 324 sivc
872 283 960 324 illas
981 286 1108 325 sames
1136 286 1258 335 agitat
1284 287 1370 327 sive
1386 294 1410 328 3

84 341 248 380 infixum
272 340 494 380 visceribus
514 340 681 386 ferrum,
719 341 847 379 minus
873 345 970 380 tetra
991 342 1116 381 facies
1137 347 1216 390 est,
1250 343 1369 382 etiam

83 406 174 436 cum
199 401 431 437 venatorem
459 407 574 435 suum
603 397 859 436 semianimes
882 407 1022 436 morsu
1051 397 1186 437 ultimo
1214 404 1366 447 petunt,

83 463 203 501 quam
220 451 394 491 hominis
417 452 476 491 ira
495 451 718 500 flagrantis.
765 459 858 502 age,
889 453 923 492 si
952 454 1144 492 exaudire
1176 464 1298 493 voces
1319 465 1368 495 ac

81 507 210 547 minas
229 513 358 556 vacet,
377 508 512 558 qualia
525 508 799 547 excarnificati
815 508 936 550 animi:
948 509 1077 548 verba
1088 514 1182 548 sunt
1193 514 1211 548 ¹?
1227 509 1369 550 Nonne
1383 518 1408 552 4

9 571 13 599 .·
79 574 274 603 revocare
301 575 346 603 se
374 565 547 613 quisque
567 564 617 602 ab
645 562 704 603 ira
723 566 852 613 volet,
881 575 972 606 cum
996 564 1238 604 intellexerit
1260 566 1367 606 illam

82 631 104 658 a
133 630 207 659 suo
232 620 398 669 primum
428 621 533 659 malo
561 619 770 669 incipere?
805 632 886 660 non
910 621 971 660 vis
1002 630 1099 668 ergo
1128 621 1367 661 admoneam

7 721 9 727 λ
81 686 173 722 603,
207 676 275 724 qui
302 676 401 714 iram
427 686 584 715 summa
616 676 794 724 potentia
819 681 1008 716 exercent
1034 680 1073 714 et
1092 683 1367 726 argumentum

13 748 18 751 ·
78 731 222 770 virium
248 731 477 771 existimant
507 738 547 771 et
573 732 612 770 in
642 732 797 781 magnis
832 742 1000 780 magnae
1032 732 1217 772 fortunae
1246 733 1367 772 bonis

6 798 7 809 ¹
78 792 234 836 ponunt
251 792 433 836 paratam
451 788 662 836 ultionem,
695 799 814 836 quam
832 796 910 826 non
939 787 1020 835 [sit]
1046 793 1210 836 potens,
1244 789 1364 829 immo

80 853 130 882 ne
155 843 257 882 liber
289 843 451 892 quidem
482 844 560 882 dici
590 844 721 893 possit
748 844 830 882 irae
857 853 957 882 suae
986 848 1157 892 captus?
1194 855 1275 884 non
1301 846 1403 885 vis5

79 898 336 945 admoneam,
359 910 440 948 quo
460 899 686 948 diligentior
706 899 878 949 quisque
897 900 949 937 sit
965 904 1004 939 et
1022 900 1111 948 ipse
1132 910 1178 938 se
1197 900 1364 940 eircum-

79 955 243 1003 spiciat,
272 953 350 993 alia
369 955 488 994 animi
515 957 620 994 mala
645 955 698 994 ad
717 955 917 1004 pessimos
947 965 1133 1004 quosque
1155 956 1363 1004 pertinere,

80 1010 325 1049 iracundiam
351 1011 465 1049 etiam
494 1011 660 1050 eruditis
687 1010 914 1049 hominibus
944 1014 984 1048 et
1004 1010 1043 1048 in
1074 1011 1152 1049 alia
1174 1012 1285 1053 sanis
1305 1012 1363 1050 in·

79 1070 247 1115 repere?
287 1066 390 1106 adeo
423 1071 467 1105 ut
496 1066 658 1116 quidam
688 1065 949 1113 simplicitatis
985 1065 1176 1105 indicium
1205 1066 1362 1107 iracun-

76 1122 180 1160 diam
217 1121 351 1162 dican‘t
386 1126 425 1164 et
458 1123 579 1171 volgo
612 1121 797 1162 credatur
823 1119 1035 1161 facillimus
1070 1122 1243 1172 quisque
1269 1123 1363 1162 111116

75 1177 288 1217 obnoxius.

156 1234 207 1272 V.
249 1233 480 1282 „Quorsus‚
509 1232 659 1282 inquis,
692 1231 770 1270 1106
802 1231 1032 1280 per-tinet?“
1078 1231 1131 1273 Ut
1162 1245 1281 1274 nemo
1315 1246 1361 1274 se
1380 1245 1396 1278 l

75 1289 221 1329 iudicet
239 1294 362 1330 tutum
385 1290 435 1329 ab
452 1291 538 1336 illa,
569 1299 657 1327 cum
685 1288 797 1326 lenes
822 1298 986 1337 quoque
1005 1292 1147 1328 natura
1175 1295 1215 1329 et
1236 1291 1362 1340 placi-

78 1346 152 1385 dos
181 1345 221 1385 in
251 1347 459 1386 saevitiam
484 1355 532 1383 ac
555 1342 783 1383 violentiam
804 1349 959 1383 evocet.
1012 1344 1359 1392 Quemadmodum

75 1402 271 1441 adversus
299 1401 562 1451 pestilentiam
588 1399 684 1438 1111111
712 1400 880 1448 prodest
913 1399 1078 1439 firmitas
1108 1402 1292 1450 corporis
1322 1409 1360 1443 et

77 1457 246 1505 diligens
266 1456 491 1497 valitudinis
510 1465 623 1502 cura,
652 1456 884 1504 promiscue
905 1455 1009 1494 enim
1032 1456 1219 1496 inbecilla
1238 1459 1357 1498 robu-

78 1517 220 1561 staque
251 1513 418 1552 invadit:
450 1511 502 1551 ita
529 1511 579 1549 ab
602 1511 660 1550 ira
687 1515 766 1550 tam
788 1510 978 1560 inquietis
998 1513 1179 1552 moribus
1199 1514 1357 1563 pericu-

75 1568 156 1606 lum
182 1573 246 1608 est
273 1579 390 1617 quam
413 1566 633 1616 conpositis
662 1572 702 1606 et
721 1566 924 1614 remissis,
955 1568 1101 1616 quibus
1131 1580 1180 1609 eo
1202 1570 1358 1619 turpior

75 1634 122 1662 ac
150 1624 412 1672 periculosior
435 1627 514 1670 est,
549 1633 628 1671 quo
656 1624 749 1672 plus
774 1624 814 1662 in
841 1623 918 1662 illis
942 1628 1076 1663 mutat.
1124 1624 1222 1664 Sed
1251 1636 1354 1666 cum
1373 1631 1395 1664 2

75 1680 282 1727 primum
323 1679 390 1718 sit
424 1688 520 1716 non
562 1678 743 1728 irasci,
782 1679 1059 1719 secundum
1097 1680 1355 1730 detinere,

71 1736 279 1774 tertium
319 1734 517 1773 alienae
559 1745 761 1783 quoque
801 1735 908 1773 irae
940 1736 1153 1785 mederi,
1194 1737 1354 1776 dicam

74 1791 301 1840 primum,
334 1789 749 1839 quemadmodum
785 1791 832 1829 in
874 1790 995 1830 iram
1031 1803 1127 1831 non
1155 1793 1353 1832 incida-

73 1858 202 1896 mus,
222 1845 404 1886 deinde
427 1845 840 1894 quemadmodum
861 1858 952 1886 nos
973 1847 1031 1886 ab
1053 1848 1143 1886 illa
1164 1849 1352 1887 libere—

72 1914 198 1950 mus,
247 1900 530 1941 novissime
582 1902 997 1949 quemadmodum
1039 1903 1352 1943 irascentem

72 1959 381 1997 retineamus
409 1957 774 2007 placemusque
807 1962 854 1998 et
879 1958 940 1998 ad
972 1957 1246 1998 sanitatem
1271 1969 1350 1999 re-

74 2013 135 2053 du
145 2025 166 2053 6
176 2026 246 2053 am
260 2027 286 2054 u
296 2025 329 2053 s.
631 2036 634 2039 -

151 2070 209 2109 Ne
230 2070 448 2109 irascamur
469 2068 782 2118 praestabimus,
806 2069 841 2108 si
862 2070 996 2109 omnia
1014 2069 1110 2108 vitia
1127 2070 1212 2110 irae
1231 2071 1350 2111 nobis
1364 2077 1387 2111 3

74 2125 244 2165 subinde
282 2125 614 2175 proposuerimus
647 2129 686 2163 et
718 2124 823 2164 illam
854 2125 957 2164 bene
992 2125 1348 2167 aestimaverimus.

73 2181 302 2220 accusanda
323 2186 385 2221 est
411 2180 517 2230 apud
540 2192 637 2228 nos,
667 2180 905 2219 damnanda.
951 2183 1240 2230 perscrutanda
1260 2183 1348 2223 eius

71 2238 177 2276 mala
196 2243 235 2276 et
252 2237 292 2276 in
309 2237 482 2276 medium
502 2235 773 2285 protrahenda·
790 2241 894 2276 sunt.
939 2237 991 2276 Ut
1008 2237 1136 2286 qualis
1155 2239 1206 2278 sit
1223 2239 1347 2288 adpa-
1361 2243 1385 2279 4

71 2298 176 2341 reat,
207 2293 466 2343 conparanda
484 2302 574 2332 611111
595 2291 784 2342 pessimis
804 2297 886 2331 est:
925 2293 1087 2332 avaritia
1112 2295 1282 2344 acquirit
1308 2300 1349 2334 et

73 2347 288 2399 contrahit,
318 2359 398 2399 quo
422 2347 567 2398 aliquis
587 2348 728 2389 melior
746 2353 898 2390 utatur:
932 2350 990 2390 ira
1006 2352 1139 2428 [quoq²
1160 2350 1349 2399 incendit,
