1624 2626
287 185 420 224 DIAL.
449 183 517 222 lv.
551 183 619 222 DE
649 183 739 222 IRA
764 182 860 221 Ll‘B.
888 182 936 220 ΙΙ.
966 187 1138 224 19—21.
1297 183 1350 224 67

65 286 227 327 lubriter
246 284 408 334 institui,
429 284 592 324 difficile
610 289 742 323 autem
760 283 938 332 regimen
957 290 1029 333 est,
1052 285 1147 334 quia
1165 286 1263 325 dare
1281 286 1349 325 de-

0 360 3 365 v
63 343 204 382 bemus
225 351 402 390 operam,
422 351 474 379 ne
491 346 559 379 aut
576 341 675 379 iram
695 339 736 378 in
752 340 830 379 illis
849 341 1070 380 nutriamus
1090 347 1159 381 aut
1175 342 1350 381 indolem

0 395 13 423 '-
59 398 341 437 retundamus:
375 395 560 445 Diligenti
589 395 870 435 observatione
897 406 964 435 res
991 396 1155 444 indiget.
1200 403 1349 437 utrum-
1365 409 1388 442 2

63 464 143 502 que
162 453 267 491 enim
287 458 326 492 et
346 453 455 501 quod
475 452 747 492 extollendum
766 456 807 491 et
826 452 935 501 quod
951 452 1256 501 deprimendum
1273 459 1347 502 est,

61 508 259 548 similibus
279 508 406 547 alitur.
453 507 569 546 facile
589 513 721 546 autem
748 507 864 546 etiam
895 507 1177 547 adtendentem
1206 509 1350 548 similia

62 565 279 613 decipiunt.
324 564 475 602 Crescit
500 563 659 602 licentia
690 563 875 612 spirituS,
902 563 1094 603 servitute
1115 565 1347 604 comminui·
1363 575 1387 610 3

60 625 136 659 tur.
177 619 375 668 adsurgit,
404 619 440 658 si
459 619 662 666 laudatur,
684 624 723 657 et
742 619 780 657 in
800 629 915 667 spem
934 619 997 658 sui
1015 619 1163 658 bonam
1183 621 1348 659 adduci-

0 699 1 712 ἢ
61 681 143 722 tur,
175 676 248 714 sed
275 675 417 713 eadem
446 675 524 713 ista
542 674 794 713 insolentiam
812 678 853 712 et
868 674 1114 714 iracundiam
1133 681 1347 724 generant:

0 742 1 746 ¹
61 731 121 769 sic
140 731 276 779 itaque
294 731 395 769 inter
421 735 632 778 utrumque
662 730 864 778 regendus
892 734 972 778 est,
1005 735 1050 770 ut
1075 732 1196 770 modo
1225 731 1348 770 frenis

61 790 239 833 utamur,
264 786 386 824 modo
408 785 590 824 stimulis.
631 784 735 824 Nihil
754 785 920 833 humile,
940 785 1037 824 nihil
1057 787 1202 825 servile
1222 788 1347 836 patia·
1363 798 1387 832 4

61 846 138 880 tur.
179 851 394 890 numquam
416 840 470 879 illi
486 850 658 879 necesse
677 840 729 879 sit
745 851 891 890 rogare
909 842 1145 890 suppliciter
1162 853 1237 880 nec
1257 853 1348 891 pro—

63 896 116 935 sit
133 907 314 945 rogasse,
334 896 467 944 potius
488 905 636 934 causae
655 906 754 934 suae
769 901 810 935 et
821 897 1021 945 prioribus
1036 898 1153 936 sactis
1174 903 1214 937 et
1231 897 1350 937 bonis

61 952 102 990 in
136 952 309 990 futurum
337 950 546 999 promissis
574 952 756 990 donetur.
798 952 842 990 In
880 952 1165 992 certaminibus
1199 964 1384 1002 aequa-5

63 1007 157 1045 lium
177 1018 252 1046 nec
272 1007 373 1044 vinci
393 1006 503 1044 illum
521 1007 717 1054 patiamur
736 1017 812 1045 nec
829 1006 962 1045 irasci.
1006 1008 1148 1047 demus
1170 1019 1347 1057 operam,

62 1067 107 1101 ut
124 1061 328 1100 familiaris
347 1061 401 1100 sit
418 1061 488 1108 iis,
522 1071 614 1100 cum
641 1061 787 1110 quibus
811 1063 1055 1101 contendere
1084 1065 1208 1112 solet,
1241 1069 1285 1103 ut
1308 1065 1348 1102 in

63 1117 278 1156 certamine
298 1117 514 1155 adsuescat
538 1127 618 1154 non
639 1127 786 1156 nocere
806 1119 921 1165 velle,
943 1118 1018 1156 sed
1035 1117 1212 1157 vincere.
1248 1131 1347 1168 quo—

61 1173 165 1211 tiens
186 1172 436 1220 superaverit
454 1176 493 1210 et
513 1171 675 1220 dignum
695 1172 847 1222 aliquid
867 1174 988 1212 laude
1007 1174 1166 1223 fecerit,
1197 1175 1348 1223 adtolli,

61 1239 142 1267 non
162 1228 309 1276 gestire
328 1228 536 1276 patiamur.
579 1228 767 1276 gaudium
787 1228 893 1267 enim
913 1231 1147 1280 exsultatio,
1172 1231 1346 1269 exsulta--

61 1282 207 1322 tionem
223 1287 354 1322 tumor
372 1287 412 1321 et
429 1283 548 1322 nimia
572 1283 795 1324 aestimatio
817 1284 882 1323 sui
910 1286 1102 1334 sequitur.
1155 1286 1346 1325 Dabimus
1363 1294 1385 1329 6

61 1339 224 1388 aliquod
244 1339 530 1386 laxamentum,
557 1339 596 1378 in
627 1339 822 1378 desidiam
841 1350 938 1379 vero
961 1341 1166 1390 otiumque
1185 1353 1265 1381 non
1285 1352 1346 1380 re—

64 1395 267 1432 solvemus
301 1398 341 1432 et
372 1395 512 1442 procul
540 1405 564 1432 a
592 1399 777 1434 contactu
809 1395 1040 1434 deliciarum
1073 1397 1347 1436 retinebimus.

63 1449 158 1487 nihil
178 1449 281 1487 enim
300 1451 430 1498 magis
449 1450 542 1488 facit
561 1450 775 1490 iracundos
796 1462 918 1500 quam
936 1452 1123 1491 educatio
1150 1453 1282 1492 mollis
1310 1458 1349 1492 et

62 1503 228 1542 blanda:
256 1504 347 1543 ideo
365 1504 494 1544 unicis
517 1517 597 1554 quo
617 1507 708 1554 plus
734 1507 980 1556 indulgetur,
1000 1507 1245 1556 pupillisque
1266 1519 1346 1557 quo

64 1559 157 1607 plus
183 1559 292 1607 licet,
321 1561 544 1609 corruptior
568 1561 722 1600 animus
750 1567 824 1601 est.
870 1562 958 1602 Non
991 1564 1152 1602 resistet
1179 1564 1346 1602 offensis

65 1614 130 1653 cui
154 1613 249 1653 nihil
277 1625 464 1663 umquam
491 1621 677 1664 negatum
705 1621 785 1665 est,
822 1617 936 1657 cuius
963 1618 1148 1658 lacrimas
1177 1619 1348 1658 sollicita

65 1679 227 1718 semper
246 1675 370 1709 mater
390 1670 585 1718 abstersit,
607 1673 671 1711 cui
686 1673 737 1711 de
753 1674 990 1722 paedagogo
1007 1675 1254 1714 satisfactum
1271 1680 1345 1714 est.

63 1724 151 1763 Non
170 1725 305 1772 vides,
326 1729 369 1764 ut
387 1725 577 1765 maiorem
598 1738 798 1776 quamque
825 1730 1022 1768 fortunam
1049 1731 1176 1769 maior
1202 1731 1261 1769 ira
1281 1741 1347 1770 co·
1363 1739 1384 1773 7

64 1781 247 1819 mitetur?
288 1781 326 1819 in
349 1780 538 1820 divitibus
558 1786 597 1820 et
622 1783 820 1822 nobilibus
841 1789 880 1823 et
908 1785 1205 1834 magistratibus
1230 1797 1345 1834 prae-

65 1836 183 1884 cipue
203 1836 380 1885 adparet,
403 1846 492 1874 cum
515 1837 703 1886 quicquid
725 1839 812 1877 leve
832 1845 871 1879 et
896 1842 1015 1879 inane
1034 1841 1075 1879 in
1094 1841 1226 1880 animo
1248 1847 1345 1889 erat,

67 1891 245 1930 secunda
264 1903 309 1931 se
329 1903 426 1930 aura
445 1892 616 1931 sustulit.
658 1893 841 1934 Felicitas
860 1895 1107 1935 iracundiam
1126 1897 1255 1942 nutrit,
1276 1896 1345 1935 ubi

66 1957 183 1986 aures
209 1948 406 1996 superbas
430 1948 728 1988 adsentatorum
754 1951 869 1989 turba
889 1951 1198 2003 circumstrepit.-
1233 1951 1345 1998 „Tibi

67 2003 171 2043 enim
197 2002 262 2042 ille
288 2003 561 2052 respondeat?
602 2015 683 2043 non
716 2015 789 2052 pro
824 2006 983 2055 fastigio
1015 2011 1054 2044 te
1080 2012 1148 2045 tuo
1174 2006 1342 2046 metiris:

65 2057 156 2106 ipse
176 2063 216 2098 te
245 2059 435 2107 proicis.“
484 2064 523 2097 et
549 2060 626 2097 alia
651 2060 796 2108 quibus
821 2060 893 2099 vix
924 2072 1047 2100 sanae
1081 2066 1120 2100 et
1151 2061 1201 2100 ab
1233 2062 1342 2102 initio

65 2113 171 2152 bene
191 2114 377 2155 fundatae
404 2120 556 2153 mentes
584 2116 822 2155 restiterunt.
868 2117 1007 2164 Longe
1033 2116 1168 2166 itaque
1193 2117 1244 2156 ab
1272 2119 1340 2157 ad-
1356 2129 1380 2164 8

31 2178 34 2180 ’
67 2169 289 2208 sentatione
316 2170 486 2218 pueritia
510 2171 754 2209 removenda
782 2175 857 2210 est.
909 2171 1044 2210 audiat
1066 2183 1204 2212 verum
1230 2178 1270 2213 et
1294 2173 1340 2214 ti-

29 2235 31 2238 ’
67 2230 172 2263 meat
189 2224 356 2273 interim,
375 2230 560 2265 vereatur
583 2236 754 2275 semper.
795 2226 1012 2266 maioribus
1038 2228 1239 2277 adsurgat.
1282 2229 1341 2268 ni-

0 2284 29 2313 1·
65 2276 122 2317 hil
157 2290 229 2328 per
255 2281 499 2320 iracundiam
524 2286 678 2321 exoret.
729 2282 840 2330 quod
865 2281 976 2321 flenti
1008 2289 1193 2333 negatum
1228 2285 1343 2324 ruerit

70 2336 203 2384 quieto
233 2336 432 2376 offeratur.
484 2342 523 2376 et
549 2337 704 2377 divitias
731 2342 939 2387 parentum
959 2337 999 2378 in
1016 2345 1246 2434 5cfzuspectu
1271 2340 1340 2380 ha-
