1598 2606
354 141 421 181 DE
449 140 731 180 BENEFICIIS
761 140 922 180 LIB.II.
951 146 1127 182 32—35.
1331 139 1386 181 35

101 242 271 283 dicimus
298 247 338 281 et
362 242 454 282 lecti
485 247 525 281 et
546 242 621 280 veli
643 247 682 281 et
701 241 909 289 carminis,
936 251 1078 280 canem
1101 246 1140 281 et
1158 242 1386 281 venaticum

101 304 140 339 et
158 299 352 338 marInum
372 303 411 337 et
426 298 552 338 sidus.
585 298 680 347 quia
695 309 776 337 non
793 295 1039 345 sufficimus,
1060 303 1103 338 ut
1120 297 1288 347 singulis
1305 298 1386 337 sin-

99 356 193 404 gula
219 355 499 403 adsignemus,
527 354 712 402 quotiens
736 365 841 403 opus
863 357 944 401 est,
972 358 1211 393 mutuamur.
1261 354 1424 394 Foru-3

99 411 196 450 tudo
217 416 280 450 est
298 411 423 449 virtus
443 410 623 459 pericula
641 411 748 449 iusta
767 415 1028 450 contemnens
1049 415 1118 450 aut
1132 411 1301 449 scientia
1316 421 1385 460 pe-

97 466 314 506 riculorum
343 466 687 515 repellendorum,
718 466 1070 516 excipiendorum,
1100 467 1385 515 provocando-

70 562 73 569 ,
96 534 202 562 rum:
224 523 392 561 dicimus
408 527 539 561 tamen
551 527 591 562 et
604 523 867 571 gladiatorem
883 522 1024 561 fortem
1034 522 1163 561 virum
1175 527 1387 562 etservum

96 590 292 628 nequam,
324 590 442 628 quem
473 577 511 616 in
543 584 817 628 contemptum
843 577 982 618 mortis
1001 579 1205 618 temeritas
1229 579 1384 628 inpulit.

96 634 346 674 Parsimonia
365 639 428 673 est
447 635 616 673 scientia
636 635 786 674 vitandi
807 639 993 684 sumptus
1014 645 1297 684 supervacuos
1319 640 1387 674 aut
1400 640 1424 675 4

97 702 164 731 ars
183 701 228 730 re
249 689 430 730 familiari
450 691 657 730 moderate
677 692 835 731 utendi:
865 691 1145 740 parcissimum
1165 696 1298 730 tamen
1314 691 1384 731 110-

96 747 241 787 minem
262 758 456 787 vocamus
481 748 615 796 pusilli
635 747 754 786 animi
775 751 815 786 et
835 747 1048 796 contracti,
1077 758 1166 786 cum
1187 746 1386 787 infinitum

97 803 253 843 intersit
270 804 373 842 inter
395 805 557 843 modum
577 807 616 844 et
638 803 861 852 angustias.
898 803 1000 842 haec
1019 803 1098 842 alia
1117 808 1211 843 sunt
1230 808 1385 852 natura,

98 860 172 899 sed
201 860 323 899 efficit
347 859 487 908 inopia
513 860 733 908 sermonis,
762 865 807 898 ut
828 864 866 898 et
895 859 1001 898 hunc
1026 864 1065 899 et
1084 859 1194 898 illum
1218 871 1385 909 parcum

98 926 313 965 vocemus,
342 921 385 954 ut
404 921 442 955 et
459 916 526 954 ille
547 916 660 955 fortis
677 916 832 955 dicatur
850 926 940 955 cum
959 915 1117 955 ratione
1138 916 1302 955 fortuita
1316 917 1383 955 de-

99 972 279 1021 spiciens
308 977 348 1011 et
375 971 440 1011 hic
470 972 557 1011 sine
583 972 739 1010 ratione
767 972 806 1010 in
829 972 1011 1021 pericula
1032 982 1267 1011 excurrens.
1319 971 1422 1026 Sic5

97 1028 340 1067 beneficium
369 1033 431 1067 est
459 1033 497 1066 et
523 1027 647 1074 actio,
685 1032 729 1066 ut
748 1028 943 1076 diximus,
980 1028 1165 1067 benefica
1185 1034 1223 1067 et
1250 1028 1384 1077 ipsum

98 1084 210 1133 quod
236 1084 354 1122 datur
382 1095 456 1133 per
481 1084 586 1123 illam
614 1083 834 1131 actionem,
868 1089 910 1122 ut
936 1084 1126 1132 pecunia,
1158 1089 1201 1123 ut
1225 1084 1384 1131 domus,

95 1144 140 1178 ut
166 1144 393 1188 praetexta:
432 1151 554 1178 unum
581 1139 741 1189 utrique
770 1149 917 1178 nomen
943 1143 1025 1188 est,
1063 1140 1126 1179 vis
1150 1139 1313 1189 quidem
1339 1151 1386 1179 ac

94 1200 278 1245 potestas
298 1197 416 1244 longe
436 1196 526 1234 alia.

176 1251 335 1291 XXXV.
364 1252 505 1300 ltaque
523 1251 714 1300 adtende,
735 1251 814 1290 iam
829 1251 1037 1301 intelleges
1055 1252 1151 1291 nihil
1167 1262 1251 1301 me,
1274 1253 1384 1302 quod
1403 1256 1421 1289 1

95 1306 232 1357 opinio
267 1313 334 1346 tua
365 1309 556 1356 refugiat,
602 1307 757 1347 dicere:
800 1308 882 1347 illi
918 1308 1204 1356 beneficio,
1251 1309 1385 1358 quod

96 1364 232 1402 actio
269 1364 500 1413 perficit,
535 1365 702 1402 relata
738 1365 903 1413 gratia
931 1369 1029 1412 cst,
1066 1364 1109 1403 si
1138 1363 1267 1403 illud
1298 1364 1383 1403 be-

95 1420 282 1458 nevole
325 1419 629 1469 excipimus.
686 1420 817 1459 illud
860 1421 1102 1468 alterum,
1154 1421 1290 1469 quod
1330 1431 1384 1458 re

96 1476 414 1523 continetur,
451 1477 670 1515 nondum
708 1476 1030 1515 reddidimus
1070 1479 1117 1514 et
1145 1477 1382 1515 volumus

94 1532 327 1570 reddere.
375 1532 578 1571 Voluntati
599 1533 800 1571 voluntate
818 1531 1108 1579 satisfecimus,
1138 1533 1197 1570 rei
1211 1543 1295 1571 rem
1314 1533 1382 1571 de-

94 1586 251 1626 bemus.
294 1588 433 1636 Itaque
454 1588 637 1636 quamvis
656 1588 845 1627 retulisse
866 1589 975 1627 illum
997 1587 1164 1637 gratiam
1185 1588 1381 1635 dicamus,

96 1643 165 1692 qui
194 1643 434 1682 beneficium
463 1643 631 1682 libenter
659 1644 825 1693 accipit,
863 1644 1046 1684 iubemus
1074 1649 1207 1683 tamen
1228 1644 1382 1694 aliquid

95 1698 151 1745 ci,
192 1700 302 1747 quod
332 1699 508 1748 accepit,
547 1700 731 1738 reddere.
783 1703 822 1739 A
855 1700 1148 1739 consuetudine
1179 1701 1378 1750 quaedam
1397 1705 1418 1738 2

95 1765 200 1803 quae
214 1754 383 1794 dicimus
400 1755 627 1802 abhorrent,
644 1755 791 1794 deinde
807 1755 884 1794 alia
902 1756 965 1795 via
981 1756 1031 1795 ad
1050 1757 1380 1796 consuetudinem

91 1810 284 1850 redeunt:
322 1821 517 1860 negamus
544 1810 726 1850 iniuriam
756 1812 942 1860 accipere
970 1813 1214 1861 sapientem,
1248 1818 1382 1852 tamen

95 1866 162 1915 qui
182 1866 290 1905 illum
312 1878 449 1916 pugno
471 1868 738 1916 percusserit,
760 1866 991 1907 iniuriarum
1008 1869 1274 1908 damnabitur.
1312 1879 1380 1907 ne-

93 1931 235 1970 gamus
259 1923 366 1962 stulti
387 1923 604 1972 quicquam
624 1933 737 1969 esse,
769 1928 809 1962 et
828 1928 961 1962 tamen
981 1935 1093 1971 eum,
1121 1925 1188 1973 qui
1208 1935 1293 1963 rem
1310 1926 1380 1964 ali-

94 1988 215 2026 quam
244 1979 364 2018 stulto
394 1979 612 2028 subripuit,
651 1979 743 2017 furti
777 1979 1151 2019 condemnabimus.
1202 1980 1380 2019 insanire

93 2043 236 2074 omnes
257 2034 447 2083 dicimus,
476 2045 552 2073 nec
572 2040 703 2073 tamen
725 2045 865 2074 omnes
880 2046 1076 2081 ,curamus
1093 2035 1286 2075 elleboro.
1316 2037 1377 2075 his

92 2089 216 2138 ipsis,
236 2102 340 2139 quos
357 2101 551 2130 vocamus
569 2091 756 2139 insanOS,
778 2095 817 2129 et
831 2091 1065 2140 suffragium
1084 2096 1124 2130 et
1138 2092 1378 2132 iurisdictio-

92 2155 183 2184 nem
205 2147 499 2186 committimus.
548 2146 590 2185 Si
607 2147 775 2185 dicimus
793 2157 903 2196 eum,
926 2147 993 2196 qui
1010 2147 1249 2187 beneficium
1269 2148 1376 2188 bono
1394 2156 1415 2191 3

94 2201 225 2240 animo
254 2203 416 2252 accipit,
455 2203 622 2251 gratiam
654 2202 863 2251 retulisse,
902 2203 1159 2243 nihilominus
1192 2204 1300 2244 illum
1336 2205 1376 2243 in

94 2266 186 2296 aere
219 2258 349 2298 alieno
383 2259 645 2308 relinquimus
673 2257 840 2307 gratiam
866 2259 1101 2306 relaturum,
1140 2261 1255 2299 etiam
1286 2271 1376 2299 cum

92 2312 242 2353 retulit:
274 2313 498 2354 exhortatio
516 2320 577 2354 est
591 2315 676 2363 illa,
699 2325 779 2354 non
794 2313 976 2354 infitiatio
992 2315 1189 2354 beneficii.
1224 2316 1374 2356 Timea-

1110 2370 1160 2412 3*
