1624 2626
327 151 407 192 106
705 149 749 189 L.
773 149 962 189 ANNAEI
990 148 1215 188 SENECAE

326 251 436 290 alteri
463 254 596 299 erepta
622 248 845 297 transferri,
881 247 1019 287 eadem
1047 245 1332 287 adfectantibus
1360 254 1514 295 pugnas
1543 249 1581 284 et

326 305 452 353 iurgia
471 305 653 343 excitant.

285 367 303 399 1
402 360 557 398 XXXV.
586 357 861 407 Respondisse
879 356 948 395 tibi
967 367 1126 395 servum
1145 353 1362 403 indignaris
1382 354 1579 393 libertum-

327 424 405 463 que
428 419 467 453 et
484 424 648 453 uxorem
668 418 707 452 et
734 412 933 451 clientem:
962 411 1105 449 deinde
1124 410 1227 448 idem
1245 409 1296 447 de
1314 409 1517 457 republica
1534 408 1579 446 li—

324 469 514 508 bertatem
534 469 726 508 sublatam
738 466 927 515 quereris,
949 476 1066 513 quam
1076 464 1182 503 domi
1201 463 1404 503 sustulisti.
1439 474 1579 502 rursus

284 531 306 563 2
325 524 359 562 si
378 525 498 562 tacuit
516 524 789 570 interrogatus,
810 521 1094 559 contumaciam
1113 529 1249 557 vocas.
1276 518 1324 558 Et
1343 519 1523 566 loquatur
1541 522 1582 556 et

325 583 453 617 taceat
478 584 516 617 et
543 578 685 615 rideat:
730 585 864 614 coram
891 575 1079 613 domino?
1114 574 1264 622 inquis:
1309 573 1425 612 immo
1446 582 1581 611 coram

326 637 436 682 patre
458 633 637 671 familiae.
675 631 776 678 Quid
796 631 970 668 clamas?
992 628 1087 678 quid
1106 628 1365 668 vociferaris?
1394 627 1488 675 quid
1507 625 1578 665 ssa-

324 689 427 736 gella
445 688 576 726 media
594 695 719 725 coena
740 685 852 733 petis,
875 683 1107 732 quodservi
1125 685 1349 732 loquuntur,
1372 681 1481 730 quod
1500 692 1580 720 non

281 751 304 786 3
325 743 465 780 eodem
485 744 574 780 loco
594 741 709 779 turba
729 739 932 779 concionis
951 743 1024 785 est,
1045 737 1240 777 silentium
1258 736 1509 776 solitudinis?
1538 737 1579 774 in

324 797 399 836 hoc
418 797 542 834 habes
563 806 691 840 aures,
717 799 856 833 utnon
875 794 1074 832 modulata
1091 797 1238 831 tantum
1266 796 1305 830 et
1322 792 1454 829 mollia
1473 794 1512 829 et
1529 800 1580 829 ex

324 852 428 889 dulci
444 856 566 890 tracta
578 861 650 889 con
658 850 866 898 positaque
882 849 1095 895 accipiant:
1125 852 1164 886 et
1174 847 1298 885 risum
1313 845 1451 884 audias
1462 856 1580 894 opor-

322 910 378 944 tet
398 911 436 944 et
458 905 603 951 fletum,
626 909 665 943 et
683 904 890 943 blanditias
911 908 950 941 ct
968 903 1067 950 lites,
1095 907 1133 940 et
1159 911 1329 950 prosper
1381 905 1419 939 et
1442 900 1579 947 tristia,

322 965 363 999 et
378 960 579 999 hominum
597 969 718 998 voces
729 964 767 997 et
777 959 950 996 fremitus
961 956 1183 995 animalium
1201 957 1314 994 latrat
1368 965 1457 1003 que.
1479 954 1581 1002 Quid

322 1015 443 1054 miser
463 1014 699 1062 expavescis
728 1014 781 1051 ad
808 1015 1018 1051 clamorem
1043 1011 1161 1057 servi,
1189 1011 1240 1048 ad
1268 1010 1445 1049 tinnitum
1475 1008 1579 1047 aeris

323 1074 390 1108 aut
408 1070 549 1108 ianuae
575 1069 800 1117 inpulsum?
837 1077 924 1105 cum
943 1071 1019 1104 tam
1040 1066 1230 1105 delicatus
1252 1065 1384 1111 fueris,
1413 1064 1581 1102 tonitrua

279 1129 303 1163 4
322 1124 519 1162 audienda
538 1128 641 1161 sunt.
677 1123 763 1161 Hoc
775 1122 880 1170 quod
902 1122 951 1159 de
970 1120 1130 1159 auribus
1151 1120 1296 1158 dictum
1317 1123 1387 1165 est,
1408 1119 1578 1156 transfer

324 1179 375 1217 ad
395 1178 546 1224 oculos,
569 1178 635 1226 qui
654 1187 733 1215 non
754 1177 883 1215 minus
903 1175 1062 1214 fastidio
1080 1174 1271 1220 laborant,
1292 1173 1326 1211 si
1346 1173 1446 1212 male
1469 1172 1576 1211 insti-

321 1234 391 1272 tuti
412 1238 521 1272 sunt:
549 1232 702 1270 macula
721 1230 972 1270 offenduntur
998 1235 1036 1268 et
1055 1229 1240 1268 sordibus
1261 1233 1300 1266 et
1327 1232 1489 1275 argento
1511 1238 1578 1276 pa-

281 1293 303 1326 5
321 1299 407 1326 rum
435 1288 643 1336 splendido
667 1291 705 1324 et
731 1290 871 1334 stagno
898 1296 977 1324 non
1004 1285 1056 1323 ad
1082 1285 1209 1322 solum
1238 1284 1475 1331 perlucente.
1529 1280 1578 1319 Hi

322 1353 465 1391 nempe
487 1342 600 1388 oculi,
629 1342 696 1390 qui
714 1352 793 1379 non
813 1341 942 1379 serunt
967 1339 1042 1378 nisi
1063 1340 1211 1377 varium
1238 1348 1284 1375 ac
1309 1336 1458 1375 recenti
1485 1347 1579 1375 cura

321 1397 450 1436 nitens
470 1407 652 1443 marmor,
673 1396 739 1445 qui
759 1405 935 1434 mensam
954 1394 1030 1432 nisi
1049 1393 1198 1432 crebris
1217 1391 1437 1431 distinctam
1453 1391 1576 1437 venis,

324 1453 391 1501 qui
411 1453 549 1491 nolunt
568 1451 673 1490 domi
691 1450 767 1488 nisi
787 1460 882 1489 auro
903 1448 1138 1498 pretiosiora
1161 1447 1314 1494 calcari,
1333 1446 1576 1494 aequissimo

322 1508 452 1546 animo
473 1506 569 1545 foris
585 1511 623 1544 et
638 1506 801 1544 scabras
816 1506 1049 1552 lutosasque
1065 1503 1224 1541 semitas
1241 1505 1421 1549 spectant
1440 1505 1478 1538 et
1496 1511 1575 1539 ma—

320 1563 443 1600 iorem
465 1566 613 1610 partem
633 1560 896 1598 ocurrentium
915 1559 1148 1607 squalidam,
1169 1556 1340 1605 parietes
1359 1555 1576 1593 insularum

320 1627 480 1663 exesos,
499 1616 683 1661 rimosos‚
703 1614 949 1662 inaequales.
1005 1613 1106 1660 Quid
1126 1623 1220 1659 ergo
1241 1611 1345 1649 aliud
1365 1615 1436 1658 est,
1467 1609 1575 1658 quod
1602 1606 1611 1610 “

319 1672 409 1710 illos
429 1672 467 1710 in
496 1670 655 1720 publico
676 1680 756 1708 non
777 1669 962 1714 offendat,
991 1667 1098 1706 domi
1116 1671 1282 1713 moveat,
1303 1676 1420 1713 quam
1441 1665 1573 1713 opinio

319 1726 397 1765 illic
417 1736 546 1774 aequa
565 1729 603 1762 et
622 1724 785 1773 patiens,
807 1723 912 1761 domi
927 1733 1087 1761 morosa
1107 1727 1145 1760 et
1165 1722 1354 1770 querula?

279 1786 298 1818 1
398 1780 571 1819 xxxvl.
593 1779 737 1818 Omnes
748 1789 891 1817 sensus
907 1775 1153 1826 perducendi
1171 1780 1262 1815 sunt
1276 1775 1325 1813 ad
1341 1772 1572 1813 firmitatem.

316 1840 458 1874 natura
479 1835 671 1884 patientes
691 1838 794 1880 sunt,
821 1833 856 1871 si
875 1833 1027 1870 animus
1055 1831 1144 1870 illos
1172 1830 1286 1869 desiit
1307 1838 1571 1876 corrumpere,

320 1891 386 1939 qui
408 1890 551 1929 cotidie
568 1890 620 1927 ad
637 1888 829 1927 rationem
848 1888 1088 1925 reddendam
1109 1885 1312 1924 vocandus
1333 1889 1405 1922 est.
1438 1883 1571 1921 Facie-

317 1939 386 1983 bat
408 1945 484 1984 hoc
505 1944 676 1990 Sextius,
703 1948 747 1981 ut
768 1947 1038 1982 consummato
1060 1941 1134 1988 die,
1164 1950 1251 1978 cum
1272 1949 1316 1977 se
1344 1939 1396 1977 ad
1414 1944 1571 1977 noctur-

318 2010 409 2037 nam
427 2000 594 2047 quietem
612 1998 843 2046 recepisset,
859 1998 1115 2045 interrogaret
1124 1995 1293 2033 animum
1310 2004 1442 2032 suum:
1464 1992 1572 2041 quod

317 2053 438 2091 hodie
457 2055 600 2092 malum
618 2057 726 2091 tuum
747 2052 923 2091 sanasti?
948 2052 1012 2090 cui
1031 2050 1121 2089 vitio
1138 2048 1344 2087 obstitisti?
1364 2058 1442 2096 qua
1461 2051 1571 2095 parte

277 2113 300 2146 2
317 2108 455 2146 melior
470 2112 542 2145 es?
586 2108 748 2147 Desinet
765 2107 824 2146 ira
842 2112 880 2146 et
900 2105 1136 2145 moderatior
1152 2103 1236 2150 erit,
1257 2113 1359 2151 quae
1378 2102 1476 2141 sciet
1495 2101 1570 2139 sibi

319 2161 464 2201 cotidie
483 2162 534 2199 ad
552 2162 720 2200 iudicem
740 2172 832 2200 esse
850 2161 1098 2199 veniendum.
1140 2159 1351 2206 quicquam
1370 2167 1463 2205 ergo
1486 2157 1569 2204 pul-

318 2217 451 2255 chrius
471 2216 546 2254 hac
566 2217 853 2255 consuetudine
871 2214 1092 2254 excutiendi
1111 2217 1234 2251 totum
1253 2213 1383 2251 diem?
1436 2210 1567 2259 Qualis

317 2271 382 2310 ille
401 2281 565 2310 somnus
580 2277 673 2319 post
689 2271 996 2320 recognitionem
1011 2268 1074 2308 sui
1089 2268 1290 2317 sequitur?
1335 2276 1448 2315 quam
1466 2270 1567 2305 tran-
1620 2294 1624 2297 Α
