1624 2626
283 179 418 218 DlAL.
448 179 515 218 IV.
554 179 620 219 DE
650 178 742 219 IRA
771 179 866 218 LIB.
895 178 943 217 ΙΙ.
971 183 1145 219 10-12.
1306 178 1353 220 61

68 293 147 321 non
167 280 324 321 timetur
342 279 479 329 febris,
500 281 692 330 podagra,
716 281 832 319 ulcus
852 281 1028 318 malum?
1056 278 1251 328 numquid
1267 279 1360 319 ideo

70 337 287 386 quicquam
319 336 360 375 in
388 337 476 375 istis
507 337 604 376 boni
637 340 729 374 est?
769 341 810 374 at
837 341 976 374 contra
1004 336 1139 374 omnia
1167 336 1362 384 despecta

68 393 270 441 foedaque
289 397 329 431 et
347 393 480 441 turpia
500 392 591 441 ipso
613 403 692 440 quo
713 391 919 431 timentum
953 391 1011 430 sic
1038 391 1097 429 ira
1124 402 1198 440 per
1225 401 1271 430 se
1291 391 1359 429 de-

67 449 207 488 formis
228 453 290 487 est
310 453 349 486 et
366 448 528 486 minime
547 447 780 494 metuenda,
809 451 850 486 at
874 447 1032 486 timetur
1058 457 1083 485 a
1104 447 1286 495 pluribus
1308 446 1359 486 si-

68 509 134 543 cut
153 504 346 543 deformis
367 514 545 552 persona
564 504 615 542 ab
636 503 867 542 infantibus.
907 502 1029 550 Quid,
1060 504 1170 551 quod
1200 512 1361 551 semper
1376 506 1399 541 3

66 560 105 599 in
141 564 326 598 auctores
359 559 561 598 redundat
586 559 703 597 timor
729 569 804 597 nec
832 558 1047 607 quisquam
1066 557 1254 597 metuitur
1273 559 1362 607 ipse

66 620 267 655 securus?
321 620 507 654 occurrat
533 615 612 653 hoc
640 617 730 653 loco
758 613 828 653 tibi
847 614 1096 652 Laberianus
1115 614 1182 652 ille
1200 624 1360 659 versus,

68 671 138 720 qui
157 671 289 709 medio
310 671 412 709 civili
435 671 540 709 bello
561 671 600 708 in
617 671 771 709 theatro
793 670 923 709 dictus
942 675 1069 709 totum
1087 668 1128 708 in
1158 679 1204 708 se
1231 679 1361 718 popu-

65 729 148 767 lum
167 737 248 765 non
268 727 381 765 aliter
401 726 617 774 convertit,
641 737 760 775 quam
782 726 816 765 si
835 726 961 765 missa
980 729 1092 764 esset
1109 736 1192 764 vox
1211 725 1362 774 publici

67 783 272 821 adfectus:

234 838 398 876 Necesse
415 843 473 876 est
486 840 622 877 multos
641 839 772 876 timeat
794 847 906 886 quem
925 839 1036 877 multi
1052 838 1195 876 timent.

66 894 124 932 Ita
142 898 284 933 natura
305 892 518 940 constituit,
539 898 582 932 ut
598 893 792 942 quicquid
807 893 938 932 alieno
954 898 1062 932 metu
1081 903 1269 941 magnum
1285 897 1359 940 est,
1378 902 1401 935 4

67 960 93 987 a
111 960 187 988 suo
207 960 287 987 non
308 953 438 987 vacet.
479 949 659 988 Leonum
686 959 806 997 quam
834 949 984 996 pavida
1013 954 1107 987 sunt
1125 949 1177 986 ad
1204 948 1362 987 levissi-

67 1015 156 1044 mos
190 1014 316 1044 sonos
343 1008 537 1052 pectora?
579 1003 796 1042 acerrimas
829 1004 936 1042 feras
968 1005 1111 1042 umbra
1143 1008 1184 1042 et
1212 1014 1293 1042 vox
1326 1009 1365 1041 et

67 1061 170 1100 odor
202 1059 387 1098 insolitus
416 1059 603 1107 exagitat.
663 1058 855 1108 quicquid
878 1060 960 1107 [de]
978 1063 1100 1098 terret
1118 1064 1157 1097 et
1175 1059 1360 1108 trepidat.

65 1126 147 1154 non
172 1121 235 1154 est
253 1125 350 1163 ergo
373 1125 498 1164 quare
518 1114 781 1163 concupiscat
802 1115 1015 1164 quisquam
1040 1115 1205 1164 sapiens
1221 1115 1362 1162 timeri,

67 1181 142 1210 nec
161 1170 254 1210 ideo
275 1171 374 1209 iram
394 1181 583 1218 magnum
605 1171 795 1220 quiddam
816 1175 937 1219 putet,
959 1171 1055 1220 quia
1070 1170 1271 1209 formidini
1288 1177 1360 1217 est,

67 1227 256 1276 quoniam
273 1226 435 1274 quidem
448 1226 566 1265 etiam
580 1225 926 1274 contemptissima
941 1226 1126 1266 timentur
1144 1232 1187 1266 ut
1207 1236 1363 1265 venena

68 1286 108 1321 et
130 1293 228 1321 ossa
247 1282 438 1331 pestilera
456 1287 497 1320 et
516 1293 690 1321 morsus.
728 1282 811 1320 Nec
838 1282 981 1321 mirum
1002 1288 1083 1330 est,
1120 1293 1208 1321 cum
1234 1283 1358 1320 maxi·
1377 1289 1398 1322 5

66 1348 154 1376 mos
176 1338 350 1376 serarum
369 1348 515 1386 greges
535 1338 641 1376 linea
671 1337 802 1387 pinnis
831 1337 1018 1377 distincta
1039 1338 1242 1377 contineat
1265 1342 1306 1376 et
1322 1338 1361 1376 in

66 1392 233 1432 insidias
254 1398 357 1442 agat,
379 1394 429 1432 ab
450 1393 542 1443 ipso
563 1393 726 1432 adfectu
745 1393 851 1432 dicta
870 1394 1105 1433 formido:
1124 1394 1240 1432 vanis
1257 1393 1362 1432 enim

69 1459 176 1487 vana
202 1449 344 1488 terrori
363 1454 466 1488 sunt.
524 1449 710 1488 curriculi
741 1455 874 1489 motus
903 1454 1165 1498 rotarumque
1197 1453 1360 1488 versata

70 1504 194 1542 facies
215 1504 354 1543 leones
373 1505 529 1553 redegit
546 1505 586 1543 in
608 1515 787 1544 caveam.
833 1505 1072 1554 elephantos
1092 1505 1261 1554 porcina
1279 1516 1361 1544 vox

68 1563 202 1598 terret.
240 1559 307 1598 Sic
325 1559 461 1608 itaque
480 1561 540 1599 ira
557 1561 754 1608 metuitur,
778 1562 982 1610 quomodo
1003 1560 1147 1600 umbra
1166 1560 1216 1599 ab
1232 1560 1357 1599 insan-
1376 1565 1398 1599 6

68 1613 188 1661 tibus,
210 1625 234 1653 a
253 1614 348 1653 seris
367 1616 516 1655 rubens
539 1617 674 1665 pinna.
717 1627 798 1654 non
819 1617 911 1666 ipsa
928 1617 968 1656 in
991 1627 1036 1656 se
1057 1617 1271 1666 quicquam
1290 1615 1361 1654 ha—

70 1670 140 1709 bet
154 1670 311 1708 firmum
332 1675 399 1709 aut
418 1671 532 1719 sorte,
552 1672 626 1710 sed
646 1673 757 1711 leves
778 1672 936 1712 animos
955 1678 1103 1712 movet.

149 1725 236 1764 ΧΠ.
279 1726 501 1774 ‚‚Nequitia‚
526 1726 666 1776 inquit,
691 1728 742 1766 de
768 1739 901 1767 rerum
929 1733 1074 1767 natura
1090 1727 1268 1767 tollenda
1288 1733 1361 1774 est,
1381 1734 1397 1766 l

71 1780 106 1820 si
127 1781 227 1820 velis
256 1782 356 1820 iram
383 1782 543 1820 tollere:
576 1788 760 1822 neutrum
787 1789 918 1823 autem
946 1789 1082 1834 potest
1106 1784 1235 1823 fieri.“
1276 1783 1360 1822 Pri—

69 1847 177 1875 mum
198 1842 333 1886 potest
353 1836 497 1885 aliquis
518 1849 598 1877 non
623 1839 768 1887 algere,
787 1841 971 1888 quamvis
995 1850 1047 1879 ex
1065 1850 1197 1878 rerum
1219 1843 1362 1877 natura

68 1891 198 1931 hiems
228 1892 289 1940 sit,
319 1897 358 1931 et
387 1904 468 1931 non
488 1898 685 1941 aestuare,
715 1895 898 1943 quamvis
918 1906 1081 1935 menses
1104 1894 1247 1934 aestivi
1268 1894 1358 1934 sint.

70 1952 140 1987 aut
169 1949 248 1987 loci
276 1949 473 1988 beneficio
502 1949 699 1988 adversus
729 1950 1002 2000 intemperiem
1037 1951 1128 1988 anni
1161 1955 1270 1989 tutus
1298 1956 1361 1989 est

70 2008 138 2042 aut
158 2004 347 2052 patientia
372 2005 554 2053 corporis
577 2015 740 2044 sensum
760 2006 969 2056 utriusque
989 2005 1171 2055 pervicit.
1202 2006 1357 2045 Deinde
1372 2012 1394 2046 2

68 2063 182 2098 verte
200 2059 326 2098 istud:
361 2071 532 2099 necesse
561 2065 623 2099 est
646 2060 757 2109 prius
786 2061 970 2101 virtutem
999 2072 1049 2114 ex
1077 2061 1209 2101 animo
1235 2062 1355 2101 tollas

0 2119 6 2127 ²
71 2125 190 2162 quam
219 2115 466 2154 iracundiam
488 2116 683 2164 recipias,
709 2117 898 2165 quoniam
923 2128 1013 2156 cum
1030 2117 1242 2157 virtutibus
1261 2118 1356 2157 vitia

9 2183 11 2194 2
69 2181 151 2209 non
172 2176 330 2211 coeunt.
379 2182 455 2210 nec
474 2171 602 2220 magis
624 2170 838 2221 quisquam
859 2172 1004 2211 eodem
1022 2177 1203 2222 tempore
1222 2178 1261 2213 et
1279 2174 1356 2212 ira-

12 2222 17 2251 ἶ
69 2231 134 2264 tus
156 2231 289 2275 potest
308 2237 400 2265 esse
420 2232 459 2266 et
476 2228 538 2267 vir
559 2227 692 2267 bonus
714 2239 833 2276 quam
860 2238 980 2276 aeger
999 2232 1039 2268 et
1055 2239 1194 2269 sanus.
1241 2229 1355 2278 „Non
1373 2236 1395 2271 3

0 2281 9 2319 E‘2
72 2286 218 2330 potest,
237 2283 375 2331 inquit,
402 2283 529 2322 omnis
551 2294 603 2322 ex
627 2284 760 2322 animo
783 2283 844 2322 ira
862 2284 967 2323 tolli:
989 2294 1064 2324 nec
1082 2284 1160 2324 hoc
1180 2285 1353 2325 hominis

0 2350 6 2370 ÷
71 2343 213 2377 natura
234 2338 419 2387 patitur.“
470 2339 592 2389 Atqui
623 2339 718 2378 nihil
746 2344 809 2380 est
839 2344 919 2379 tam
947 2340 1108 2380 difficile
1128 2346 1167 2381 et
1187 2341 1355 2380 arduum
