<?xml version="1.0" encoding="UTF-8"?>
<!DOCTYPE html PUBLIC "-//W3C//DTD XHTML 1.0 Transitional//EN"
    "http://www.w3.org/TR/xhtml1/DTD/xhtml1-transitional.dtd">
<html xmlns="http://www.w3.org/1999/xhtml" xml:lang="en" lang="en">
 <head>
  <title>
</title>
<meta http-equiv="Content-Type" content="text/html;charset=utf-8" />
  <meta name='ocr-system' content='tesseract 3.04.00' />
  <meta name='ocr-capabilities' content='ocr_page ocr_carea ocr_par ocr_line ocrx_word'/>
</head>
<body>
  <div class='ocr_page' id='page_1' title='image "./operaquaesupersu01seneuoft/operaquaesupersu01seneuoft_0103.png"; bbox 0 0 1624 2626; ppageno 0'>
   <div class='ocr_carea' id='block_1_1' title="bbox 298 159 1369 206">
    <p class='ocr_par' dir='ltr' id='par_1_1' title="bbox 298 159 1369 206">
     <span class='ocr_line' id='line_1_1' title="bbox 298 159 1369 206; baseline -0.005 0"><span class='ocrx_word' id='word_1_1' title='bbox 298 166 430 206; x_wconf 80' lang='lat' dir='ltr'>DIAL.</span> <span class='ocrx_word' id='word_1_2' title='bbox 455 166 505 204; x_wconf 85' lang='lat' dir='ltr'>V.</span> <span class='ocrx_word' id='word_1_3' title='bbox 552 164 619 204; x_wconf 84' lang='lat' dir='ltr'>DE</span> <span class='ocrx_word' id='word_1_4' title='bbox 652 164 743 203; x_wconf 83' lang='lat' dir='ltr'>IRA</span> <span class='ocrx_word' id='word_1_5' title='bbox 770 163 865 204; x_wconf 86' lang='lat' dir='ltr'>LIB.</span> <span class='ocrx_word' id='word_1_6' title='bbox 887 162 954 202; x_wconf 90' lang='lat'>111.</span> <span class='ocrx_word' id='word_1_7' title='bbox 982 168 1072 204; x_wconf 89' lang='lat'>9—</span> <span class='ocrx_word' id='word_1_8' title='bbox 1089 168 1144 203; x_wconf 78' lang='lat'>12.</span> <span class='ocrx_word' id='word_1_9' title='bbox 1312 159 1369 201; x_wconf 85' lang='lat'>89</span> 
     </span>
    </p>
   </div>
   <div class='ocr_carea' id='block_1_2' title="bbox 31 261 1410 765">
    <p class='ocr_par' dir='ltr' id='par_1_2' title="bbox 31 261 1410 765">
     <span class='ocr_line' id='line_1_2' title="bbox 39 261 1410 314; baseline -0.007 -5"><span class='ocrx_word' id='word_1_10' title='bbox 39 261 41 310; x_wconf 65' lang='lat'>,³</span> <span class='ocrx_word' id='word_1_11' title='bbox 80 266 452 308; x_wconf 79' lang='lat' dir='ltr'><strong>Circumscribenda</strong></span> <span class='ocrx_word' id='word_1_12' title='bbox 466 265 600 305; x_wconf 88' lang='lat' dir='ltr'>multis</span> <span class='ocrx_word' id='word_1_13' title='bbox 619 264 752 304; x_wconf 91' lang='lat' dir='ltr'>modis</span> <span class='ocrx_word' id='word_1_14' title='bbox 772 263 832 304; x_wconf 90' lang='lat' dir='ltr'>ira</span> <span class='ocrx_word' id='word_1_15' title='bbox 850 268 925 303; x_wconf 91' lang='lat' dir='ltr'>est.</span> <span class='ocrx_word' id='word_1_16' title='bbox 956 263 1153 314; x_wconf 78' lang='lat' dir='ltr'>pleraque</span> <span class='ocrx_word' id='word_1_17' title='bbox 1172 264 1212 302; x_wconf 92' lang='lat' dir='ltr'>in</span> <span class='ocrx_word' id='word_1_18' title='bbox 1230 264 1366 303; x_wconf 89' lang='lat' dir='ltr'>lusum</span> <span class='ocrx_word' id='word_1_19' title='bbox 1386 266 1410 300; x_wconf 79' lang='lat'><em>2</em></span> 
     </span>
     <span class='ocr_line' id='line_1_3' title="bbox 38 319 1367 373; baseline -0.004 -10"><span class='ocrx_word' id='word_1_20' title='bbox 38 325 40 331; x_wconf 83' lang='grc'><em>’</em></span> <span class='ocrx_word' id='word_1_21' title='bbox 79 325 292 373; x_wconf 81' lang='lat' dir='ltr'>iocumque</span> <span class='ocrx_word' id='word_1_22' title='bbox 313 327 529 361; x_wconf 73' lang='lat' dir='ltr'><strong>vertantur.</strong></span> <span class='ocrx_word' id='word_1_23' title='bbox 573 320 782 360; x_wconf 74' lang='lat' dir='ltr'>Socratem</span> <span class='ocrx_word' id='word_1_24' title='bbox 801 320 912 359; x_wconf 84' lang='lat' dir='ltr'>aiunt</span> <span class='ocrx_word' id='word_1_25' title='bbox 930 319 1104 369; x_wconf 89' lang='lat' dir='ltr'>colapho</span> <span class='ocrx_word' id='word_1_26' title='bbox 1123 330 1367 369; x_wconf 89' lang='lat' dir='ltr'>percussum</span> 
     </span>
     <span class='ocr_line' id='line_1_4' title="bbox 78 375 1364 428; baseline -0.005 -8"><span class='ocrx_word' id='word_1_27' title='bbox 78 380 173 420; x_wconf 85' lang='lat' dir='ltr'>nihil</span> <span class='ocrx_word' id='word_1_28' title='bbox 193 378 366 428; x_wconf 86' lang='lat' dir='ltr'>amplius</span> <span class='ocrx_word' id='word_1_29' title='bbox 386 377 540 416; x_wconf 86' lang='lat' dir='ltr'>dixisse</span> <span class='ocrx_word' id='word_1_30' title='bbox 555 386 676 426; x_wconf 86' lang='lat' dir='ltr'>quam</span> <span class='ocrx_word' id='word_1_31' title='bbox 695 377 933 425; x_wconf 88' lang='lat' dir='ltr'>„molestum</span> <span class='ocrx_word' id='word_1_32' title='bbox 954 386 1069 423; x_wconf 90' lang='lat' dir='ltr'>esse,</span> <span class='ocrx_word' id='word_1_33' title='bbox 1101 375 1212 425; x_wconf 91' lang='lat' dir='ltr'>quod</span> <span class='ocrx_word' id='word_1_34' title='bbox 1233 375 1364 415; x_wconf 88' lang='lat' dir='ltr'>nesci—</span> 
     </span>
     <span class='ocr_line' id='line_1_5' title="bbox 77 431 1410 483; baseline -0.005 -8"><span class='ocrx_word' id='word_1_35' title='bbox 77 441 166 476; x_wconf 83' lang='lat' dir='ltr'>rent</span> <span class='ocrx_word' id='word_1_36' title='bbox 179 434 376 482; x_wconf 86' lang='lat' dir='ltr'>homines,</span> <span class='ocrx_word' id='word_1_37' title='bbox 400 433 563 483; x_wconf 84' lang='lat' dir='ltr'>quando</span> <span class='ocrx_word' id='word_1_38' title='bbox 584 443 675 471; x_wconf 88' lang='lat' dir='ltr'>cum</span> <span class='ocrx_word' id='word_1_39' title='bbox 695 433 811 482; x_wconf 84' lang='lat' dir='ltr'>galea</span> <span class='ocrx_word' id='word_1_40' title='bbox 831 431 994 481; x_wconf 88' lang='lat' dir='ltr'>prodire</span> <span class='ocrx_word' id='word_1_41' title='bbox 1013 431 1249 474; x_wconf 89' lang='lat' dir='ltr'>deberent.“</span> <span class='ocrx_word' id='word_1_42' title='bbox 1277 431 1365 471; x_wconf 90' lang='lat' dir='ltr'>Non</span> <span class='ocrx_word' id='word_1_43' title='bbox 1385 433 1410 468; x_wconf 83' lang='lat'><strong>3</strong></span> 
     </span>
     <span class='ocr_line' id='line_1_6' title="bbox 78 487 1366 541; baseline -0.004 -10"><span class='ocrx_word' id='word_1_44' title='bbox 78 490 415 541; x_wconf 82' lang='lat' dir='ltr'>quemadmodum</span> <span class='ocrx_word' id='word_1_45' title='bbox 434 490 539 528; x_wconf 82' lang='lat' dir='ltr'>facta</span> <span class='ocrx_word' id='word_1_46' title='bbox 553 489 604 528; x_wconf 89' lang='lat' dir='ltr'>sit</span> <span class='ocrx_word' id='word_1_47' title='bbox 621 487 766 527; x_wconf 87' lang='lat' dir='ltr'>iniuria</span> <span class='ocrx_word' id='word_1_48' title='bbox 783 488 915 536; x_wconf 79' lang='lat' dir='ltr'>refert,</span> <span class='ocrx_word' id='word_1_49' title='bbox 937 487 1012 527; x_wconf 90' lang='lat' dir='ltr'>sed</span> <span class='ocrx_word' id='word_1_50' title='bbox 1024 487 1366 536; x_wconf 80' lang='lat' dir='ltr'>quemadmodum</span> 
     </span>
     <span class='ocr_line' id='line_1_7' title="bbox 78 543 1363 595; baseline -0.005 -7"><span class='ocrx_word' id='word_1_51' title='bbox 78 549 169 588; x_wconf 87' lang='lat' dir='ltr'>lata.</span> <span class='ocrx_word' id='word_1_52' title='bbox 206 557 281 586; x_wconf 87' lang='lat' dir='ltr'>nec</span> <span class='ocrx_word' id='word_1_53' title='bbox 303 545 420 585; x_wconf 88' lang='lat' dir='ltr'>video</span> <span class='ocrx_word' id='word_1_54' title='bbox 441 555 567 595; x_wconf 87' lang='lat' dir='ltr'>quare</span> <span class='ocrx_word' id='word_1_55' title='bbox 587 543 763 584; x_wconf 83' lang='lat' dir='ltr'>difficilis</span> <span class='ocrx_word' id='word_1_56' title='bbox 788 544 840 583; x_wconf 85' lang='lat' dir='ltr'>sit</span> <span class='ocrx_word' id='word_1_57' title='bbox 857 544 1100 592; x_wconf 85' lang='lat' dir='ltr'>moderatio,</span> <span class='ocrx_word' id='word_1_58' title='bbox 1126 554 1218 583; x_wconf 92' lang='lat' dir='ltr'>cum</span> <span class='ocrx_word' id='word_1_59' title='bbox 1237 544 1363 583; x_wconf 88' lang='lat' dir='ltr'>seiam</span> 
     </span>
     <span class='ocr_line' id='line_1_8' title="bbox 77 599 1367 655; baseline -0.005 -12"><span class='ocrx_word' id='word_1_60' title='bbox 77 610 340 655; x_wconf 80' lang='lat' dir='ltr'>tyrannorum</span> <span class='ocrx_word' id='word_1_61' title='bbox 361 612 526 651; x_wconf 90' lang='lat' dir='ltr'>quoque</span> <span class='ocrx_word' id='word_1_62' title='bbox 546 600 699 640; x_wconf 88' lang='lat' dir='ltr'>tumida</span> <span class='ocrx_word' id='word_1_63' title='bbox 720 604 760 639; x_wconf 84' lang='lat' dir='ltr'>et</span> <span class='ocrx_word' id='word_1_64' title='bbox 778 601 939 640; x_wconf 80' lang='lat' dir='ltr'>fortuna</span> <span class='ocrx_word' id='word_1_65' title='bbox 964 604 1004 639; x_wconf 89' lang='lat' dir='ltr'>et</span> <span class='ocrx_word' id='word_1_66' title='bbox 1023 599 1184 639; x_wconf 89' lang='lat' dir='ltr'>licentia</span> <span class='ocrx_word' id='word_1_67' title='bbox 1203 599 1367 648; x_wconf 83' lang='lat' dir='ltr'>ingenia</span> 
     </span>
     <span class='ocr_line' id='line_1_9' title="bbox 31 655 1410 706; baseline -0.004 -7"><span class='ocrx_word' id='word_1_68' title='bbox 31 667 34 703; x_wconf 66' lang='lat' dir='ltr'>l</span> <span class='ocrx_word' id='word_1_69' title='bbox 78 658 312 699; x_wconf 77' lang='lat' dir='ltr'>familiarem</span> <span class='ocrx_word' id='word_1_70' title='bbox 333 657 408 697; x_wconf 85' lang='lat' dir='ltr'>sibi</span> <span class='ocrx_word' id='word_1_71' title='bbox 431 656 640 697; x_wconf 89' lang='lat' dir='ltr'>saevitiam</span> <span class='ocrx_word' id='word_1_72' title='bbox 658 655 923 706; x_wconf 84' lang='lat' dir='ltr'>repressisse.</span> <span class='ocrx_word' id='word_1_73' title='bbox 969 655 1223 695; x_wconf 81' lang='lat' dir='ltr'>Pisistratum</span> <span class='ocrx_word' id='word_1_74' title='bbox 1243 661 1364 703; x_wconf 87' lang='lat' dir='ltr'>certe,</span> <span class='ocrx_word' id='word_1_75' title='bbox 1384 659 1410 694; x_wconf 72' lang='lat'>4</span> 
     </span>
     <span class='ocr_line' id='line_1_10' title="bbox 77 712 1368 765; baseline -0.003 -11"><span class='ocrx_word' id='word_1_76' title='bbox 77 714 381 755; x_wconf 87' lang='lat' dir='ltr'>Atheniensium</span> <span class='ocrx_word' id='word_1_77' title='bbox 407 718 644 765; x_wconf 81' lang='lat' dir='ltr'>tyrannum,</span> <span class='ocrx_word' id='word_1_78' title='bbox 673 712 891 752; x_wconf 78' lang='lat' dir='ltr'>memoriae</span> <span class='ocrx_word' id='word_1_79' title='bbox 911 712 1112 761; x_wconf 86' lang='lat' dir='ltr'>proditur,</span> <span class='ocrx_word' id='word_1_80' title='bbox 1133 722 1224 751; x_wconf 89' lang='lat' dir='ltr'>cum</span> <span class='ocrx_word' id='word_1_81' title='bbox 1243 712 1368 751; x_wconf 85' lang='lat' dir='ltr'>multa</span> 
     </span>
    </p>
   </div>
   <div class='ocr_carea' id='block_1_3' title="bbox 9 768 1370 812">
    <p class='ocr_par' dir='ltr' id='par_1_3' title="bbox 9 768 1370 812">
     <span class='ocr_line' id='line_1_11' title="bbox 9 768 1370 812; baseline -0.003 -2"><span class='ocrx_word' id='word_1_82' title='bbox 9 787 11 790; x_wconf 49' lang='lat'><strong>⁴</strong></span> <span class='ocrx_word' id='word_1_83' title='bbox 78 772 119 810; x_wconf 91' lang='lat' dir='ltr'>in</span> <span class='ocrx_word' id='word_1_84' title='bbox 137 770 411 812; x_wconf 80' lang='lat' dir='ltr'>crudelitatem</span> <span class='ocrx_word' id='word_1_85' title='bbox 431 770 519 808; x_wconf 91' lang='lat' dir='ltr'>eius</span> <span class='ocrx_word' id='word_1_86' title='bbox 540 769 675 808; x_wconf 88' lang='lat' dir='ltr'>ebrius</span> <span class='ocrx_word' id='word_1_87' title='bbox 696 768 870 808; x_wconf 88' lang='lat' dir='ltr'>conviva</span> <span class='ocrx_word' id='word_1_88' title='bbox 889 768 1061 807; x_wconf 88' lang='lat' dir='ltr'>dixisset</span> <span class='ocrx_word' id='word_1_89' title='bbox 1078 778 1154 808; x_wconf 91' lang='lat' dir='ltr'>nec</span> <span class='ocrx_word' id='word_1_90' title='bbox 1174 768 1370 807; x_wconf 82' lang='lat' dir='ltr'>deessent</span> 
     </span>
    </p>
   </div>
   <div class='ocr_carea' id='block_1_4' title="bbox 0 0 56 2494">
    <p class='ocr_par' dir='ltr' id='par_1_4' title="bbox 0 0 56 2494">
     <span class='ocr_line' id='line_1_12' title="bbox 0 0 56 2494; baseline 0 0"><span class='ocrx_word' id='word_1_91' title='bbox 0 0 56 2494; x_wconf 95' lang='lat' dir='ltr'> </span> 
     </span>
    </p>
   </div>
   <div class='ocr_carea' id='block_1_5' title="bbox 28 823 1415 2389">
    <p class='ocr_par' dir='ltr' id='par_1_5' title="bbox 28 823 1370 1044">
     <span class='ocr_line' id='line_1_13' title="bbox 29 823 1370 877; baseline -0.004 -10"><span class='ocrx_word' id='word_1_92' title='bbox 29 850 31 856; x_wconf 42' lang='grc' dir='ltr'><strong><em>ι</em></strong></span> <span class='ocrx_word' id='word_1_93' title='bbox 80 827 149 877; x_wconf 93' lang='lat' dir='ltr'>qui</span> <span class='ocrx_word' id='word_1_94' title='bbox 167 827 316 866; x_wconf 90' lang='lat' dir='ltr'>vellent</span> <span class='ocrx_word' id='word_1_95' title='bbox 333 824 530 865; x_wconf 84' lang='lat' dir='ltr'>manusei</span> <span class='ocrx_word' id='word_1_96' title='bbox 550 824 808 864; x_wconf 86' lang='lat' dir='ltr'>commodare</span> <span class='ocrx_word' id='word_1_97' title='bbox 823 828 864 863; x_wconf 84' lang='lat' dir='ltr'>et</span> <span class='ocrx_word' id='word_1_98' title='bbox 878 823 1114 870; x_wconf 88' lang='lat' dir='ltr'>aliushinc,</span> <span class='ocrx_word' id='word_1_99' title='bbox 1137 823 1240 863; x_wconf 88' lang='lat' dir='ltr'>alius</span> <span class='ocrx_word' id='word_1_100' title='bbox 1258 823 1370 863; x_wconf 88' lang='lat' dir='ltr'>illinc</span> 
     </span>
     <span class='ocr_line' id='line_1_14' title="bbox 28 879 1366 931; baseline -0.004 -8"><span class='ocrx_word' id='word_1_101' title='bbox 28 907 30 931; x_wconf 62' lang='lat' dir='ltr'><strong><em>s</em></strong></span> <span class='ocrx_word' id='word_1_102' title='bbox 79 884 191 923; x_wconf 77' lang='lat' dir='ltr'>faces</span> <span class='ocrx_word' id='word_1_103' title='bbox 208 882 446 930; x_wconf 87' lang='lat' dir='ltr'>subderent,</span> <span class='ocrx_word' id='word_1_104' title='bbox 467 881 629 931; x_wconf 86' lang='lat' dir='ltr'>placido</span> <span class='ocrx_word' id='word_1_105' title='bbox 650 881 783 920; x_wconf 89' lang='lat' dir='ltr'>animo</span> <span class='ocrx_word' id='word_1_106' title='bbox 803 880 946 919; x_wconf 87' lang='lat' dir='ltr'>tulisse</span> <span class='ocrx_word' id='word_1_107' title='bbox 960 885 1001 920; x_wconf 84' lang='lat' dir='ltr'>et</span> <span class='ocrx_word' id='word_1_108' title='bbox 1014 880 1093 919; x_wconf 89' lang='lat' dir='ltr'>hoc</span> <span class='ocrx_word' id='word_1_109' title='bbox 1113 879 1366 919; x_wconf 80' lang='lat' dir='ltr'>inritantibus</span> 
     </span>
     <span class='ocr_line' id='line_1_15' title="bbox 28 935 1368 988; baseline -0.001 -11"><span class='ocrx_word' id='word_1_110' title='bbox 28 943 29 957; x_wconf 67' lang='lat'>¹</span> <span class='ocrx_word' id='word_1_111' title='bbox 79 937 347 988; x_wconf 85' lang='lat' dir='ltr'>respondisse</span> <span class='ocrx_word' id='word_1_112' title='bbox 373 948 482 986; x_wconf 91' lang='lat' dir='ltr'>„non</span> <span class='ocrx_word' id='word_1_113' title='bbox 503 937 630 986; x_wconf 81' lang='lat' dir='ltr'>magis</span> <span class='ocrx_word' id='word_1_114' title='bbox 648 936 708 976; x_wconf 52' lang='lat' dir='ltr'>&gt;illi</span> <span class='ocrx_word' id='word_1_115' title='bbox 730 947 776 976; x_wconf 89' lang='lat' dir='ltr'>se</span> <span class='ocrx_word' id='word_1_116' title='bbox 796 946 1040 976; x_wconf 88' lang='lat' dir='ltr'>succensere</span> <span class='ocrx_word' id='word_1_117' title='bbox 1069 947 1192 985; x_wconf 88' lang='lat' dir='ltr'>quam</span> <span class='ocrx_word' id='word_1_118' title='bbox 1211 935 1247 974; x_wconf 91' lang='lat' dir='ltr'>si</span> <span class='ocrx_word' id='word_1_119' title='bbox 1275 935 1368 985; x_wconf 90' lang='lat' dir='ltr'>quis</span> 
     </span>
     <span class='ocr_line' id='line_1_16' title="bbox 80 992 826 1044; baseline -0.005 -10"><span class='ocrx_word' id='word_1_120' title='bbox 80 995 265 1044; x_wconf 84' lang='lat' dir='ltr'>obligatis</span> <span class='ocrx_word' id='word_1_121' title='bbox 282 994 410 1034; x_wconf 90' lang='lat' dir='ltr'>oculis</span> <span class='ocrx_word' id='word_1_122' title='bbox 430 993 470 1032; x_wconf 91' lang='lat' dir='ltr'>in</span> <span class='ocrx_word' id='word_1_123' title='bbox 486 1004 532 1032; x_wconf 92' lang='lat' dir='ltr'>se</span> <span class='ocrx_word' id='word_1_124' title='bbox 551 992 826 1032; x_wconf 86' lang='lat' dir='ltr'>incurrisset.“</span> 
     </span>
    </p>

    <p class='ocr_par' dir='ltr' id='par_1_6' title="bbox 79 1047 1415 2389">
     <span class='ocr_line' id='line_1_17' title="bbox 159 1047 1409 1098; baseline -0.004 -9"><span class='ocrx_word' id='word_1_125' title='bbox 159 1051 244 1090; x_wconf 87' lang='grc' dir='ltr'>ΧΠ.</span> <span class='ocrx_word' id='word_1_126' title='bbox 271 1050 418 1098; x_wconf 82' lang='lat' dir='ltr'>Magna</span> <span class='ocrx_word' id='word_1_127' title='bbox 436 1059 533 1098; x_wconf 87' lang='lat' dir='ltr'>pars</span> <span class='ocrx_word' id='word_1_128' title='bbox 556 1048 743 1098; x_wconf 87' lang='lat' dir='ltr'>querelas</span> <span class='ocrx_word' id='word_1_129' title='bbox 769 1059 890 1087; x_wconf 87' lang='lat' dir='ltr'>manu</span> <span class='ocrx_word' id='word_1_130' title='bbox 909 1047 1003 1087; x_wconf 84' lang='lat' dir='ltr'>fecit</span> <span class='ocrx_word' id='word_1_131' title='bbox 1022 1051 1090 1087; x_wconf 89' lang='lat' dir='ltr'>aut</span> <span class='ocrx_word' id='word_1_132' title='bbox 1110 1047 1213 1086; x_wconf 78' lang='lat' dir='ltr'>salsa</span> <span class='ocrx_word' id='word_1_133' title='bbox 1233 1047 1368 1096; x_wconf 90' lang='lat' dir='ltr'>suspi-</span> <span class='ocrx_word' id='word_1_134' title='bbox 1387 1049 1409 1084; x_wconf 81' lang='lat'>1</span> 
     </span>
     <span class='ocr_line' id='line_1_18' title="bbox 80 1103 1368 1154; baseline -0.003 -8"><span class='ocrx_word' id='word_1_135' title='bbox 80 1107 298 1146; x_wconf 27' lang='lat' dir='ltr'>candovaut</span> <span class='ocrx_word' id='word_1_136' title='bbox 313 1106 420 1144; x_wconf 88' lang='lat' dir='ltr'>levia</span> <span class='ocrx_word' id='word_1_137' title='bbox 435 1104 708 1154; x_wconf 82' lang='lat' dir='ltr'>adgravando.</span> <span class='ocrx_word' id='word_1_138' title='bbox 739 1115 866 1154; x_wconf 88' lang='lat' dir='ltr'>saepe</span> <span class='ocrx_word' id='word_1_139' title='bbox 885 1104 938 1143; x_wconf 92' lang='lat' dir='ltr'>ad</span> <span class='ocrx_word' id='word_1_140' title='bbox 958 1114 1034 1143; x_wconf 89' lang='lat' dir='ltr'>nos</span> <span class='ocrx_word' id='word_1_141' title='bbox 1049 1103 1109 1143; x_wconf 89' lang='lat' dir='ltr'>ira</span> <span class='ocrx_word' id='word_1_142' title='bbox 1127 1103 1256 1151; x_wconf 86' lang='lat' dir='ltr'>venit,</span> <span class='ocrx_word' id='word_1_143' title='bbox 1278 1113 1368 1142; x_wconf 89' lang='lat' dir='ltr'>sae-</span> 
     </span>
     <span class='ocr_line' id='line_1_19' title="bbox 79 1159 1369 1212; baseline -0.003 -10"><span class='ocrx_word' id='word_1_144' title='bbox 79 1163 174 1212; x_wconf 85' lang='lat' dir='ltr'>pius</span> <span class='ocrx_word' id='word_1_145' title='bbox 194 1173 270 1202; x_wconf 86' lang='lat' dir='ltr'>nos</span> <span class='ocrx_word' id='word_1_146' title='bbox 291 1161 344 1200; x_wconf 92' lang='lat' dir='ltr'>ad</span> <span class='ocrx_word' id='word_1_147' title='bbox 361 1160 482 1200; x_wconf 87' lang='lat' dir='ltr'>illam.</span> <span class='ocrx_word' id='word_1_148' title='bbox 495 1195 498 1199; x_wconf 89' lang='lat'>.</span> <span class='ocrx_word' id='word_1_149' title='bbox 511 1170 617 1210; x_wconf 92' lang='lat' dir='ltr'>quae</span> <span class='ocrx_word' id='word_1_150' title='bbox 637 1171 855 1209; x_wconf 86' lang='lat' dir='ltr'>numquam</span> <span class='ocrx_word' id='word_1_151' title='bbox 876 1159 1124 1200; x_wconf 90' lang='lat' dir='ltr'>arcessenda</span> <span class='ocrx_word' id='word_1_152' title='bbox 1144 1164 1219 1199; x_wconf 92' lang='lat' dir='ltr'>est.</span> <span class='ocrx_word' id='word_1_153' title='bbox 1249 1160 1369 1199; x_wconf 86' lang='lat' dir='ltr'>etiam</span> 
     </span>
     <span class='ocr_line' id='line_1_20' title="bbox 80 1215 1413 1265; baseline -0.004 -7"><span class='ocrx_word' id='word_1_154' title='bbox 80 1229 172 1258; x_wconf 89' lang='lat' dir='ltr'>cum</span> <span class='ocrx_word' id='word_1_155' title='bbox 186 1217 336 1265; x_wconf 81' lang='lat' dir='ltr'>incidit,</span> <span class='ocrx_word' id='word_1_156' title='bbox 356 1216 556 1256; x_wconf 85' lang='lat' dir='ltr'>reiciatur.</span> <span class='ocrx_word' id='word_1_157' title='bbox 583 1216 708 1256; x_wconf 87' lang='lat' dir='ltr'>Nemo</span> <span class='ocrx_word' id='word_1_158' title='bbox 727 1217 822 1256; x_wconf 84' lang='lat' dir='ltr'>dicit</span> <span class='ocrx_word' id='word_1_159' title='bbox 835 1217 933 1255; x_wconf 77' lang='lat' dir='ltr'>sibi=</span> <span class='ocrx_word' id='word_1_160' title='bbox 953 1216 1058 1264; x_wconf 87' lang='lat' dir='ltr'>„hoc</span> <span class='ocrx_word' id='word_1_161' title='bbox 1073 1221 1240 1265; x_wconf 88' lang='lat' dir='ltr'>propter</span> <span class='ocrx_word' id='word_1_162' title='bbox 1256 1215 1368 1264; x_wconf 89' lang='lat' dir='ltr'>quod</span> <span class='ocrx_word' id='word_1_163' title='bbox 1387 1218 1413 1252; x_wconf 86' lang='lat'><em>2</em></span> 
     </span>
     <span class='ocr_line' id='line_1_21' title="bbox 79 1271 1367 1327; baseline -0.003 -13"><span class='ocrx_word' id='word_1_164' title='bbox 79 1274 246 1323; x_wconf 87' lang='lat' dir='ltr'>irascor,</span> <span class='ocrx_word' id='word_1_165' title='bbox 267 1278 337 1314; x_wconf 81' lang='lat' dir='ltr'>aut</span> <span class='ocrx_word' id='word_1_166' title='bbox 355 1274 432 1313; x_wconf 80' lang='lat' dir='ltr'>feci</span> <span class='ocrx_word' id='word_1_167' title='bbox 448 1277 516 1312; x_wconf 84' lang='lat' dir='ltr'>aut</span> <span class='ocrx_word' id='word_1_168' title='bbox 536 1272 684 1311; x_wconf 84' lang='lat' dir='ltr'>fecisse</span> <span class='ocrx_word' id='word_1_169' title='bbox 701 1273 852 1322; x_wconf 87' lang='lat' dir='ltr'>potui.“</span> <span class='ocrx_word' id='word_1_170' title='bbox 885 1283 1008 1317; x_wconf 70' lang='lat' dir='ltr'>nemu</span> <span class='ocrx_word' id='word_1_171' title='bbox 1024 1273 1196 1312; x_wconf 89' lang='lat' dir='ltr'>animum</span> <span class='ocrx_word' id='word_1_172' title='bbox 1217 1271 1367 1327; x_wconf 75' lang='lat' dir='ltr'>¹facien-</span> 
     </span>
     <span class='ocr_line' id='line_1_22' title="bbox 79 1328 1370 1380; baseline -0.002 -10"><span class='ocrx_word' id='word_1_173' title='bbox 79 1331 150 1379; x_wconf 89' lang='lat' dir='ltr'>tis,</span> <span class='ocrx_word' id='word_1_174' title='bbox 179 1329 407 1380; x_wconf 78' lang='lat' dir='ltr'>sed-ipsum</span> <span class='ocrx_word' id='word_1_175' title='bbox 426 1329 609 1368; x_wconf 89' lang='lat' dir='ltr'>aestimat</span> <span class='ocrx_word' id='word_1_176' title='bbox 627 1329 795 1368; x_wconf 82' lang='lat' dir='ltr'>factum:</span> <span class='ocrx_word' id='word_1_177' title='bbox 825 1329 936 1378; x_wconf 88' lang='lat' dir='ltr'>atqui</span> <span class='ocrx_word' id='word_1_178' title='bbox 955 1328 1022 1368; x_wconf 91' lang='lat' dir='ltr'>ille</span> <span class='ocrx_word' id='word_1_179' title='bbox 1048 1328 1265 1368; x_wconf 85' lang='lat' dir='ltr'>intuendus</span> <span class='ocrx_word' id='word_1_180' title='bbox 1292 1333 1370 1377; x_wconf 86' lang='lat' dir='ltr'>est,</span> 
     </span>
     <span class='ocr_line' id='line_1_23' title="bbox 80 1383 1369 1434; baseline -0.002 -8"><span class='ocrx_word' id='word_1_181' title='bbox 80 1387 252 1429; x_wconf 84' lang='lat' dir='ltr'>voluerit</span> <span class='ocrx_word' id='word_1_182' title='bbox 277 1398 328 1426; x_wconf 89' lang='lat' dir='ltr'>an</span> <span class='ocrx_word' id='word_1_183' title='bbox 360 1385 562 1432; x_wconf 83' lang='lat' dir='ltr'>inciderit,</span> <span class='ocrx_word' id='word_1_184' title='bbox 603 1389 768 1424; x_wconf 87' lang='lat' dir='ltr'>coactus</span> <span class='ocrx_word' id='word_1_185' title='bbox 807 1386 860 1424; x_wconf 91' lang='lat' dir='ltr'>sit</span> <span class='ocrx_word' id='word_1_186' title='bbox 887 1396 938 1423; x_wconf 89' lang='lat' dir='ltr'>an</span> <span class='ocrx_word' id='word_1_187' title='bbox 969 1385 1185 1434; x_wconf 88' lang='lat' dir='ltr'>deceptus,</span> <span class='ocrx_word' id='word_1_188' title='bbox 1230 1383 1369 1423; x_wconf 87' lang='lat' dir='ltr'>odium</span> 
     </span>
     <span class='ocr_line' id='line_1_24' title="bbox 84 1441 1368 1491; baseline -0.003 -8"><span class='ocrx_word' id='word_1_189' title='bbox 84 1447 250 1483; x_wconf 82' lang='lat' dir='ltr'>secutus</span> <span class='ocrx_word' id='word_1_190' title='bbox 270 1442 322 1482; x_wconf 84' lang='lat' dir='ltr'>sit</span> <span class='ocrx_word' id='word_1_191' title='bbox 339 1453 390 1481; x_wconf 89' lang='lat' dir='ltr'>an</span> <span class='ocrx_word' id='word_1_192' title='bbox 410 1442 644 1491; x_wconf 89' lang='lat' dir='ltr'>praemium,</span> <span class='ocrx_word' id='word_1_193' title='bbox 675 1441 751 1480; x_wconf 88' lang='lat' dir='ltr'>sibi</span> <span class='ocrx_word' id='word_1_194' title='bbox 770 1452 923 1480; x_wconf 87' lang='lat' dir='ltr'>morem</span> <span class='ocrx_word' id='word_1_195' title='bbox 942 1441 1116 1490; x_wconf 81' lang='lat' dir='ltr'>gesserit</span> <span class='ocrx_word' id='word_1_196' title='bbox 1136 1451 1186 1479; x_wconf 92' lang='lat' dir='ltr'>an</span> <span class='ocrx_word' id='word_1_197' title='bbox 1205 1451 1368 1479; x_wconf 85' lang='lat' dir='ltr'>manum</span> 
     </span>
     <span class='ocr_line' id='line_1_25' title="bbox 84 1495 1369 1546; baseline -0.002 -9"><span class='ocrx_word' id='word_1_198' title='bbox 84 1496 536 1539; x_wconf 80' lang='lat' dir='ltr'>alteri-commodaverit.</span> <span class='ocrx_word' id='word_1_199' title='bbox 567 1495 718 1546; x_wconf 89' lang='lat' dir='ltr'>aliquid</span> <span class='ocrx_word' id='word_1_200' title='bbox 734 1503 846 1537; x_wconf 85' lang='lat' dir='ltr'>aetas</span> <span class='ocrx_word' id='word_1_201' title='bbox 862 1497 1068 1546; x_wconf 86' lang='lat' dir='ltr'>peccantis</span> <span class='ocrx_word' id='word_1_202' title='bbox 1085 1497 1191 1545; x_wconf 84' lang='lat' dir='ltr'>facit,</span> <span class='ocrx_word' id='word_1_203' title='bbox 1213 1495 1369 1545; x_wconf 89' lang='lat' dir='ltr'>aliquid</span> 
     </span>
     <span class='ocr_line' id='line_1_26' title="bbox 84 1552 1368 1602; baseline -0.002 -10"><span class='ocrx_word' id='word_1_204' title='bbox 84 1555 263 1602; x_wconf 80' lang='lat' dir='ltr'>fortuna,</span> <span class='ocrx_word' id='word_1_205' title='bbox 289 1559 334 1593; x_wconf 88' lang='lat' dir='ltr'>ut</span> <span class='ocrx_word' id='word_1_206' title='bbox 361 1554 465 1593; x_wconf 72' lang='lat' dir='ltr'>ferre</span> <span class='ocrx_word' id='word_1_207' title='bbox 493 1558 561 1593; x_wconf 83' lang='lat' dir='ltr'>aut</span> <span class='ocrx_word' id='word_1_208' title='bbox 588 1553 672 1602; x_wconf 88' lang='lat' dir='ltr'>pati</span> <span class='ocrx_word' id='word_1_209' title='bbox 699 1558 768 1593; x_wconf 87' lang='lat' dir='ltr'>aut</span> <span class='ocrx_word' id='word_1_210' title='bbox 793 1553 1010 1592; x_wconf 88' lang='lat' dir='ltr'>humanum</span> <span class='ocrx_word' id='word_1_211' title='bbox 1039 1553 1091 1592; x_wconf 87' lang='lat' dir='ltr'>sit</span> <span class='ocrx_word' id='word_1_212' title='bbox 1118 1558 1187 1592; x_wconf 86' lang='lat' dir='ltr'>aut</span> <span class='ocrx_word' id='word_1_213' title='bbox 1205 1552 1368 1592; x_wconf 88' lang='lat' dir='ltr'>humile.</span> 
     </span>
     <span class='ocr_line' id='line_1_27' title="bbox 82 1606 1413 1658; baseline -0.005 -8"><span class='ocrx_word' id='word_1_214' title='bbox 82 1610 246 1650; x_wconf 72' lang='lat' dir='ltr'>Eonos</span> <span class='ocrx_word' id='word_1_215' title='bbox 274 1610 364 1649; x_wconf 84' lang='lat' dir='ltr'>loco</span> <span class='ocrx_word' id='word_1_216' title='bbox 393 1609 703 1658; x_wconf 87' lang='lat' dir='ltr'>constituamus,</span> <span class='ocrx_word' id='word_1_217' title='bbox 744 1621 824 1658; x_wconf 91' lang='lat' dir='ltr'>quo</span> <span class='ocrx_word' id='word_1_218' title='bbox 852 1609 918 1653; x_wconf 90' lang='lat' dir='ltr'>ille</span> <span class='ocrx_word' id='word_1_219' title='bbox 946 1614 1008 1649; x_wconf 85' lang='lat' dir='ltr'>est</span> <span class='ocrx_word' id='word_1_220' title='bbox 1041 1609 1106 1648; x_wconf 87' lang='lat' dir='ltr'>eui</span> <span class='ocrx_word' id='word_1_221' title='bbox 1137 1608 1370 1648; x_wconf 78' lang='lat' dir='ltr'>irascimur:</span> <span class='ocrx_word' id='word_1_222' title='bbox 1387 1606 1413 1641; x_wconf 77' lang='grc'>3</span> 
     </span>
     <span class='ocr_line' id='line_1_28' title="bbox 83 1665 1369 1715; baseline -0.002 -10"><span class='ocrx_word' id='word_1_223' title='bbox 83 1676 192 1705; x_wconf 89' lang='lat' dir='ltr'>nunc</span> <span class='ocrx_word' id='word_1_224' title='bbox 210 1666 399 1709; x_wconf 27' lang='lat' dir='ltr'>facit-nos</span> <span class='ocrx_word' id='word_1_225' title='bbox 418 1665 634 1708; x_wconf 81' lang='lat' dir='ltr'>iracundos</span> <span class='ocrx_word' id='word_1_226' title='bbox 654 1665 792 1715; x_wconf 83' lang='lat' dir='ltr'>iniqua</span> <span class='ocrx_word' id='word_1_227' title='bbox 812 1666 939 1705; x_wconf 88' lang='lat' dir='ltr'>nostri</span> <span class='ocrx_word' id='word_1_228' title='bbox 958 1665 1183 1704; x_wconf 84' lang='lat' dir='ltr'>aestimatio</span> <span class='ocrx_word' id='word_1_229' title='bbox 1205 1670 1243 1704; x_wconf 88' lang='lat' dir='ltr'>et</span> <span class='ocrx_word' id='word_1_230' title='bbox 1263 1675 1369 1714; x_wconf 90' lang='lat' dir='ltr'>quae</span> 
     </span>
     <span class='ocr_line' id='line_1_29' title="bbox 84 1721 1415 1770; baseline -0.001 -9"><span class='ocrx_word' id='word_1_231' title='bbox 84 1724 219 1761; x_wconf 83' lang='lat' dir='ltr'>facere</span> <span class='ocrx_word' id='word_1_232' title='bbox 239 1722 444 1769; x_wconf 81' lang='lat' dir='ltr'>veliemuS,</span> <span class='ocrx_word' id='word_1_233' title='bbox 472 1721 552 1769; x_wconf 88' lang='lat' dir='ltr'>pati</span> <span class='ocrx_word' id='word_1_234' title='bbox 579 1721 780 1761; x_wconf 81' lang='lat' dir='ltr'>nolumus.</span> <span class='ocrx_word' id='word_1_235' title='bbox 844 1722 970 1761; x_wconf 89' lang='lat' dir='ltr'>Nemo</span> <span class='ocrx_word' id='word_1_236' title='bbox 999 1732 1045 1760; x_wconf 92' lang='lat' dir='ltr'>se</span> <span class='ocrx_word' id='word_1_237' title='bbox 1077 1721 1229 1760; x_wconf 83' lang='lat' dir='ltr'>differt:</span> <span class='ocrx_word' id='word_1_238' title='bbox 1257 1721 1367 1770; x_wconf 90' lang='lat' dir='ltr'>atqui</span> <span class='ocrx_word' id='word_1_239' title='bbox 1389 1726 1415 1760; x_wconf 83' lang='lat'>4</span> 
     </span>
     <span class='ocr_line' id='line_1_30' title="bbox 83 1777 1371 1827; baseline -0.002 -9"><span class='ocrx_word' id='word_1_240' title='bbox 83 1778 299 1818; x_wconf 89' lang='lat' dir='ltr'>maximum</span> <span class='ocrx_word' id='word_1_241' title='bbox 313 1777 533 1816; x_wconf 87' lang='lat' dir='ltr'>remedium</span> <span class='ocrx_word' id='word_1_242' title='bbox 548 1777 631 1815; x_wconf 91' lang='lat' dir='ltr'>irae</span> <span class='ocrx_word' id='word_1_243' title='bbox 646 1777 781 1817; x_wconf 87' lang='lat' dir='ltr'>dilatio</span> <span class='ocrx_word' id='word_1_244' title='bbox 801 1782 882 1827; x_wconf 87' lang='lat' dir='ltr'>est,</span> <span class='ocrx_word' id='word_1_245' title='bbox 901 1782 945 1817; x_wconf 90' lang='lat' dir='ltr'>ut</span> <span class='ocrx_word' id='word_1_246' title='bbox 958 1779 1112 1827; x_wconf 88' lang='lat' dir='ltr'>primus</span> <span class='ocrx_word' id='word_1_247' title='bbox 1129 1777 1216 1816; x_wconf 90' lang='lat' dir='ltr'>eius</span> <span class='ocrx_word' id='word_1_248' title='bbox 1236 1777 1371 1816; x_wconf 83' lang='lat' dir='ltr'>fervor</span> 
     </span>
     <span class='ocr_line' id='line_1_31' title="bbox 85 1833 1372 1883; baseline -0.002 -9"><span class='ocrx_word' id='word_1_249' title='bbox 85 1834 368 1883; x_wconf 82' lang='lat' dir='ltr'>relanguescat</span> <span class='ocrx_word' id='word_1_250' title='bbox 390 1838 430 1872; x_wconf 86' lang='lat' dir='ltr'>et</span> <span class='ocrx_word' id='word_1_251' title='bbox 450 1833 579 1881; x_wconf 86' lang='lat' dir='ltr'>caligo</span> <span class='ocrx_word' id='word_1_252' title='bbox 601 1843 705 1880; x_wconf 91' lang='lat' dir='ltr'>quae</span> <span class='ocrx_word' id='word_1_253' title='bbox 734 1833 878 1882; x_wconf 90' lang='lat' dir='ltr'>premit</span> <span class='ocrx_word' id='word_1_254' title='bbox 904 1838 1095 1881; x_wconf 85' lang='lat' dir='ltr'>mentem,</span> <span class='ocrx_word' id='word_1_255' title='bbox 1124 1838 1192 1872; x_wconf 87' lang='lat' dir='ltr'>aut</span> <span class='ocrx_word' id='word_1_256' title='bbox 1218 1833 1372 1872; x_wconf 88' lang='lat' dir='ltr'>residat</span> 
     </span>
     <span class='ocr_line' id='line_1_32' title="bbox 85 1888 1372 1939; baseline -0.002 -9"><span class='ocrx_word' id='word_1_257' title='bbox 85 1895 154 1931; x_wconf 88' lang='lat' dir='ltr'>aut</span> <span class='ocrx_word' id='word_1_258' title='bbox 171 1890 302 1929; x_wconf 89' lang='lat' dir='ltr'>minus</span> <span class='ocrx_word' id='word_1_259' title='bbox 321 1890 453 1929; x_wconf 85' lang='lat' dir='ltr'>densa</span> <span class='ocrx_word' id='word_1_260' title='bbox 475 1889 539 1927; x_wconf 83' lang='lat' dir='ltr'>sit.</span> <span class='ocrx_word' id='word_1_261' title='bbox 568 1889 766 1938; x_wconf 86' lang='lat' dir='ltr'>quaedam</span> <span class='ocrx_word' id='word_1_262' title='bbox 782 1900 834 1929; x_wconf 86' lang='lat' dir='ltr'>ex</span> <span class='ocrx_word' id='word_1_263' title='bbox 847 1890 909 1928; x_wconf 88' lang='lat' dir='ltr'>his</span> <span class='ocrx_word' id='word_1_264' title='bbox 927 1900 1032 1939; x_wconf 93' lang='lat' dir='ltr'>quae</span> <span class='ocrx_word' id='word_1_265' title='bbox 1052 1894 1091 1929; x_wconf 84' lang='lat' dir='ltr'>te</span> <span class='ocrx_word' id='word_1_266' title='bbox 1111 1888 1372 1938; x_wconf 88' lang='lat' dir='ltr'>praecipitem</span> 
     </span>
     <span class='ocr_line' id='line_1_33' title="bbox 86 1945 1370 1995; baseline -0.002 -9"><span class='ocrx_word' id='word_1_267' title='bbox 86 1946 277 1995; x_wconf 80' lang='lat' dir='ltr'>ferebant,</span> <span class='ocrx_word' id='word_1_268' title='bbox 297 1945 415 1993; x_wconf 92' lang='lat' dir='ltr'>hora,</span> <span class='ocrx_word' id='word_1_269' title='bbox 444 1955 524 1983; x_wconf 91' lang='lat' dir='ltr'>non</span> <span class='ocrx_word' id='word_1_270' title='bbox 544 1949 695 1984; x_wconf 83' lang='lat' dir='ltr'>tantum</span> <span class='ocrx_word' id='word_1_271' title='bbox 710 1945 797 1984; x_wconf 90' lang='lat' dir='ltr'>dies</span> <span class='ocrx_word' id='word_1_272' title='bbox 813 1945 982 1993; x_wconf 83' lang='lat' dir='ltr'>molliet,</span> <span class='ocrx_word' id='word_1_273' title='bbox 1004 1945 1202 1995; x_wconf 90' lang='lat' dir='ltr'>quaedam</span> <span class='ocrx_word' id='word_1_274' title='bbox 1220 1954 1271 1982; x_wconf 90' lang='lat' dir='ltr'>ex</span> <span class='ocrx_word' id='word_1_275' title='bbox 1286 1949 1370 1984; x_wconf 86' lang='lat' dir='ltr'>toto</span> 
     </span>
     <span class='ocr_line' id='line_1_34' title="bbox 86 1999 1370 2050; baseline -0.002 -8"><span class='ocrx_word' id='word_1_276' title='bbox 86 2007 349 2042; x_wconf 85' lang='lat' dir='ltr'>evanescent:</span> <span class='ocrx_word' id='word_1_277' title='bbox 371 2000 406 2041; x_wconf 93' lang='lat' dir='ltr'>si</span> <span class='ocrx_word' id='word_1_278' title='bbox 425 2000 522 2040; x_wconf 85' lang='lat' dir='ltr'>nihil</span> <span class='ocrx_word' id='word_1_279' title='bbox 538 2001 664 2049; x_wconf 83' lang='lat' dir='ltr'>egerit</span> <span class='ocrx_word' id='word_1_280' title='bbox 680 2001 801 2049; x_wconf 83' lang='lat' dir='ltr'>petita</span> <span class='ocrx_word' id='word_1_281' title='bbox 815 2002 1041 2050; x_wconf 84' lang='lat' dir='ltr'>advocatio,</span> <span class='ocrx_word' id='word_1_282' title='bbox 1062 1999 1272 2049; x_wconf 87' lang='lat' dir='ltr'>adparebit</span> <span class='ocrx_word' id='word_1_283' title='bbox 1290 2001 1370 2039; x_wconf 90' lang='lat' dir='ltr'>iam</span> 
     </span>
     <span class='ocr_line' id='line_1_35' title="bbox 86 2056 1368 2106; baseline -0.002 -8"><span class='ocrx_word' id='word_1_284' title='bbox 86 2059 276 2098; x_wconf 90' lang='lat' dir='ltr'>iudicium</span> <span class='ocrx_word' id='word_1_285' title='bbox 295 2068 409 2106; x_wconf 92' lang='lat' dir='ltr'>esse,</span> <span class='ocrx_word' id='word_1_286' title='bbox 431 2068 510 2096; x_wconf 90' lang='lat' dir='ltr'>non</span> <span class='ocrx_word' id='word_1_287' title='bbox 532 2057 643 2095; x_wconf 87' lang='lat' dir='ltr'>iram.</span> <span class='ocrx_word' id='word_1_288' title='bbox 688 2056 885 2106; x_wconf 85' lang='lat' dir='ltr'>Quicquid</span> <span class='ocrx_word' id='word_1_289' title='bbox 906 2057 1020 2096; x_wconf 80' lang='lat' dir='ltr'>voles</span> <span class='ocrx_word' id='word_1_290' title='bbox 1042 2057 1160 2105; x_wconf 91' lang='lat' dir='ltr'>quale</span> <span class='ocrx_word' id='word_1_291' title='bbox 1180 2056 1232 2096; x_wconf 89' lang='lat' dir='ltr'>sit</span> <span class='ocrx_word' id='word_1_292' title='bbox 1250 2056 1368 2105; x_wconf 88' lang='lat' dir='ltr'>seire,</span> 
     </span>
     <span class='ocr_line' id='line_1_36' title="bbox 84 2112 1411 2164; baseline -0.002 -10"><span class='ocrx_word' id='word_1_293' title='bbox 84 2116 257 2164; x_wconf 83' lang='lat' dir='ltr'>tempori</span> <span class='ocrx_word' id='word_1_294' title='bbox 282 2114 408 2153; x_wconf 82' lang='lat' dir='ltr'>trade.</span> <span class='ocrx_word' id='word_1_295' title='bbox 459 2113 556 2151; x_wconf 85' lang='lat' dir='ltr'>nihil</span> <span class='ocrx_word' id='word_1_296' title='bbox 584 2113 792 2161; x_wconf 83' lang='lat' dir='ltr'>diligenter</span> <span class='ocrx_word' id='word_1_297' title='bbox 819 2113 859 2152; x_wconf 90' lang='lat' dir='ltr'>in</span> <span class='ocrx_word' id='word_1_298' title='bbox 886 2112 1012 2152; x_wconf 86' lang='lat' dir='ltr'>fluctu</span> <span class='ocrx_word' id='word_1_299' title='bbox 1039 2112 1223 2152; x_wconf 88' lang='lat' dir='ltr'>cernitur.</span> <span class='ocrx_word' id='word_1_300' title='bbox 1279 2113 1367 2152; x_wconf 88' lang='lat' dir='ltr'>Non</span> <span class='ocrx_word' id='word_1_301' title='bbox 1387 2123 1411 2156; x_wconf 80' lang='lat'>5</span> 
     </span>
     <span class='ocr_line' id='line_1_37' title="bbox 85 2167 1370 2221; baseline -0.001 -11"><span class='ocrx_word' id='word_1_302' title='bbox 85 2171 216 2221; x_wconf 83' lang='lat' dir='ltr'>potuit</span> <span class='ocrx_word' id='word_1_303' title='bbox 233 2171 433 2219; x_wconf 88' lang='lat' dir='ltr'>inpetrare</span> <span class='ocrx_word' id='word_1_304' title='bbox 453 2180 477 2208; x_wconf 91' lang='lat' dir='ltr'>a</span> <span class='ocrx_word' id='word_1_305' title='bbox 499 2179 545 2208; x_wconf 91' lang='lat' dir='ltr'>se</span> <span class='ocrx_word' id='word_1_306' title='bbox 559 2168 669 2208; x_wconf 90' lang='lat' dir='ltr'>Plato</span> <span class='ocrx_word' id='word_1_307' title='bbox 686 2173 855 2218; x_wconf 90' lang='lat' dir='ltr'>tempus,</span> <span class='ocrx_word' id='word_1_308' title='bbox 878 2180 968 2208; x_wconf 87' lang='lat' dir='ltr'>cum</span> <span class='ocrx_word' id='word_1_309' title='bbox 987 2179 1107 2208; x_wconf 90' lang='lat' dir='ltr'>servo</span> <span class='ocrx_word' id='word_1_310' title='bbox 1127 2179 1201 2208; x_wconf 92' lang='lat' dir='ltr'>suo</span> <span class='ocrx_word' id='word_1_311' title='bbox 1221 2167 1370 2209; x_wconf 74' lang='lat' dir='ltr'>irasce-</span> 
     </span>
     <span class='ocr_line' id='line_1_38' title="bbox 85 2223 1371 2275; baseline 0 -10"><span class='ocrx_word' id='word_1_312' title='bbox 85 2231 214 2275; x_wconf 86' lang='lat' dir='ltr'>retur,</span> <span class='ocrx_word' id='word_1_313' title='bbox 243 2226 317 2266; x_wconf 92' lang='lat' dir='ltr'>sed</span> <span class='ocrx_word' id='word_1_314' title='bbox 335 2235 487 2275; x_wconf 91' lang='lat' dir='ltr'>ponere</span> <span class='ocrx_word' id='word_1_315' title='bbox 506 2225 615 2264; x_wconf 88' lang='lat' dir='ltr'>illum</span> <span class='ocrx_word' id='word_1_316' title='bbox 636 2223 767 2263; x_wconf 87' lang='lat' dir='ltr'>statim</span> <span class='ocrx_word' id='word_1_317' title='bbox 795 2225 971 2264; x_wconf 80' lang='lat' dir='ltr'>tunicam</span> <span class='ocrx_word' id='word_1_318' title='bbox 997 2230 1037 2264; x_wconf 86' lang='lat' dir='ltr'>et</span> <span class='ocrx_word' id='word_1_319' title='bbox 1063 2225 1257 2274; x_wconf 90' lang='lat' dir='ltr'>praebere</span> <span class='ocrx_word' id='word_1_320' title='bbox 1281 2236 1371 2265; x_wconf 88' lang='lat' dir='ltr'>sca-</span> 
     </span>
     <span class='ocr_line' id='line_1_39' title="bbox 89 2280 1369 2332; baseline -0.001 -9"><span class='ocrx_word' id='word_1_321' title='bbox 89 2283 206 2332; x_wconf 87' lang='lat' dir='ltr'>pulas</span> <span class='ocrx_word' id='word_1_322' title='bbox 234 2282 470 2321; x_wconf 87' lang='lat' dir='ltr'>verberibus</span> <span class='ocrx_word' id='word_1_323' title='bbox 497 2281 614 2321; x_wconf 85' lang='lat' dir='ltr'>iussit</span> <span class='ocrx_word' id='word_1_324' title='bbox 642 2291 716 2320; x_wconf 91' lang='lat' dir='ltr'>sua</span> <span class='ocrx_word' id='word_1_325' title='bbox 743 2291 865 2319; x_wconf 88' lang='lat' dir='ltr'>manu</span> <span class='ocrx_word' id='word_1_326' title='bbox 887 2280 976 2330; x_wconf 88' lang='lat' dir='ltr'>ipse</span> <span class='ocrx_word' id='word_1_327' title='bbox 1004 2290 1212 2321; x_wconf 88' lang='lat' dir='ltr'>caesurus.</span> <span class='ocrx_word' id='word_1_328' title='bbox 1258 2286 1369 2330; x_wconf 87' lang='lat' dir='ltr'>post·</span> 
     </span>
     <span class='ocr_line' id='line_1_40' title="bbox 91 2336 1370 2389; baseline -0.002 -10"><span class='ocrx_word' id='word_1_329' title='bbox 91 2349 212 2389; x_wconf 80' lang='lat' dir='ltr'>quam</span> <span class='ocrx_word' id='word_1_330' title='bbox 229 2338 422 2379; x_wconf 87' lang='lat' dir='ltr'>intellexit</span> <span class='ocrx_word' id='word_1_331' title='bbox 437 2337 558 2378; x_wconf 87' lang='lat' dir='ltr'>irasci</span> <span class='ocrx_word' id='word_1_332' title='bbox 578 2348 635 2387; x_wconf 89' lang='lat' dir='ltr'>se,</span> <span class='ocrx_word' id='word_1_333' title='bbox 657 2336 760 2377; x_wconf 86' lang='lat' dir='ltr'>sicut</span> <span class='ocrx_word' id='word_1_334' title='bbox 784 2338 1000 2378; x_wconf 80' lang='lat' dir='ltr'>sustulerat</span> <span class='ocrx_word' id='word_1_335' title='bbox 1017 2347 1176 2378; x_wconf 86' lang='lat' dir='ltr'>manum</span> <span class='ocrx_word' id='word_1_336' title='bbox 1196 2348 1370 2388; x_wconf 86' lang='lat' dir='ltr'>suspen-</span> 
     </span>
    </p>
   </div>
  </div>
 </body>
</html>
