1592 2580
272 115 458 156 NATUR.
479 114 693 164 QUAEST.
722 114 882 155 LlB.II.
914 119 1083 156 18—24.
1243 113 1322 156 193

41 231 126 261 rem
143 219 274 270 ignem
293 229 387 258 esse
408 222 565 257 constat
581 222 620 256 et
637 222 846 266 utramque
865 227 949 256 rem
967 218 1138 257 meando
1156 218 1258 257 inter
1276 228 1323 257 se

43 277 204 316 distare.
233 275 444 324 Fulguratio
464 274 568 312 enim
589 278 651 312 est
670 284 750 312 non
772 274 964 322 perlatum
983 283 1115 322 usque
1134 272 1174 312 in
1194 279 1321 314 terras

42 333 206 372 fulmen.
234 328 280 370 'et
307 341 450 370 rursus
477 329 569 368 licet
592 330 706 368 dicas
736 329 881 367 fulmen
902 339 995 367 esse
1016 329 1322 378 fulg-arationem

41 395 176 438 usqua
194 386 239 426 in
263 391 394 426 terras
421 386 669 435 perductam.
715 385 802 424 Non
829 385 883 423 ad
909 386 1178 424 exercendum
1200 386 1361 427 verba4

42 442 191 484 diutius
216 439 296 482 hoc
322 442 429 480 idem
455 445 674 490 pertracto,
702 442 776 480 sed
802 444 845 479 ut
872 445 1041 489 cognata
1069 451 1164 480 esse
1190 442 1268 480 ista
1286 447 1325 481 et

42 499 224 538 eiusdem
249 503 370 537 notae
396 508 444 536 ac
471 502 637 536 naturae
666 497 853 546 probem:
880 496 1092 545 fulguratio
1113 502 1175 536 est
1193 508 1325 546 paene

41 555 202 593 fulmen.
242 559 443 594 vertamus
470 553 600 592 istud:
627 553 775 592 fulmen
796 558 858 592 εει
879 554 970 602 plus
991 552 1182 603 quiddam
1204 564 1324 602 quam

42 609 269 659 fulguratio.

122 666 242 704 XXII.
274 665 516 714 Quoniam
544 669 748 703 constat
770 668 1037 714 utramque
1064 674 1163 703 rem
1186 664 1323 713 igne·
1342 674 1361 707 l

42 732 114 760 am
142 732 277 767 esse,
307 722 572 760 videamus
602 721 1016 768 quemadmodum
1045 720 1177 769 ignis
1206 720 1325 760 fieri

15 786 20 790 ’
43 778 209 816 soleat
237 777 370 826 apud
397 788 501 816 nos.
533 775 705 814 eadem
735 776 860 814 enim
879 776 1082 814 ratione
1102 780 1150 814 et
1170 787 1326 825 supra

42 834 60 871 f
67 833 157 872 iet:
195 833 355 872 duobus
382 832 532 871 modis:
570 842 672 879 uno,
701 831 736 870 si
758 832 951 870 excitatur
980 831 1083 870 sicut
1110 841 1162 870 ex
1190 832 1325 880 lapide

0 905 4 938 l
44 892 296 937 [percusso]‚
332 888 478 934 altero,
515 886 551 926 si
575 887 721 926 adtritu
747 887 965 935 invenitur,
996 887 1100 926 sicut
1126 897 1216 926 curn
1244 888 1324 927 duo

0 971 3 996 f
42 944 149 993 ligna
176 945 276 983 inter
303 954 348 983 se
369 944 517 982 diutius
539 943 652 981 fricta
670 947 774 981 sunt.
805 954 886 982 non
907 942 1036 982 omnis
1056 943 1134 982 hoc
1152 942 1220 981 tibi
1242 953 1323 982 ma-

0 1003 2 1038 l
41 999 142 1038 teria
162 1000 395 1049 praestabit,
427 1000 500 1038 sed
519 999 666 1037 idonea
685 998 892 1037 eliciendis
912 999 1092 1047 ignibus,
1116 998 1221 1038 sicut
1240 1000 1324 1038 lau-

41 1055 132 1104 rus,
160 1056 333 1094 hederae
354 1060 394 1094 et
411 1054 489 1094 alia
507 1055 545 1092 in
567 1054 673 1092 hunc
691 1065 810 1092 usum
833 1058 927 1093 nota
947 1055 1189 1103 pastoribus.
1234 1054 1323 1094 Pot-
1340 1064 1362 1098 2

42 1115 106 1150 est
130 1111 248 1160 igitur
272 1111 378 1157 fieri,
406 1116 449 1149 ut
471 1110 600 1148 nubes
620 1119 784 1158 quoque
802 1110 937 1158 ignem
954 1110 1097 1148 eodem
1118 1110 1239 1149 modo
1259 1112 1324 1149 vel

41 1177 262 1216 percussae
282 1167 452 1205 reddant
470 1166 535 1204 vel
554 1165 733 1204 adtritae.
777 1165 1018 1213 Videamus,
1051 1166 1209 1215 quantis
1230 1176 1324 1215 pro-

42 1222 166 1261 cellae
194 1221 342 1260 viribus
369 1226 504 1269 ruant,
543 1226 692 1270 quanto
720 1224 926 1260 vertantur
958 1221 1096 1270 inpetu
1128 1222 1322 1261 turbines.

42 1278 84 1316 id
105 1278 215 1327 quod
233 1278 395 1317 obvium
416 1278 506 1323 fuit,
533 1276 752 1326 dissipatur
766 1281 806 1316 et
823 1277 976 1326 rapitur
996 1282 1035 1316 et
1053 1278 1172 1326 longe
1194 1288 1218 1316 a
1232 1278 1322 1317 loco

43 1344 118 1373 suo
150 1333 352 1383 proicitur.
401 1333 503 1381 Quid
526 1343 623 1381 ergo
647 1332 807 1380 mirum,
836 1333 870 1371 si
891 1337 999 1372 tanta
1017 1333 1080 1371 vis
1103 1333 1236 1381 ignem
1256 1343 1324 1371 ex·
1338 1337 1360 1372 3

43 1390 138 1428 cutit
158 1390 222 1428 vel
239 1389 398 1427 aliunde
419 1389 482 1428 vel
503 1388 577 1427 sibi
594 1392 614 1426 ’ἑ
640 1388 755 1426 vides
772 1388 896 1436 enim,
918 1393 1107 1437 quantum
1124 1389 1323 1428 fervorem

42 1454 214 1484 sensura
237 1450 329 1483 sunt
354 1451 526 1493 corpora
551 1443 695 1482 horum
720 1443 888 1482 transitu
906 1444 1014 1490 trita,
1045 1455 1121 1483 non
1140 1444 1218 1483 hoc
1237 1449 1324 1483 tan-

43 1506 126 1540 tum
153 1501 191 1538 in
218 1499 280 1538 his
309 1499 456 1538 debere
483 1498 593 1538 credi
620 1509 668 1537 ac
695 1499 893 1548 siderum,
923 1510 1092 1548 quorum
1118 1500 1260 1549 ingens
1281 1500 1323 1538 in

45 1557 236 1596 confesso
258 1556 434 1604 potentia
453 1559 527 1594 est.
575 1590 578 1595 .

124 1611 261 1650 XXIII.
294 1610 376 1650 Sed
403 1611 576 1650 sortasse
597 1609 725 1650 nubes
747 1621 912 1660 quoque
931 1610 970 1650 in
990 1610 1118 1650 nubes
1139 1611 1324 1650 incitatae
1339 1621 1358 1654 1

43 1668 235 1706 fremente
259 1671 379 1706 vento
407 1671 447 1706 et
473 1665 614 1705 leniter
639 1671 806 1715 urgente
825 1665 956 1715 ignem
977 1667 1221 1714 evocabant,
1254 1667 1323 1716 qui

43 1722 356 1772 exsplendescat
374 1732 448 1760 nec
471 1721 639 1760 exsiliat.
670 1723 823 1761 minore
842 1727 973 1761 autem
989 1722 1028 1760 vi
1048 1722 1099 1760 ad
1120 1723 1322 1771 fulguran-

43 1779 136 1818 dum
165 1789 270 1827 opus
293 1783 355 1817 εει
375 1788 494 1826 quam
514 1777 566 1815 ad
587 1776 887 1816 fulminandum.
937 1777 1220 1826 Superioribus
1241 1779 1320 1817 col·
1337 1787 1359 1821 2

43 1834 232 1883 legimus,
264 1834 303 1872 in
332 1838 520 1882 quantum
550 1833 747 1871 servorem
769 1833 965 1882 quaedam
989 1833 1157 1872 adsi-ieta
1176 1834 1322 1883 perdu—

44 1894 247 1929 cerentur:
279 1899 368 1928 cum
396 1894 526 1928 autem
546 1898 615 1942 aer
632 1888 831 1927 mutabilis
851 1888 891 1926 in
910 1889 1042 1937 ignem
1061 1890 1243 1928 maximis
1262 1889 1321 1928 vi-

44 1945 154 1985 ribus
176 1945 280 1994 suis,
310 1955 398 1984 cum
418 1944 458 1982 in
476 1949 637 1983 ventum
657 1954 879 1983 conversus
895 1949 956 1983 est
966 1943 983 1992 ,¹
998 1949 1198 1993 atteratur,
1216 1945 1319 1984 veri·

47 2001 173 2040 simile
192 2006 254 2040 est
272 2001 401 2049 ignem
422 1999 553 2038 excuti
574 1999 768 2038 caducum
788 2005 827 2039 et
846 2000 923 2038 cito
943 2000 1200 2046 interiturum,
1227 2000 1321 2049 quia

46 2066 125 2095 non
145 2067 197 2096 ex
216 2057 347 2096 solida
365 2055 530 2094 materia
550 2055 674 2094 oritur
691 2065 767 2094 nec
786 2055 826 2093 in
843 2066 924 2104 qua
938 2056 1068 2104 possit
1084 2056 1318 2095 consistere.

47 2112 186 2151 transit
207 2113 343 2162 itaque
371 2116 601 2160 tantumque
627 2110 746 2150 habet
774 2121 928 2159 morae,
959 2115 1149 2161 quantum
1167 2111 1318 2151 itineris

49 2171 88 2206 et
108 2175 264 2207 cursus.
292 2168 380 2206 sine
399 2167 584 2206 alimento
606 2164 807 2214 proiectus
827 2171 901 2205 est.

128 2221 265 2262 XXIV.
301 2222 557 2272 ,‚Quomodo,
596 2221 743 2270 inquit,
780 2232 868 2261 cum
897 2221 1040 2261 dicatis
1072 2221 1176 2271 ignis
1212 2222 1316 2263 hanc
1334 2230 1352 2264 1

14 2306 24 2319 ,
49 2286 142 2316 εεεε
167 2284 365 2327 naturam,
398 2283 442 2318 ut
468 2281 578 2329 petat
604 2278 831 2328 superiora,
863 2277 1008 2319 fulmen
1028 2279 1128 2329 petit
1145 2283 1316 2320 terram?

102 2346 232 2373 SENECA
255 2347 346 2374 run..
374 2337 414 2374 11.
1073 2339 1116 2375 13
