1592 2580
299 168 379 208 210
648 170 690 207 L.
718 168 907 207 ΑΝΝΑΕΙ
938 168 1162 210 SENECAE

299 269 354 306 dit
376 273 414 305 et
436 268 536 316 ignis
555 269 594 306 in
614 267 821 317 superiora
842 267 976 308 nititur
993 275 1031 309 et
1049 270 1087 308 in
1108 272 1293 310 inferiora
1313 272 1553 320 deprimitur.

256 328 277 361 3
297 323 458 369 „Quare
486 323 712 371 frequenter
740 324 944 362 cacumina
970 326 1156 364 montium
1183 327 1432 364 feriuntur‘3“
1462 329 1554 374 quia

298 377 484 425 opposita
513 383 605 416 sunt
635 378 804 416 nubibus
834 382 873 417 et
905 388 927 416 e
956 380 1068 418 coelo
1094 380 1325 419 cadentibus
1358 391 1428 429 per
1455 381 1553 420 haec

297 432 579 470 transeundum
607 438 679 470 est.

257 492 273 524 1
374 486 470 523 LlX.
491 487 697 534 Intellego,
717 487 810 535 quid
827 488 972 526 dudum
989 488 1211 535 desideres,
1230 489 1325 537 quid
1344 488 1551 537 efflagites.

296 540 464 587 ‚,Malo‚
492 542 642 589 inquis,
669 542 878 580 fulmina
902 553 996 580 non
1023 543 1197 581 timere
1224 554 1363 591 quam
1387 554 1551 582 nosse.

295 596 427 642 itaque
447 596 546 634 alios
569 596 688 642 doce,
710 597 1039 644 quemadmodum
1060 598 1172 635 fiant:
1203 608 1276 645 ego
1297 597 1389 635 mihi
1410 603 1550 636 metum

253 655 274 688 2
293 649 446 687 iliorum
463 651 592 688 excuti
608 651 720 698 volo,
738 661 815 689 non
831 655 1006 689 naturam
1022 652 1226 690 indicari.“
1247 651 1273 690 S
1285 662 1306 689 e
1318 663 1445 699 quar.
1458 665 1517 700 qu
1529 664 1551 691 0

295 714 351 741 vo
364 715 416 741 ca
427 714 466 742 s:
486 705 669 743 omnibus
686 705 788 743 enim
802 706 921 744 rebus
935 706 1201 754 omnibusque
1212 705 1468 745 sermonibus
1484 707 1551 744 ali-

294 758 386 806 quid
408 759 580 797 salutare
600 759 845 798 miscendum
865 764 937 798 est.
970 760 1062 798 Cum
1090 761 1191 798 imus
1220 770 1290 808 per
1310 761 1464 798 occulta
1484 771 1550 799 na-

292 818 419 858 turae,
441 823 528 850 cum
546 813 679 852 divina
697 818 928 860 tractamus,
948 815 1209 853 vindicandus
1225 820 1287 853 est
1301 826 1323 852 a
1339 816 1451 853 maiis
1469 815 1551 854 suis

292 867 447 906 animus
466 879 512 906 ac
530 868 697 907 subinde
711 869 948 916 firmandus,
970 870 1078 916 quod
1101 870 1216 907 etiam
1237 869 1398 907 eruditis
1420 874 1458 907 et
1475 869 1552 908 hoc

291 933 408 960 unum
431 922 637 970 agentibus
657 923 926 961 necessarium
946 928 1025 970 est,
1047 934 1123 961 non
1145 928 1187 961 ut
1202 923 1435 972 effugiamus
1451 924 1551 962 ictus

291 987 440 1023 rerum,
463 978 639 1025 undique
659 978 760 1015 enim
776 979 853 1016 tela
866 979 903 1015 in
921 989 995 1017 nos
1016 977 1228 1025 iaciuntur,
1252 978 1322 1016 sed
1342 983 1385 1016 ut
1403 979 1552 1017 fortiter

249 1041 270 1074 3
290 1036 328 1069 et
342 1036 568 1070 constanter
585 1032 786 1080 patiamur.
808 1032 945 1070 invicti
957 1043 1049 1071 esse
1065 1043 1301 1080 possumus,
1324 1032 1550 1071 inconcussi

290 1096 367 1124 non
385 1096 622 1134 possumus,
645 1097 884 1134 quamquam
899 1087 1052 1125 interim
1076 1098 1172 1134 spes
1197 1087 1321 1132 subit,
1343 1087 1549 1126 inconcus—

290 1151 359 1178 sos
386 1150 548 1188 quoque
571 1151 662 1179 esse
686 1151 760 1179 nos
780 1152 917 1188 posse.
947 1142 1379 1188 „Quemadmodumw
1404 1142 1549 1190 inquis.

289 1195 501 1233 Contemne
537 1200 721 1234 mortem:
764 1201 802 1234 et
823 1195 972 1240 omnia,
1010 1206 1112 1242 quae
1133 1196 1180 1233 ad
1205 1201 1368 1234 mortem
1389 1195 1547 1242 ducunt,

289 1253 512 1297 contempta
529 1254 638 1296 sunt,
664 1249 749 1288 sive
771 1250 871 1288 bella
888 1254 979 1288 sunt
995 1260 1067 1288 seu
1082 1251 1286 1297 naufragia
1303 1260 1374 1288 seu
1391 1261 1549 1289 morsus

286 1303 456 1341 ferarum
489 1313 561 1342 seu
594 1303 795 1342 ruinarum
823 1304 952 1342 subito
980 1305 1096 1352 lapsu
1130 1304 1417 1351 procidentium
1452 1316 1548 1353 pon—

250 1363 272 1396 4
289 1357 395 1395 dera.
424 1357 622 1405 Numquid
643 1359 812 1406 amplius
833 1360 963 1396 facere
990 1364 1176 1406 possunt,
1199 1369 1316 1405 quam
1335 1364 1377 1396 ut
1396 1369 1545 1406 corpus

287 1412 336 1450 ab
366 1411 496 1450 animo
518 1413 766 1450 resolvatur?
802 1413 879 1450 hoc
910 1413 1017 1451 nulla
1044 1412 1243 1460 diligentia
1272 1414 1409 1459 evitat,
1443 1415 1548 1451 nulla

289 1467 454 1505 felicitas
476 1467 616 1514 donat,
632 1468 738 1505 nulla
758 1467 933 1515 potentia
949 1467 1105 1505 evIncit.
1133 1467 1224 1505 talia
1241 1467 1350 1504 varia
1371 1468 1451 1506 fors
1463 1469 1545 1506 libe·—

287 1521 377 1558 dine
406 1520 600 1569 disponit:
626 1532 735 1560 mors
764 1532 902 1560 omnes
922 1532 1050 1569 aeque
1071 1526 1196 1559 vocat.
1217 1521 1342 1560 iratis
1367 1522 1429 1560 dis
1455 1532 1546 1569 pro—

246 1583 266 1614 5
289 1575 474 1623 pitiisque
500 1576 745 1614 moriendum
774 1581 846 1615 est.
889 1576 1056 1614 Animus
1084 1587 1134 1614 ex
1158 1575 1249 1623 ipsa
1268 1576 1546 1623 desperatione

287 1635 484 1668 sumatur:
521 1629 777 1677 ignavissima
804 1630 1003 1678 animalia,
1046 1641 1146 1678 quac
1175 1635 1311 1668 natura
1337 1630 1388 1668 ad
1415 1631 1545 1678 fugam

285 1685 439 1732 genuit,
465 1684 532 1723 ubi
561 1685 689 1724 exitus
718 1695 796 1723 non
818 1689 943 1733 patet,
973 1689 1165 1733 temptant
1183 1692 1355 1733 pugnam
1376 1695 1545 1733 corpore

287 1738 435 1777 inbelli.
474 1740 605 1777 nullus
635 1738 898 1788 perniciosior
914 1739 1043 1778 hostis
1067 1744 1128 1777 est
1148 1750 1264 1787 quam
1286 1750 1404 1787 quern
1423 1740 1543 1777 auda-

285 1803 368 1831 cem
391 1794 595 1842 angustiae
613 1794 771 1841 faciunt‚
790 1795 988 1842 longeque
1003 1794 1211 1832 violentius
1231 1804 1390 1842 semper
1407 1804 1456 1831 ex
1477 1803 1542 1831 ne·

284 1848 469 1887 cessitate
497 1859 614 1897 quam
641 1858 692 1885 ex
718 1847 860 1886 virtute
887 1849 1097 1896 corruitur,
1134 1848 1310 1898 [maiora]
1344 1852 1411 1885 aut
1436 1853 1543 1886 certe

242 1910 263 1944 6
282 1902 393 1950 paria
425 1907 589 1941 conatur
617 1902 771 1941 animus
803 1913 970 1951 magnus
1003 1913 1050 1941 ac
1084 1903 1274 1951 perditus.
1317 1902 1541 1949 Cogitemus

284 1967 380 2004 nos,
408 1962 595 2005 quantum
624 1957 674 1995 ad
694 1961 878 2005 mortem,
901 1957 1079 2006 perditos
1107 1967 1219 1995 esset
1246 1961 1284 1994 et
1303 1967 1452 1994 sumuS.
1484 1957 1542 1994 Ita

285 2016 364 2058 est,
393 2011 536 2050 Lucili:
565 2021 701 2049 omnes
725 2022 974 2050 reservamur
996 2012 1045 2050 ad
1071 2015 1246 2051 mortem.
1282 2014 1406 2048 totum
1434 2010 1540 2049 hunc

286 2076 403 2114 quem
422 2066 535 2104 vides
556 2067 766 2114 populum,
793 2071 915 2105 totum
937 2077 1053 2114 quem
1073 2076 1240 2114 usquam
1262 2066 1411 2112 cogitas
1434 2075 1537 2112 esse,
1588 2065 1592 2090 ³1

286 2120 361 2159 cito
387 2125 527 2159 natura
550 2120 752 2159 revocabit
777 2125 814 2159 et
842 2122 1004 2159 condet:
1030 2131 1103 2158 nec
1132 2120 1182 2157 de
1207 2130 1270 2164 re,
1302 2120 1373 2157 sed
1403 2120 1453 2157 de
1474 2119 1537 2157 die
1586 2141 1587 2147 =

244 2178 264 2213 7
285 2175 494 2223 quaeritur.
534 2173 696 2214 Eodem*
711 2175 823 2214 citius
845 2175 1046 2214 tardiusve
1065 2174 1298 2212 veniendum
1320 2179 1391 2212 est.
1435 2173 1537 2220 Quid
1585 2183 1587 2186 ’

286 2234 410 2276 ergo?
441 2241 519 2269 non
551 2231 618 2269 tibi
642 2230 913 2268 timidissimus
942 2229 1113 2268 omnium
1133 2232 1172 2267 et
1187 2227 1534 2276 insipientissimus
1584 2264 1585 2269 ,

285 2283 453 2332 videtur,
483 2285 548 2334 qui
575 2295 716 2332 magno
748 2284 893 2324 ambitu
911 2287 1023 2333 rogat
1044 2293 1193 2322 moram
1215 2283 1377 2322 mortis?
1403 2292 1534 2321 nonne
1582 2310 1583 2313 η

1584 2231 1585 2256 t

1582 2270 1585 2298 Ι

1581 2322 1584 2355 l

1580 2361 1583 2421 J

1579 2425 1581 2462 ἔ
