<?xml version="1.0" encoding="UTF-8"?>
<!DOCTYPE html PUBLIC "-//W3C//DTD XHTML 1.0 Transitional//EN"
    "http://www.w3.org/TR/xhtml1/DTD/xhtml1-transitional.dtd">
<html xmlns="http://www.w3.org/1999/xhtml" xml:lang="en" lang="en">
 <head>
  <title>
</title>
<meta http-equiv="Content-Type" content="text/html;charset=utf-8" />
  <meta name='ocr-system' content='tesseract 3.04.00' />
  <meta name='ocr-capabilities' content='ocr_page ocr_carea ocr_par ocr_line ocrx_word'/>
</head>
<body>
  <div class='ocr_page' id='page_1' title='image "./operaquaesupersu01seneuoft_0054.png"; bbox 0 0 1624 2626; ppageno 0'>
   <div class='ocr_carea' id='block_1_1' title="bbox 309 162 1198 205">
    <p class='ocr_par' dir='ltr' id='par_1_1' title="bbox 309 162 1198 205">
     <span class='ocr_line' id='line_1_1' title="bbox 309 162 1198 205; baseline 0.002 -2"><span class='ocrx_word' id='word_1_1' title='bbox 309 162 364 203; x_wconf 79' lang='lat'>40</span> <span class='ocrx_word' id='word_1_2' title='bbox 682 165 726 202; x_wconf 90' lang='lat' dir='ltr'>L.</span> <span class='ocrx_word' id='word_1_3' title='bbox 754 165 944 203; x_wconf 89' lang='lat' dir='ltr'><strong>ANNAEI</strong></span> <span class='ocrx_word' id='word_1_4' title='bbox 974 165 1198 205; x_wconf 87' lang='lat' dir='ltr'>SENECAE</span> 
     </span>
    </p>
   </div>
   <div class='ocr_carea' id='block_1_2' title="bbox 249 262 1571 2326">
    <p class='ocr_par' dir='ltr' id='par_1_2' title="bbox 271 262 1571 965">
     <span class='ocr_line' id='line_1_2' title="bbox 311 262 1571 313; baseline 0.005 -14"><span class='ocrx_word' id='word_1_5' title='bbox 311 262 495 300; x_wconf 81' lang='lat' dir='ltr'>subducit</span> <span class='ocrx_word' id='word_1_6' title='bbox 513 262 645 309; x_wconf 86' lang='lat' dir='ltr'>aliqua</span> <span class='ocrx_word' id='word_1_7' title='bbox 665 267 703 301; x_wconf 87' lang='lat' dir='ltr'>et</span> <span class='ocrx_word' id='word_1_8' title='bbox 721 262 973 301; x_wconf 84' lang='lat' dir='ltr'>circumcidit.</span> <span class='ocrx_word' id='word_1_9' title='bbox 1016 264 1050 301; x_wconf 90' lang='lat' dir='ltr'>si</span> <span class='ocrx_word' id='word_1_10' title='bbox 1076 274 1126 300; x_wconf 89' lang='lat' dir='ltr'>ne</span> <span class='ocrx_word' id='word_1_11' title='bbox 1153 265 1203 301; x_wconf 88' lang='lat' dir='ltr'>ad</span> <span class='ocrx_word' id='word_1_12' title='bbox 1231 264 1306 303; x_wconf 85' lang='lat' dir='ltr'>hoc</span> <span class='ocrx_word' id='word_1_13' title='bbox 1334 265 1490 313; x_wconf 89' lang='lat' dir='ltr'>quidem</span> <span class='ocrx_word' id='word_1_14' title='bbox 1510 277 1571 305; x_wconf 87' lang='lat' dir='ltr'>re-</span> 
     </span>
     <span class='ocr_line' id='line_1_3' title="bbox 311 316 1571 366; baseline 0.003 -12"><span class='ocrx_word' id='word_1_15' title='bbox 311 316 499 364; x_wconf 84' lang='lat' dir='ltr'>spondet,</span> <span class='ocrx_word' id='word_1_16' title='bbox 533 316 726 355; x_wconf 82' lang='lat' dir='ltr'>interdicit</span> <span class='ocrx_word' id='word_1_17' title='bbox 753 317 849 355; x_wconf 90' lang='lat' dir='ltr'>cibis</span> <span class='ocrx_word' id='word_1_18' title='bbox 876 321 915 354; x_wconf 91' lang='lat' dir='ltr'>et</span> <span class='ocrx_word' id='word_1_19' title='bbox 941 317 1175 355; x_wconf 83' lang='lat' dir='ltr'>abstinentia</span> <span class='ocrx_word' id='word_1_20' title='bbox 1201 329 1347 366; x_wconf 89' lang='lat' dir='ltr'>corpus</span> <span class='ocrx_word' id='word_1_21' title='bbox 1371 327 1571 360; x_wconf 82' lang='lat' dir='ltr'>exonerat.</span> 
     </span>
     <span class='ocr_line' id='line_1_4' title="bbox 310 371 1570 423; baseline 0.005 -16"><span class='ocrx_word' id='word_1_22' title='bbox 310 371 343 408; x_wconf 92' lang='lat' dir='ltr'>si</span> <span class='ocrx_word' id='word_1_23' title='bbox 364 371 508 408; x_wconf 82' lang='lat' dir='ltr'>frustra</span> <span class='ocrx_word' id='word_1_24' title='bbox 525 371 703 409; x_wconf 84' lang='lat' dir='ltr'>molliora</span> <span class='ocrx_word' id='word_1_25' title='bbox 722 375 945 418; x_wconf 83' lang='lat' dir='ltr'>cesserunt,</span> <span class='ocrx_word' id='word_1_26' title='bbox 967 372 1055 410; x_wconf 85' lang='lat' dir='ltr'>serit</span> <span class='ocrx_word' id='word_1_27' title='bbox 1074 382 1212 410; x_wconf 83' lang='lat' dir='ltr'>venam</span> <span class='ocrx_word' id='word_1_28' title='bbox 1231 374 1516 423; x_wconf 85' lang='lat' dir='ltr'>membrisque,</span> <span class='ocrx_word' id='word_1_29' title='bbox 1536 375 1570 414; x_wconf 89' lang='lat' dir='ltr'>si</span> 
     </span>
     <span class='ocr_line' id='line_1_5' title="bbox 310 425 1569 475; baseline 0.003 -14"><span class='ocrx_word' id='word_1_30' title='bbox 310 425 563 462; x_wconf 77' lang='lat' dir='ltr'>adhaerentia</span> <span class='ocrx_word' id='word_1_31' title='bbox 582 430 726 463; x_wconf 86' lang='lat' dir='ltr'>nocent</span> <span class='ocrx_word' id='word_1_32' title='bbox 745 430 783 463; x_wconf 90' lang='lat' dir='ltr'>et</span> <span class='ocrx_word' id='word_1_33' title='bbox 800 425 978 464; x_wconf 88' lang='lat' dir='ltr'>morbum</span> <span class='ocrx_word' id='word_1_34' title='bbox 997 426 1240 475; x_wconf 84' lang='lat' dir='ltr'>diffundunt,</span> <span class='ocrx_word' id='word_1_35' title='bbox 1266 438 1406 466; x_wconf 89' lang='lat' dir='ltr'>manus</span> <span class='ocrx_word' id='word_1_36' title='bbox 1425 429 1569 468; x_wconf 82' lang='lat' dir='ltr'>adfert:</span> 
     </span>
     <span class='ocr_line' id='line_1_6' title="bbox 308 479 1568 526; baseline 0.006 -12"><span class='ocrx_word' id='word_1_37' title='bbox 308 488 382 516; x_wconf 90' lang='lat' dir='ltr'>nec</span> <span class='ocrx_word' id='word_1_38' title='bbox 402 479 481 516; x_wconf 90' lang='lat' dir='ltr'>ulla</span> <span class='ocrx_word' id='word_1_39' title='bbox 501 479 598 516; x_wconf 89' lang='lat' dir='ltr'>dura</span> <span class='ocrx_word' id='word_1_40' title='bbox 622 480 775 517; x_wconf 88' lang='lat' dir='ltr'>videtur</span> <span class='ocrx_word' id='word_1_41' title='bbox 795 480 955 526; x_wconf 89' lang='lat' dir='ltr'>curatio,</span> <span class='ocrx_word' id='word_1_42' title='bbox 979 481 1089 518; x_wconf 86' lang='lat' dir='ltr'>cuius</span> <span class='ocrx_word' id='word_1_43' title='bbox 1109 482 1291 520; x_wconf 87' lang='lat' dir='ltr'>salutaris</span> <span class='ocrx_word' id='word_1_44' title='bbox 1312 481 1474 521; x_wconf 84' lang='lat' dir='ltr'>effectus</span> <span class='ocrx_word' id='word_1_45' title='bbox 1495 489 1568 522; x_wconf 90' lang='lat' dir='ltr'>est.</span> 
     </span>
     <span class='ocr_line' id='line_1_7' title="bbox 271 532 1571 585; baseline 0.005 -16"><span class='ocrx_word' id='word_1_46' title='bbox 271 532 510 580; x_wconf 76' lang='lat' dir='ltr'>31ialegum</span> <span class='ocrx_word' id='word_1_47' title='bbox 530 534 752 581; x_wconf 83' lang='lat' dir='ltr'>praesidem</span> <span class='ocrx_word' id='word_1_48' title='bbox 773 534 1020 582; x_wconf 86' lang='lat' dir='ltr'>civitatisque</span> <span class='ocrx_word' id='word_1_49' title='bbox 1034 539 1227 573; x_wconf 89' lang='lat' dir='ltr'>rectorem</span> <span class='ocrx_word' id='word_1_50' title='bbox 1242 537 1366 583; x_wconf 88' lang='lat' dir='ltr'>decet,</span> <span class='ocrx_word' id='word_1_51' title='bbox 1385 538 1571 585; x_wconf 89' lang='lat' dir='ltr'>quamdiu</span> 
     </span>
     <span class='ocr_line' id='line_1_8' title="bbox 307 587 1569 638; baseline 0.006 -14"><span class='ocrx_word' id='word_1_52' title='bbox 307 592 458 633; x_wconf 89' lang='lat' dir='ltr'>potest,</span> <span class='ocrx_word' id='word_1_53' title='bbox 492 587 624 625; x_wconf 87' lang='lat' dir='ltr'>verbis</span> <span class='ocrx_word' id='word_1_54' title='bbox 654 592 692 625; x_wconf 89' lang='lat' dir='ltr'>et</span> <span class='ocrx_word' id='word_1_55' title='bbox 718 588 779 625; x_wconf 91' lang='lat' dir='ltr'>his</span> <span class='ocrx_word' id='word_1_56' title='bbox 800 589 1042 627; x_wconf 88' lang='lat' dir='ltr'>mollioribus</span> <span class='ocrx_word' id='word_1_57' title='bbox 1070 590 1227 637; x_wconf 84' lang='lat' dir='ltr'>ingenia</span> <span class='ocrx_word' id='word_1_58' title='bbox 1254 601 1410 638; x_wconf 88' lang='lat' dir='ltr'>curare,</span> <span class='ocrx_word' id='word_1_59' title='bbox 1444 598 1486 636; x_wconf 87' lang='lat' dir='ltr'>ut</span> <span class='ocrx_word' id='word_1_60' title='bbox 1513 593 1569 631; x_wconf 81' lang='lat' dir='ltr'>fa-</span> 
     </span>
     <span class='ocr_line' id='line_1_9' title="bbox 308 641 1571 693; baseline 0.005 -15"><span class='ocrx_word' id='word_1_61' title='bbox 308 641 446 678; x_wconf 88' lang='lat' dir='ltr'>cienda</span> <span class='ocrx_word' id='word_1_62' title='bbox 467 643 632 680; x_wconf 86' lang='lat' dir='ltr'>suadeat</span> <span class='ocrx_word' id='word_1_63' title='bbox 651 642 982 690; x_wconf 84' lang='lat' dir='ltr'>cupiditatemque</span> <span class='ocrx_word' id='word_1_64' title='bbox 1008 643 1164 682; x_wconf 86' lang='lat' dir='ltr'>honesti</span> <span class='ocrx_word' id='word_1_65' title='bbox 1192 650 1231 682; x_wconf 87' lang='lat' dir='ltr'>et</span> <span class='ocrx_word' id='word_1_66' title='bbox 1253 646 1368 693; x_wconf 86' lang='lat' dir='ltr'>aequi</span> <span class='ocrx_word' id='word_1_67' title='bbox 1389 647 1571 685; x_wconf 87' lang='lat' dir='ltr'>conciliet</span> 
     </span>
     <span class='ocr_line' id='line_1_10' title="bbox 306 694 1568 745; baseline 0.006 -13"><span class='ocrx_word' id='word_1_68' title='bbox 306 694 445 733; x_wconf 88' lang='lat' dir='ltr'>animis</span> <span class='ocrx_word' id='word_1_69' title='bbox 465 696 661 744; x_wconf 86' lang='lat' dir='ltr'>faciatque</span> <span class='ocrx_word' id='word_1_70' title='bbox 679 697 860 734; x_wconf 89' lang='lat' dir='ltr'>vitiorum</span> <span class='ocrx_word' id='word_1_71' title='bbox 880 697 1024 743; x_wconf 89' lang='lat' dir='ltr'>odium,</span> <span class='ocrx_word' id='word_1_72' title='bbox 1041 699 1206 745; x_wconf 87' lang='lat' dir='ltr'>pretium</span> <span class='ocrx_word' id='word_1_73' title='bbox 1222 699 1418 737; x_wconf 79' lang='lat' dir='ltr'>virtutum.</span> <span class='ocrx_word' id='word_1_74' title='bbox 1444 705 1568 740; x_wconf 86' lang='lat' dir='ltr'>trans-</span> 
     </span>
     <span class='ocr_line' id='line_1_11' title="bbox 306 750 1571 801; baseline 0.006 -14"><span class='ocrx_word' id='word_1_75' title='bbox 306 754 370 787; x_wconf 89' lang='lat' dir='ltr'>eat</span> <span class='ocrx_word' id='word_1_76' title='bbox 388 750 530 787; x_wconf 81' lang='lat' dir='ltr'>delnde</span> <span class='ocrx_word' id='word_1_77' title='bbox 550 751 598 788; x_wconf 88' lang='lat' dir='ltr'>ad</span> <span class='ocrx_word' id='word_1_78' title='bbox 621 751 827 789; x_wconf 87' lang='lat' dir='ltr'>tristiorem</span> <span class='ocrx_word' id='word_1_79' title='bbox 848 752 1082 800; x_wconf 87' lang='lat' dir='ltr'>orationem,</span> <span class='ocrx_word' id='word_1_80' title='bbox 1107 764 1185 801; x_wconf 85' lang='lat' dir='ltr'>qua</span> <span class='ocrx_word' id='word_1_81' title='bbox 1203 760 1359 792; x_wconf 87' lang='lat' dir='ltr'>moneat</span> <span class='ocrx_word' id='word_1_82' title='bbox 1379 755 1508 793; x_wconf 89' lang='lat' dir='ltr'>adhuc</span> <span class='ocrx_word' id='word_1_83' title='bbox 1532 761 1571 794; x_wconf 88' lang='lat' dir='ltr'>et</span> 
     </span>
     <span class='ocr_line' id='line_1_12' title="bbox 306 804 1571 853; baseline 0.006 -13"><span class='ocrx_word' id='word_1_84' title='bbox 306 805 530 851; x_wconf 81' lang='lat' dir='ltr'>exprobret.</span> <span class='ocrx_word' id='word_1_85' title='bbox 583 804 800 843; x_wconf 89' lang='lat' dir='ltr'>novissime</span> <span class='ocrx_word' id='word_1_86' title='bbox 826 805 876 843; x_wconf 92' lang='lat' dir='ltr'>ad</span> <span class='ocrx_word' id='word_1_87' title='bbox 904 817 1055 853; x_wconf 87' lang='lat' dir='ltr'>poenas</span> <span class='ocrx_word' id='word_1_88' title='bbox 1084 812 1122 845; x_wconf 89' lang='lat' dir='ltr'>et</span> <span class='ocrx_word' id='word_1_89' title='bbox 1146 808 1217 845; x_wconf 89' lang='lat' dir='ltr'>has</span> <span class='ocrx_word' id='word_1_90' title='bbox 1247 809 1375 846; x_wconf 88' lang='lat' dir='ltr'>adhuc</span> <span class='ocrx_word' id='word_1_91' title='bbox 1401 809 1510 847; x_wconf 85' lang='lat' dir='ltr'>leves</span> <span class='ocrx_word' id='word_1_92' title='bbox 1532 815 1571 848; x_wconf 91' lang='lat' dir='ltr'>et</span> 
     </span>
     <span class='ocr_line' id='line_1_13' title="bbox 304 858 1567 908; baseline 0.006 -14"><span class='ocrx_word' id='word_1_93' title='bbox 304 858 551 896; x_wconf 82' lang='lat' dir='ltr'>revocabiles</span> <span class='ocrx_word' id='word_1_94' title='bbox 572 859 767 897; x_wconf 87' lang='lat' dir='ltr'>decurrat.</span> <span class='ocrx_word' id='word_1_95' title='bbox 820 860 955 898; x_wconf 87' lang='lat' dir='ltr'>ultima</span> <span class='ocrx_word' id='word_1_96' title='bbox 973 861 1167 908; x_wconf 89' lang='lat' dir='ltr'>supplicia</span> <span class='ocrx_word' id='word_1_97' title='bbox 1188 863 1404 901; x_wconf 87' lang='lat' dir='ltr'>sceleribus</span> <span class='ocrx_word' id='word_1_98' title='bbox 1424 864 1567 902; x_wconf 88' lang='lat' dir='ltr'>ultimis</span> 
     </span>
     <span class='ocr_line' id='line_1_14' title="bbox 306 914 1569 965; baseline 0.006 -16"><span class='ocrx_word' id='word_1_99' title='bbox 306 917 444 959; x_wconf 89' lang='lat' dir='ltr'>ponat,</span> <span class='ocrx_word' id='word_1_100' title='bbox 474 917 517 950; x_wconf 85' lang='lat' dir='ltr'>ut</span> <span class='ocrx_word' id='word_1_101' title='bbox 535 923 648 950; x_wconf 88' lang='lat' dir='ltr'>nemo</span> <span class='ocrx_word' id='word_1_102' title='bbox 670 919 824 961; x_wconf 86' lang='lat' dir='ltr'>pereat,</span> <span class='ocrx_word' id='word_1_103' title='bbox 852 914 927 952; x_wconf 85' lang='lat' dir='ltr'>nisi</span> <span class='ocrx_word' id='word_1_104' title='bbox 950 926 1065 963; x_wconf 91' lang='lat' dir='ltr'>quem</span> <span class='ocrx_word' id='word_1_105' title='bbox 1085 917 1214 963; x_wconf 89' lang='lat' dir='ltr'>perire</span> <span class='ocrx_word' id='word_1_106' title='bbox 1233 918 1346 955; x_wconf 86' lang='lat' dir='ltr'>etiam</span> <span class='ocrx_word' id='word_1_107' title='bbox 1368 919 1569 965; x_wconf 88' lang='lat' dir='ltr'>pereuntis</span> 
     </span>
    </p>

    <p class='ocr_par' dir='ltr' id='par_1_3' title="bbox 268 967 1566 1397">
     <span class='ocr_line' id='line_1_15' title="bbox 268 967 1564 1022; baseline 0.003 -16"><span class='ocrx_word' id='word_1_108' title='bbox 268 974 291 1006; x_wconf 84' lang='lat'>4</span> <span class='ocrx_word' id='word_1_109' title='bbox 305 967 467 1004; x_wconf 86' lang='lat' dir='ltr'>intersit.</span> <span class='ocrx_word' id='word_1_110' title='bbox 496 967 581 1004; x_wconf 90' lang='lat' dir='ltr'>Hoc</span> <span class='ocrx_word' id='word_1_111' title='bbox 601 979 679 1005; x_wconf 91' lang='lat' dir='ltr'>uno</span> <span class='ocrx_word' id='word_1_112' title='bbox 700 969 946 1022; x_wconf 78' lang='lat' dir='ltr'>medentibus</span> <span class='ocrx_word' id='word_1_113' title='bbox 967 969 1040 1007; x_wconf 88' lang='lat' dir='ltr'>erit</span> <span class='ocrx_word' id='word_1_114' title='bbox 1059 970 1270 1017; x_wconf 86' lang='lat' dir='ltr'>dissimilis,</span> <span class='ocrx_word' id='word_1_115' title='bbox 1289 973 1394 1020; x_wconf 89' lang='lat' dir='ltr'>quod</span> <span class='ocrx_word' id='word_1_116' title='bbox 1412 973 1464 1010; x_wconf 92' lang='lat' dir='ltr'>illi</span> <span class='ocrx_word' id='word_1_117' title='bbox 1481 974 1564 1021; x_wconf 86' lang='lat' dir='ltr'>qui-</span> 
     </span>
     <span class='ocr_line' id='line_1_16' title="bbox 304 1020 1566 1074; baseline 0.006 -17"><span class='ocrx_word' id='word_1_118' title='bbox 304 1020 378 1058; x_wconf 88' lang='lat' dir='ltr'>bus</span> <span class='ocrx_word' id='word_1_119' title='bbox 398 1021 517 1058; x_wconf 88' lang='lat' dir='ltr'>vitam</span> <span class='ocrx_word' id='word_1_120' title='bbox 537 1032 614 1059; x_wconf 91' lang='lat' dir='ltr'>non</span> <span class='ocrx_word' id='word_1_121' title='bbox 637 1026 847 1069; x_wconf 88' lang='lat' dir='ltr'>potuerunt</span> <span class='ocrx_word' id='word_1_122' title='bbox 867 1024 1008 1071; x_wconf 82' lang='lat' dir='ltr'>largiri,</span> <span class='ocrx_word' id='word_1_123' title='bbox 1026 1025 1176 1063; x_wconf 81' lang='lat' dir='ltr'>facilem</span> <span class='ocrx_word' id='word_1_124' title='bbox 1195 1026 1338 1063; x_wconf 89' lang='lat' dir='ltr'>exitum</span> <span class='ocrx_word' id='word_1_125' title='bbox 1355 1031 1566 1074; x_wconf 82' lang='lat' dir='ltr'>praestant,</span> 
     </span>
     <span class='ocr_line' id='line_1_17' title="bbox 303 1074 1566 1128; baseline 0.006 -17"><span class='ocrx_word' id='word_1_126' title='bbox 303 1074 366 1112; x_wconf 89' lang='lat' dir='ltr'>hic</span> <span class='ocrx_word' id='word_1_127' title='bbox 395 1075 601 1114; x_wconf 87' lang='lat' dir='ltr'>damnatos</span> <span class='ocrx_word' id='word_1_128' title='bbox 630 1086 718 1113; x_wconf 85' lang='lat' dir='ltr'>cum</span> <span class='ocrx_word' id='word_1_129' title='bbox 746 1077 942 1115; x_wconf 88' lang='lat' dir='ltr'>dedecore</span> <span class='ocrx_word' id='word_1_130' title='bbox 977 1083 1015 1116; x_wconf 90' lang='lat' dir='ltr'>et</span> <span class='ocrx_word' id='word_1_131' title='bbox 1046 1079 1292 1117; x_wconf 86' lang='lat' dir='ltr'>traductione</span> <span class='ocrx_word' id='word_1_132' title='bbox 1327 1082 1403 1118; x_wconf 87' lang='lat' dir='ltr'>vita</span> <span class='ocrx_word' id='word_1_133' title='bbox 1436 1082 1566 1128; x_wconf 82' lang='lat' dir='ltr'>exigit,</span> 
     </span>
     <span class='ocr_line' id='line_1_18' title="bbox 302 1129 1565 1180; baseline 0.007 -15"><span class='ocrx_word' id='word_1_134' title='bbox 302 1138 382 1166; x_wconf 89' lang='lat' dir='ltr'>non</span> <span class='ocrx_word' id='word_1_135' title='bbox 403 1130 496 1176; x_wconf 84' lang='lat' dir='ltr'>quia</span> <span class='ocrx_word' id='word_1_136' title='bbox 514 1129 728 1168; x_wconf 89' lang='lat' dir='ltr'>delectetur</span> <span class='ocrx_word' id='word_1_137' title='bbox 754 1131 870 1169; x_wconf 88' lang='lat' dir='ltr'>ullius</span> <span class='ocrx_word' id='word_1_138' title='bbox 897 1142 1048 1179; x_wconf 87' lang='lat' dir='ltr'>poena,</span> <span class='ocrx_word' id='word_1_139' title='bbox 1088 1135 1227 1180; x_wconf 89' lang='lat' dir='ltr'>procul</span> <span class='ocrx_word' id='word_1_140' title='bbox 1253 1139 1314 1172; x_wconf 87' lang='lat' dir='ltr'>est</span> <span class='ocrx_word' id='word_1_141' title='bbox 1340 1135 1443 1172; x_wconf 90' lang='lat' dir='ltr'>enim</span> <span class='ocrx_word' id='word_1_142' title='bbox 1461 1146 1484 1173; x_wconf 91' lang='lat' dir='ltr'>a</span> <span class='ocrx_word' id='word_1_143' title='bbox 1505 1147 1565 1174; x_wconf 89' lang='lat' dir='ltr'>sa·</span> 
     </span>
     <span class='ocr_line' id='line_1_19' title="bbox 301 1182 1565 1232; baseline 0.007 -13"><span class='ocrx_word' id='word_1_144' title='bbox 301 1182 434 1230; x_wconf 89' lang='lat' dir='ltr'>piente</span> <span class='ocrx_word' id='word_1_145' title='bbox 452 1188 530 1221; x_wconf 89' lang='lat' dir='ltr'>tam</span> <span class='ocrx_word' id='word_1_146' title='bbox 549 1183 759 1222; x_wconf 88' lang='lat' dir='ltr'>inhumana</span> <span class='ocrx_word' id='word_1_147' title='bbox 778 1185 925 1232; x_wconf 82' lang='lat' dir='ltr'>feritas,</span> <span class='ocrx_word' id='word_1_148' title='bbox 954 1186 1024 1224; x_wconf 90' lang='lat' dir='ltr'>sed</span> <span class='ocrx_word' id='word_1_149' title='bbox 1042 1191 1084 1225; x_wconf 91' lang='lat' dir='ltr'>ut</span> <span class='ocrx_word' id='word_1_150' title='bbox 1098 1188 1374 1227; x_wconf 88' lang='lat' dir='ltr'>documentum</span> <span class='ocrx_word' id='word_1_151' title='bbox 1394 1189 1565 1228; x_wconf 89' lang='lat' dir='ltr'>omnium</span> 
     </span>
     <span class='ocr_line' id='line_1_20' title="bbox 303 1237 1566 1290; baseline 0.008 -17"><span class='ocrx_word' id='word_1_152' title='bbox 303 1237 397 1283; x_wconf 90' lang='lat' dir='ltr'>sint,</span> <span class='ocrx_word' id='word_1_153' title='bbox 419 1242 457 1274; x_wconf 90' lang='lat' dir='ltr'>et</span> <span class='ocrx_word' id='word_1_154' title='bbox 482 1238 548 1285; x_wconf 89' lang='lat' dir='ltr'>qui</span> <span class='ocrx_word' id='word_1_155' title='bbox 567 1241 655 1277; x_wconf 79' lang='lat' dir='ltr'>aliis</span> <span class='ocrx_word' id='word_1_156' title='bbox 675 1241 750 1278; x_wconf 75' lang='lat' dir='ltr'>vivi</span> <span class='ocrx_word' id='word_1_157' title='bbox 766 1241 974 1279; x_wconf 87' lang='lat' dir='ltr'>noluerunt</span> <span class='ocrx_word' id='word_1_158' title='bbox 993 1242 1209 1290; x_wconf 89' lang='lat' dir='ltr'>prodesse,</span> <span class='ocrx_word' id='word_1_159' title='bbox 1230 1249 1354 1281; x_wconf 86' lang='lat' dir='ltr'>morte</span> <span class='ocrx_word' id='word_1_160' title='bbox 1374 1249 1478 1282; x_wconf 86' lang='lat' dir='ltr'>certe</span> <span class='ocrx_word' id='word_1_161' title='bbox 1499 1255 1566 1283; x_wconf 90' lang='lat' dir='ltr'>eo-</span> 
     </span>
     <span class='ocr_line' id='line_1_21' title="bbox 301 1292 1564 1346; baseline 0.007 -18"><span class='ocrx_word' id='word_1_162' title='bbox 301 1301 387 1334; x_wconf 86' lang='lat' dir='ltr'>rum</span> <span class='ocrx_word' id='word_1_163' title='bbox 405 1292 631 1339; x_wconf 88' lang='lat' dir='ltr'>respublica</span> <span class='ocrx_word' id='word_1_164' title='bbox 650 1298 792 1331; x_wconf 89' lang='lat' dir='ltr'>utatur.</span> <span class='ocrx_word' id='word_1_165' title='bbox 834 1294 919 1332; x_wconf 87' lang='lat' dir='ltr'>Non</span> <span class='ocrx_word' id='word_1_166' title='bbox 939 1300 999 1333; x_wconf 91' lang='lat' dir='ltr'>est</span> <span class='ocrx_word' id='word_1_167' title='bbox 1018 1305 1111 1344; x_wconf 81' lang='lat' dir='ltr'>ergo</span> <span class='ocrx_word' id='word_1_168' title='bbox 1132 1301 1270 1335; x_wconf 90' lang='lat' dir='ltr'>natura</span> <span class='ocrx_word' id='word_1_169' title='bbox 1284 1298 1450 1336; x_wconf 88' lang='lat' dir='ltr'>hominis</span> <span class='ocrx_word' id='word_1_170' title='bbox 1469 1310 1564 1346; x_wconf 88' lang='lat' dir='ltr'>poe-</span> 
     </span>
     <span class='ocr_line' id='line_1_22' title="bbox 302 1346 1564 1397; baseline 0.007 -15"><span class='ocrx_word' id='word_1_171' title='bbox 302 1355 384 1384; x_wconf 64' lang='lat' dir='ltr'>nae,</span> <span class='ocrx_word' id='word_1_172' title='bbox 399 1346 610 1394; x_wconf 85' lang='lat' dir='ltr'>adpetens:</span> <span class='ocrx_word' id='word_1_173' title='bbox 633 1347 722 1388; x_wconf 87' lang='lat' dir='ltr'>ideo</span> <span class='ocrx_word' id='word_1_174' title='bbox 744 1359 793 1386; x_wconf 90' lang='lat' dir='ltr'>ne</span> <span class='ocrx_word' id='word_1_175' title='bbox 812 1347 870 1387; x_wconf 87' lang='lat' dir='ltr'>ira</span> <span class='ocrx_word' id='word_1_176' title='bbox 891 1350 1050 1397; x_wconf 89' lang='lat' dir='ltr'>quidem</span> <span class='ocrx_word' id='word_1_177' title='bbox 1071 1352 1288 1390; x_wconf 88' lang='lat' dir='ltr'>secundum</span> <span class='ocrx_word' id='word_1_178' title='bbox 1304 1358 1479 1391; x_wconf 86' lang='lat' dir='ltr'>naturam</span> <span class='ocrx_word' id='word_1_179' title='bbox 1495 1353 1564 1391; x_wconf 89' lang='lat' dir='ltr'>ho-</span> 
     </span>
    </p>

    <p class='ocr_par' dir='ltr' id='par_1_4' title="bbox 267 1399 1563 1767">
     <span class='ocr_line' id='line_1_23' title="bbox 267 1399 1562 1454; baseline 0.007 -18"><span class='ocrx_word' id='word_1_180' title='bbox 267 1412 287 1443; x_wconf 83' lang='lat'>5</span> <span class='ocrx_word' id='word_1_181' title='bbox 302 1399 437 1447; x_wconf 88' lang='lat' dir='ltr'>minis,</span> <span class='ocrx_word' id='word_1_182' title='bbox 468 1401 559 1448; x_wconf 91' lang='lat' dir='ltr'>quia</span> <span class='ocrx_word' id='word_1_183' title='bbox 579 1412 732 1449; x_wconf 89' lang='lat' dir='ltr'>poenae</span> <span class='ocrx_word' id='word_1_184' title='bbox 753 1403 944 1450; x_wconf 85' lang='lat' dir='ltr'>adpetens</span> <span class='ocrx_word' id='word_1_185' title='bbox 965 1410 1037 1442; x_wconf 88' lang='lat' dir='ltr'>est.</span> <span class='ocrx_word' id='word_1_186' title='bbox 1086 1405 1135 1443; x_wconf 89' lang='lat' dir='ltr'>Et</span> <span class='ocrx_word' id='word_1_187' title='bbox 1159 1406 1331 1445; x_wconf 86' lang='lat' dir='ltr'>Platonis</span> <span class='ocrx_word' id='word_1_188' title='bbox 1358 1418 1562 1454; x_wconf 82' lang='lat' dir='ltr'>argumen-</span> 
     </span>
     <span class='ocr_line' id='line_1_24' title="bbox 302 1455 1563 1510; baseline 0.006 -18"><span class='ocrx_word' id='word_1_189' title='bbox 302 1459 382 1492; x_wconf 86' lang='lat' dir='ltr'>tum</span> <span class='ocrx_word' id='word_1_190' title='bbox 414 1455 605 1493; x_wconf 83' lang='lat' dir='ltr'>adseram:</span> <span class='ocrx_word' id='word_1_191' title='bbox 646 1457 740 1504; x_wconf 91' lang='lat' dir='ltr'>quid</span> <span class='ocrx_word' id='word_1_192' title='bbox 776 1457 879 1495; x_wconf 89' lang='lat' dir='ltr'>enim</span> <span class='ocrx_word' id='word_1_193' title='bbox 906 1463 1022 1497; x_wconf 88' lang='lat' dir='ltr'>nocet</span> <span class='ocrx_word' id='word_1_194' title='bbox 1048 1459 1183 1498; x_wconf 89' lang='lat' dir='ltr'>alienis</span> <span class='ocrx_word' id='word_1_195' title='bbox 1211 1462 1266 1499; x_wconf 88' lang='lat' dir='ltr'>uti</span> <span class='ocrx_word' id='word_1_196' title='bbox 1285 1471 1335 1498; x_wconf 86' lang='lat' dir='ltr'>ex</span> <span class='ocrx_word' id='word_1_197' title='bbox 1355 1467 1466 1509; x_wconf 87' lang='lat' dir='ltr'>parte</span> <span class='ocrx_word' id='word_1_198' title='bbox 1486 1474 1563 1510; x_wconf 85' lang='lat' dir='ltr'>qua</span> 
     </span>
     <span class='ocr_line' id='line_1_25' title="bbox 301 1512 1563 1563; baseline 0.007 -17"><span class='ocrx_word' id='word_1_199' title='bbox 301 1514 437 1547; x_wconf 90' lang='lat' dir='ltr'>nostra</span> <span class='ocrx_word' id='word_1_200' title='bbox 456 1514 574 1548; x_wconf 74' lang='lat' dir='ltr'>sunt?</span> <span class='ocrx_word' id='word_1_201' title='bbox 624 1512 691 1549; x_wconf 73' lang='lat' dir='ltr'>Vir</span> <span class='ocrx_word' id='word_1_202' title='bbox 713 1512 842 1559; x_wconf 81' lang='lat' dir='ltr'>bonus,</span> <span class='ocrx_word' id='word_1_203' title='bbox 860 1513 995 1561; x_wconf 86' lang='lat' dir='ltr'>inquit,</span> <span class='ocrx_word' id='word_1_204' title='bbox 1016 1525 1092 1552; x_wconf 83' lang='lat' dir='ltr'>non</span> <span class='ocrx_word' id='word_1_205' title='bbox 1110 1517 1240 1553; x_wconf 75' lang='lat' dir='ltr'>laedit.</span> <span class='ocrx_word' id='word_1_206' title='bbox 1286 1527 1413 1563; x_wconf 79' lang='lat' dir='ltr'>poena</span> <span class='ocrx_word' id='word_1_207' title='bbox 1435 1518 1563 1555; x_wconf 70' lang='lat' dir='ltr'>laedit.</span> 
     </span>
     <span class='ocr_line' id='line_1_26' title="bbox 300 1564 1563 1619; baseline 0.007 -18"><span class='ocrx_word' id='word_1_208' title='bbox 300 1564 394 1601; x_wconf 81' lang='lat' dir='ltr'>bono</span> <span class='ocrx_word' id='word_1_209' title='bbox 414 1575 506 1611; x_wconf 69' lang='lat' dir='ltr'>erqo</span> <span class='ocrx_word' id='word_1_210' title='bbox 527 1575 651 1612; x_wconf 81' lang='lat' dir='ltr'>poena</span> <span class='ocrx_word' id='word_1_211' title='bbox 669 1577 744 1604; x_wconf 80' lang='lat' dir='ltr'>non</span> <span class='ocrx_word' id='word_1_212' title='bbox 763 1570 944 1606; x_wconf 74' lang='lat' dir='ltr'>convenit.</span> <span class='ocrx_word' id='word_1_213' title='bbox 992 1569 1037 1606; x_wconf 85' lang='lat' dir='ltr'>ob</span> <span class='ocrx_word' id='word_1_214' title='bbox 1054 1569 1124 1607; x_wconf 80' lang='lat' dir='ltr'>hoc</span> <span class='ocrx_word' id='word_1_215' title='bbox 1143 1581 1213 1608; x_wconf 78' lang='lat' dir='ltr'>nee</span> <span class='ocrx_word' id='word_1_216' title='bbox 1232 1572 1312 1617; x_wconf 73' lang='lat' dir='ltr'>ira,</span> <span class='ocrx_word' id='word_1_217' title='bbox 1332 1573 1423 1619; x_wconf 73' lang='lat' dir='ltr'>quia</span> <span class='ocrx_word' id='word_1_218' title='bbox 1433 1582 1563 1619; x_wconf 78' lang='lat' dir='ltr'>poena</span> 
     </span>
     <span class='ocr_line' id='line_1_27' title="bbox 299 1616 1560 1672; baseline 0.006 -17"><span class='ocrx_word' id='word_1_219' title='bbox 299 1619 383 1656; x_wconf 72' lang='lat' dir='ltr'>irae</span> <span class='ocrx_word' id='word_1_220' title='bbox 401 1621 581 1658; x_wconf 75' lang='lat' dir='ltr'>convenit.</span> <span class='ocrx_word' id='word_1_221' title='bbox 638 1620 684 1659; x_wconf 77' lang='lat' dir='ltr'>Si</span> <span class='ocrx_word' id='word_1_222' title='bbox 699 1623 758 1658; x_wconf 76' lang='lat' dir='ltr'>vir</span> <span class='ocrx_word' id='word_1_223' title='bbox 775 1622 892 1660; x_wconf 82' lang='lat' dir='ltr'>bonus</span> <span class='ocrx_word' id='word_1_224' title='bbox 906 1633 1032 1670; x_wconf 82' lang='lat' dir='ltr'>poena</span> <span class='ocrx_word' id='word_1_225' title='bbox 1050 1634 1125 1661; x_wconf 80' lang='lat' dir='ltr'>non</span> <span class='ocrx_word' id='word_1_226' title='bbox 1141 1616 1305 1671; x_wconf 66' lang='lat' dir='ltr'>yau‘det,</span> <span class='ocrx_word' id='word_1_227' title='bbox 1324 1636 1398 1664; x_wconf 80' lang='lat' dir='ltr'>non</span> <span class='ocrx_word' id='word_1_228' title='bbox 1414 1627 1560 1672; x_wconf 69' lang='lat' dir='ltr'>qauda-</span> 
     </span>
     <span class='ocr_line' id='line_1_28' title="bbox 299 1673 1562 1727; baseline 0.008 -19"><span class='ocrx_word' id='word_1_229' title='bbox 299 1673 351 1709; x_wconf 71' lang='lat' dir='ltr'>bit</span> <span class='ocrx_word' id='word_1_230' title='bbox 367 1684 415 1710; x_wconf 82' lang='lat' dir='ltr'>ne</span> <span class='ocrx_word' id='word_1_231' title='bbox 432 1684 474 1710; x_wconf 85' lang='lat' dir='ltr'>eo</span> <span class='ocrx_word' id='word_1_232' title='bbox 495 1675 644 1720; x_wconf 71' lang='lat' dir='ltr'>quidem</span> <span class='ocrx_word' id='word_1_233' title='bbox 668 1676 836 1723; x_wconf 80' lang='lat' dir='ltr'>adfectu,</span> <span class='ocrx_word' id='word_1_234' title='bbox 857 1680 922 1715; x_wconf 82' lang='lat' dir='ltr'>cui</span> <span class='ocrx_word' id='word_1_235' title='bbox 932 1688 1060 1725; x_wconf 83' lang='lat' dir='ltr'>poena</span> <span class='ocrx_word' id='word_1_236' title='bbox 1082 1681 1266 1726; x_wconf 75' lang='lat' dir='ltr'>voluptati</span> <span class='ocrx_word' id='word_1_237' title='bbox 1276 1684 1350 1718; x_wconf 83' lang='lat' dir='ltr'>est.-</span> <span class='ocrx_word' id='word_1_238' title='bbox 1372 1690 1464 1727; x_wconf 72' lang='lat' dir='ltr'>erqo</span> <span class='ocrx_word' id='word_1_239' title='bbox 1486 1691 1562 1718; x_wconf 83' lang='lat' dir='ltr'>non</span> 
     </span>
     <span class='ocr_line' id='line_1_29' title="bbox 298 1730 649 1767; baseline 0.011 -4"><span class='ocrx_word' id='word_1_240' title='bbox 298 1730 353 1764; x_wconf 83' lang='lat' dir='ltr'>est</span> <span class='ocrx_word' id='word_1_241' title='bbox 369 1730 557 1766; x_wconf 71' lang='lat' dir='ltr'>naturalis</span> <span class='ocrx_word' id='word_1_242' title='bbox 575 1731 649 1767; x_wconf 76' lang='lat' dir='ltr'>ira.</span> 
     </span>
    </p>

    <p class='ocr_par' dir='ltr' id='par_1_5' title="bbox 264 1781 1559 2215">
     <span class='ocr_line' id='line_1_30' title="bbox 264 1781 1558 1833; baseline 0.007 -16"><span class='ocrx_word' id='word_1_243' title='bbox 264 1793 281 1824; x_wconf 92' lang='lat'>1</span> <span class='ocrx_word' id='word_1_244' title='bbox 377 1781 460 1818; x_wconf 88' lang='lat' dir='ltr'>Vll.</span> <span class='ocrx_word' id='word_1_245' title='bbox 518 1782 777 1831; x_wconf 88' lang='lat' dir='ltr'>Numquid,</span> <span class='ocrx_word' id='word_1_246' title='bbox 816 1786 1040 1833; x_wconf 88' lang='lat' dir='ltr'>quamvis</span> <span class='ocrx_word' id='word_1_247' title='bbox 1077 1798 1170 1825; x_wconf 90' lang='lat' dir='ltr'>non</span> <span class='ocrx_word' id='word_1_248' title='bbox 1209 1787 1274 1825; x_wconf 89' lang='lat' dir='ltr'>sit</span> <span class='ocrx_word' id='word_1_249' title='bbox 1309 1788 1558 1827; x_wconf 85' lang='lat' dir='ltr'>naturalis</span> 
     </span>
     <span class='ocr_line' id='line_1_31' title="bbox 299 1835 1559 1890; baseline 0.007 -19"><span class='ocrx_word' id='word_1_250' title='bbox 299 1835 392 1882; x_wconf 90' lang='lat' dir='ltr'>ira,</span> <span class='ocrx_word' id='word_1_251' title='bbox 413 1836 719 1876; x_wconf 85' lang='lat' dir='ltr'>adsumenda</span> <span class='ocrx_word' id='word_1_252' title='bbox 738 1843 832 1885; x_wconf 88' lang='lat' dir='ltr'>est,</span> <span class='ocrx_word' id='word_1_253' title='bbox 854 1841 970 1887; x_wconf 86' lang='lat' dir='ltr'>quia</span> <span class='ocrx_word' id='word_1_254' title='bbox 988 1842 1132 1879; x_wconf 86' lang='lat' dir='ltr'>utilis</span> <span class='ocrx_word' id='word_1_255' title='bbox 1153 1852 1304 1890; x_wconf 85' lang='lat' dir='ltr'>saepe</span> <span class='ocrx_word' id='word_1_256' title='bbox 1324 1843 1442 1880; x_wconf 68' lang='lat' dir='ltr'>suit?</span> <span class='ocrx_word' id='word_1_257' title='bbox 1479 1843 1559 1880; x_wconf 88' lang='lat' dir='ltr'>Ex-</span> 
     </span>
     <span class='ocr_line' id='line_1_32' title="bbox 297 1889 1554 1944; baseline 0.007 -18"><span class='ocrx_word' id='word_1_258' title='bbox 297 1889 396 1927; x_wconf 89' lang='lat' dir='ltr'>tollit</span> <span class='ocrx_word' id='word_1_259' title='bbox 421 1890 571 1930; x_wconf 84' lang='lat' dir='ltr'>animes</span> <span class='ocrx_word' id='word_1_260' title='bbox 595 1896 634 1930; x_wconf 89' lang='lat' dir='ltr'>et</span> <span class='ocrx_word' id='word_1_261' title='bbox 659 1893 803 1931; x_wconf 87' lang='lat' dir='ltr'>incitat.</span> <span class='ocrx_word' id='word_1_262' title='bbox 858 1905 930 1932; x_wconf 90' lang='lat' dir='ltr'>nec</span> <span class='ocrx_word' id='word_1_263' title='bbox 952 1895 1159 1944; x_wconf 90' lang='lat' dir='ltr'>quicquam</span> <span class='ocrx_word' id='word_1_264' title='bbox 1182 1897 1266 1934; x_wconf 89' lang='lat' dir='ltr'>sine</span> <span class='ocrx_word' id='word_1_265' title='bbox 1289 1897 1354 1935; x_wconf 85' lang='lat' dir='ltr'>illa</span> <span class='ocrx_word' id='word_1_266' title='bbox 1381 1898 1554 1944; x_wconf 82' lang='lat' dir='ltr'>magnifi-</span> 
     </span>
     <span class='ocr_line' id='line_1_33' title="bbox 298 1945 1557 1996; baseline 0.008 -16"><span class='ocrx_word' id='word_1_267' title='bbox 298 1952 385 1981; x_wconf 87' lang='lat' dir='ltr'>cum</span> <span class='ocrx_word' id='word_1_268' title='bbox 404 1945 442 1981; x_wconf 90' lang='lat' dir='ltr'>in</span> <span class='ocrx_word' id='word_1_269' title='bbox 462 1945 565 1984; x_wconf 87' lang='lat' dir='ltr'>bello</span> <span class='ocrx_word' id='word_1_270' title='bbox 587 1947 772 1986; x_wconf 85' lang='lat' dir='ltr'>fortitudo</span> <span class='ocrx_word' id='word_1_271' title='bbox 794 1949 912 1996; x_wconf 79' lang='lat' dir='ltr'>gerit,</span> <span class='ocrx_word' id='word_1_272' title='bbox 941 1950 1015 1987; x_wconf 87' lang='lat' dir='ltr'>nisi</span> <span class='ocrx_word' id='word_1_273' title='bbox 1035 1950 1124 1988; x_wconf 90' lang='lat' dir='ltr'>hinc</span> <span class='ocrx_word' id='word_1_274' title='bbox 1144 1949 1300 1988; x_wconf 87' lang='lat' dir='ltr'>flamma</span> <span class='ocrx_word' id='word_1_275' title='bbox 1320 1951 1476 1990; x_wconf 84' lang='lat' dir='ltr'>subdita</span> <span class='ocrx_word' id='word_1_276' title='bbox 1496 1957 1557 1990; x_wconf 87' lang='lat' dir='ltr'>est</span> 
     </span>
     <span class='ocr_line' id='line_1_34' title="bbox 297 1997 1554 2051; baseline 0.009 -18"><span class='ocrx_word' id='word_1_277' title='bbox 297 1997 417 2035; x_wconf 89' lang='lat' dir='ltr'>ethic</span> <span class='ocrx_word' id='word_1_278' title='bbox 437 1999 617 2040; x_wconf 92' lang='lat' dir='ltr'>stimulus</span> <span class='ocrx_word' id='word_1_279' title='bbox 636 2003 867 2050; x_wconf 81' lang='lat' dir='ltr'>peragitavit</span> <span class='ocrx_word' id='word_1_280' title='bbox 892 2005 1075 2051; x_wconf 89' lang='lat' dir='ltr'>misitque</span> <span class='ocrx_word' id='word_1_281' title='bbox 1101 2005 1139 2042; x_wconf 90' lang='lat' dir='ltr'>in</span> <span class='ocrx_word' id='word_1_282' title='bbox 1167 2006 1342 2051; x_wconf 90' lang='lat' dir='ltr'>pericula</span> <span class='ocrx_word' id='word_1_283' title='bbox 1368 2006 1554 2044; x_wconf 86' lang='lat' dir='ltr'>audaces.</span> 
     </span>
     <span class='ocr_line' id='line_1_35' title="bbox 299 2050 1553 2107; baseline 0.008 -19"><span class='ocrx_word' id='word_1_284' title='bbox 299 2050 493 2098; x_wconf 90' lang='lat' dir='ltr'>Optimum</span> <span class='ocrx_word' id='word_1_285' title='bbox 513 2055 646 2103; x_wconf 90' lang='lat' dir='ltr'>itaque</span> <span class='ocrx_word' id='word_1_286' title='bbox 666 2057 823 2104; x_wconf 86' lang='lat' dir='ltr'>quidam</span> <span class='ocrx_word' id='word_1_287' title='bbox 844 2063 983 2106; x_wconf 88' lang='lat' dir='ltr'>putant</span> <span class='ocrx_word' id='word_1_288' title='bbox 1001 2063 1218 2107; x_wconf 88' lang='lat' dir='ltr'>temperare</span> <span class='ocrx_word' id='word_1_289' title='bbox 1238 2059 1353 2106; x_wconf 91' lang='lat' dir='ltr'>iram,</span> <span class='ocrx_word' id='word_1_290' title='bbox 1382 2071 1459 2098; x_wconf 88' lang='lat' dir='ltr'>non</span> <span class='ocrx_word' id='word_1_291' title='bbox 1480 2061 1553 2099; x_wconf 86' lang='lat' dir='ltr'>tol-</span> 
     </span>
     <span class='ocr_line' id='line_1_36' title="bbox 296 2106 1552 2159; baseline 0.009 -18"><span class='ocrx_word' id='word_1_292' title='bbox 296 2106 388 2153; x_wconf 90' lang='lat' dir='ltr'>lere,</span> <span class='ocrx_word' id='word_1_293' title='bbox 410 2116 538 2155; x_wconf 87' lang='lat' dir='ltr'>eoque</span> <span class='ocrx_word' id='word_1_294' title='bbox 558 2110 732 2150; x_wconf 84' lang='lat' dir='ltr'>detracto</span> <span class='ocrx_word' id='word_1_295' title='bbox 753 2113 860 2159; x_wconf 89' lang='lat' dir='ltr'>quod</span> <span class='ocrx_word' id='word_1_296' title='bbox 881 2114 1064 2159; x_wconf 87' lang='lat' dir='ltr'>exundat,</span> <span class='ocrx_word' id='word_1_297' title='bbox 1087 2114 1136 2151; x_wconf 90' lang='lat' dir='ltr'>ad</span> <span class='ocrx_word' id='word_1_298' title='bbox 1157 2115 1366 2152; x_wconf 89' lang='lat' dir='ltr'>salutarem</span> <span class='ocrx_word' id='word_1_299' title='bbox 1393 2115 1552 2152; x_wconf 88' lang='lat' dir='ltr'>modum</span> 
     </span>
     <span class='ocr_line' id='line_1_37' title="bbox 297 2162 1552 2215; baseline 0.007 -18"><span class='ocrx_word' id='word_1_300' title='bbox 297 2169 459 2208; x_wconf 79' lang='lat' dir='ltr'>cogere,</span> <span class='ocrx_word' id='word_1_301' title='bbox 492 2162 532 2200; x_wconf 91' lang='lat' dir='ltr'>id</span> <span class='ocrx_word' id='word_1_302' title='bbox 558 2175 652 2203; x_wconf 90' lang='lat' dir='ltr'>vero</span> <span class='ocrx_word' id='word_1_303' title='bbox 676 2166 864 2214; x_wconf 86' lang='lat' dir='ltr'>retinere,</span> <span class='ocrx_word' id='word_1_304' title='bbox 894 2168 978 2205; x_wconf 89' lang='lat' dir='ltr'>sine</span> <span class='ocrx_word' id='word_1_305' title='bbox 999 2177 1077 2215; x_wconf 89' lang='lat' dir='ltr'>quo</span> <span class='ocrx_word' id='word_1_306' title='bbox 1097 2168 1295 2215; x_wconf 82' lang='lat' dir='ltr'>languebit</span> <span class='ocrx_word' id='word_1_307' title='bbox 1313 2169 1413 2207; x_wconf 88' lang='lat' dir='ltr'>actio</span> <span class='ocrx_word' id='word_1_308' title='bbox 1435 2173 1473 2207; x_wconf 87' lang='lat' dir='ltr'>et</span> <span class='ocrx_word' id='word_1_309' title='bbox 1490 2169 1552 2206; x_wconf 89' lang='lat' dir='ltr'>vis</span> 
     </span>
    </p>

    <p class='ocr_par' dir='ltr' id='par_1_6' title="bbox 249 2215 1552 2326">
     <span class='ocr_line' id='line_1_38' title="bbox 249 2215 1552 2262; baseline 0.008 -11"><span class='ocrx_word' id='word_1_310' title='bbox 249 2219 279 2252; x_wconf 64' lang='lat'>,2</span> <span class='ocrx_word' id='word_1_311' title='bbox 295 2223 340 2252; x_wconf 85' lang='lat' dir='ltr'>ac</span> <span class='ocrx_word' id='word_1_312' title='bbox 358 2215 471 2262; x_wconf 84' lang='lat' dir='ltr'>vigor</span> <span class='ocrx_word' id='word_1_313' title='bbox 490 2217 607 2256; x_wconf 87' lang='lat' dir='ltr'>animi</span> <span class='ocrx_word' id='word_1_314' title='bbox 626 2222 859 2260; x_wconf 89' lang='lat' dir='ltr'>resolvetur.</span> <span class='ocrx_word' id='word_1_315' title='bbox 898 2222 1066 2260; x_wconf 86' lang='lat' dir='ltr'>Primum</span> <span class='ocrx_word' id='word_1_316' title='bbox 1088 2222 1239 2260; x_wconf 84' lang='lat' dir='ltr'>facilius</span> <span class='ocrx_word' id='word_1_317' title='bbox 1259 2228 1319 2261; x_wconf 93' lang='lat' dir='ltr'>est</span> <span class='ocrx_word' id='word_1_318' title='bbox 1339 2223 1552 2262; x_wconf 88' lang='lat' dir='ltr'>excludere</span> 
     </span>
     <span class='ocr_line' id='line_1_39' title="bbox 295 2270 1551 2326; baseline 0.009 -21"><span class='ocrx_word' id='word_1_319' title='bbox 295 2270 520 2316; x_wconf 87' lang='lat' dir='ltr'>perniciosa</span> <span class='ocrx_word' id='word_1_320' title='bbox 540 2283 656 2320; x_wconf 86' lang='lat' dir='ltr'>quam</span> <span class='ocrx_word' id='word_1_321' title='bbox 675 2285 834 2324; x_wconf 80' lang='lat' dir='ltr'>regere,</span> <span class='ocrx_word' id='word_1_322' title='bbox 857 2281 895 2315; x_wconf 87' lang='lat' dir='ltr'>et</span> <span class='ocrx_word' id='word_1_323' title='bbox 920 2287 998 2315; x_wconf 88' lang='lat' dir='ltr'>non</span> <span class='ocrx_word' id='word_1_324' title='bbox 1017 2276 1219 2315; x_wconf 89' lang='lat' dir='ltr'>admittere</span> <span class='ocrx_word' id='word_1_325' title='bbox 1240 2288 1357 2326; x_wconf 84' lang='lat' dir='ltr'>quam</span> <span class='ocrx_word' id='word_1_326' title='bbox 1378 2278 1551 2316; x_wconf 87' lang='lat' dir='ltr'>admissa</span> 
     </span>
    </p>
   </div>
  </div>
 </body>
</html>
