1624 2626
297 182 351 230 58
544 190 560 217 ἕ
673 188 716 227 L.
742 185 933 227 ANNAEI
961 187 1186 228 SENECAE

298 291 385 328 luce
405 289 660 338 properantia
677 285 795 338 quam
817 293 950 336 turpes
970 287 1080 335 lites,
1109 291 1256 336 quanto
1275 287 1470 337 turpiores
1492 290 1560 328 ad-

295 349 463 382 vocatos
485 344 660 382 habent?
677 344 776 381 alius
797 342 942 381 iudicia
962 343 1083 390 patris
1102 347 1281 390 accusat,
1301 354 1402 391 quae
1420 343 1562 382 mereri

299 398 424 437 satius
445 398 526 436 suit.
562 398 662 436 alius
681 408 771 435 cum
793 402 916 435 matre
936 397 1131 435 consistit.·
1166 397 1267 435 alius
1288 398 1439 437 delator
1458 397 1563 437 venit

296 453 382 491 eius
399 452 582 498 criminis,
604 451 716 490 cuius
735 451 978 489 manifestior
996 461 1089 489 reus
1106 455 1178 488 est.
1208 457 1245 490 et
1264 452 1385 489 iudex
1403 452 1561 490 damna-

296 512 404 545 turus
435 517 537 555 quae
566 506 658 544 fecit
685 505 838 554 eligitur
864 510 903 543 et
929 515 1076 544 corona
1095 515 1168 553 pro
1189 507 1290 544 mala
1316 516 1439 545 causa
1458 507 1562 545 bona

299 561 452 609 patroni
473 571 572 599 voce
593 565 789 608 corrupta.

261 616 279 647 l
384 616 486 653 VIII.
525 614 625 662 Quid
661 614 816 662 singula
849 617 1102 662 persequor?
1133 624 1222 651 cum
1252 614 1401 653 videris
1435 615 1562 653 forum

269 671 271 673 ’
295 670 538 708 multitudine
560 670 746 707 refertum
766 674 804 707 et
823 673 936 716 septa
956 678 1153 706 concursu
1173 669 1298 706 omnis
1321 670 1563 716 frequentiae

294 725 410 772 plena
438 729 477 762 et
502 725 609 762 illum
637 723 805 770 circum,
833 723 871 760 in
900 733 978 771 quo
1005 722 1215 760 maximam
1239 724 1300 761 sui
1323 729 1472 771 partem
1492 735 1562 772 po-

296 780 411 826 pulus
433 779 625 816 ostendit:
656 778 731 815 hoc
761 778 873 824 scito,
902 777 989 816 istic
1008 778 1249 815 tantumdem
1267 788 1359 816 esse
1378 777 1561 817 vitiorum

255 833 278 865 2
295 837 482 881 quantum
503 827 711 870 hominuin.
749 832 854 870 Inter
879 832 977 870 istos
998 842 1100 879 quos
1120 835 1275 879 togatos
1297 833 1433 880 vides,
1457 834 1563 871 nulla

293 898 373 935 pax
401 891 480 925 est:
510 888 607 924 alter
626 887 662 924 in
684 886 843 925 alterius
864 887 1022 925 exitium
1051 887 1128 924 levi
1151 885 1374 934 conpendio
1394 886 1560 926 ducitur.

292 942 387 979 nulli
407 942 482 979 nisi
503 952 553 979 ex
570 942 730 979 alterius
751 941 891 979 iniuria
908 946 1096 988 quaestus
1112 945 1182 978 est.
1213 941 1365 979 felicem
1383 941 1560 984 oderunt,

291 996 487 1034 infelicem
509 1001 773 1033 contemnunt.
803 995 991 1032 maiorem
1010 1000 1240 1042 gravantur,
1260 996 1397 1034 minori
1417 1006 1560 1042 graves

292 1054 396 1089 sunt.
428 1050 597 1088 diversis
616 1049 860 1087 stimulantur
876 1049 1168 1096 cupiditatibus.
1196 1049 1326 1088 omnia
1341 1050 1493 1098 perdita
1510 1050 1560 1088 ob

291 1106 418 1142 levem
441 1105 678 1151 voluptatem
701 1104 969 1151 praedamque
990 1105 1164 1151 cupiunt.
1191 1115 1269 1142 non
1290 1104 1365 1142 alia
1385 1115 1500 1152 quam
1521 1105 1559 1144 in

291 1159 385 1198 ludo
414 1159 647 1206 gladiatorio
675 1158 754 1196 vita
781 1163 843 1196 est
871 1168 960 1196 cum
988 1158 1114 1196 isdem
1142 1158 1355 1197 viventium
1384 1169 1559 1207 pugnan-

253 1212 277 1246 3
292 1213 478 1261 tiumque.
508 1213 694 1250 Ferarum
711 1212 784 1250 iste
800 1218 1018 1251 conventus
1039 1216 1110 1258 est,
1131 1212 1206 1250 nisi
1228 1214 1333 1260 quod
1354 1214 1442 1253 illae
1461 1213 1561 1253 inter

291 1278 336 1306 se
357 1268 535 1316 placidae
557 1273 648 1306 sunt
666 1277 882 1315 morsuque
909 1266 1091 1305 similium
1119 1267 1332 1314 abstinent,
1361 1268 1398 1305 hi
1427 1273 1560 1306 mutua

291 1322 529 1360 laceratione
549 1321 751 1360 satiantur.
780 1321 857 1360 hoc
876 1326 1005 1359 autem
1022 1331 1101 1359 uno
1124 1321 1172 1358 ab
1192 1322 1423 1360 animalibus
1443 1323 1558 1360 mutis

292 1376 497 1423 differunt,
523 1377 630 1423 quod
650 1376 715 1414 illa
734 1380 1015 1414 mansuescunt
1034 1375 1246 1423 alentibus,
1267 1375 1404 1414 horum
1427 1377 1557 1414 rabies

291 1432 404 1479 ipsos
424 1441 447 1468 a
467 1430 610 1478 quibus
632 1435 693 1469 est
711 1430 872 1478 nutrita,
893 1431 1132 1478 depascitur.

256 1484 299 1515 1-
370 1485 434 1522 IX.
471 1485 692 1533 Numquam
711 1484 830 1523 irasci
858 1485 1013 1523 desinet
1039 1485 1221 1533 sapiens,
1251 1483 1286 1522 si
1315 1485 1438 1522 semel
1467 1494 1557 1523 coe-

292 1538 410 1587 perit:
431 1539 564 1578 omnia
582 1540 799 1578 sceleribus
819 1550 865 1577 ac
887 1539 988 1578 vitiis
1011 1539 1127 1587 plena
1146 1544 1249 1577 sunt.
1277 1540 1367 1586 plus
1385 1540 1556 1577 commit-

289 1593 381 1632 titur
408 1605 525 1642 quam
554 1595 662 1642 quod
691 1594 819 1642 possit
847 1593 1085 1632 coercitione
1106 1593 1250 1631 sanari.
1296 1593 1473 1632 Certatur
1500 1594 1557 1631 in·

290 1649 395 1695 genti
416 1648 574 1697 quidem
595 1649 793 1696 nequitiae
812 1648 1040 1686 certamine:
1060 1648 1185 1685 maior
1204 1647 1347 1686 cotidie
1366 1648 1556 1696 peccandi

290 1703 498 1750 cupiditas,
518 1703 645 1741 minor
661 1702 899 1740 verecundia
914 1707 986 1740 est.
1014 1702 1192 1751 Expulso
1209 1702 1380 1741 melioris
1396 1703 1557 1750 aequio-

288 1757 424 1805 risque
443 1762 646 1805 respectu,
676 1767 927 1805 quocumque
944 1756 1075 1795 visum
1095 1763 1156 1795 est
1173 1756 1293 1795 libido
1314 1767 1359 1794 se
1379 1756 1554 1804 inpingit,

290 1821 366 1849 nec
393 1812 535 1850 furtiva
560 1811 637 1850 iam
657 1812 809 1849 scelera
829 1816 938 1849 sunt:
968 1817 1123 1860 praeter
1142 1811 1282 1849 oeulos
1299 1816 1413 1859 eunt,
1435 1812 1554 1850 adeo-

291 1876 369 1913 que
389 1866 425 1904 in
448 1866 647 1915 publicum
667 1867 790 1904 missa
809 1866 982 1914 nequitia
1002 1871 1063 1904 est
1081 1871 1119 1905 et
1138 1865 1175 1904 in
1198 1866 1368 1904 omnium
1388 1867 1554 1913 pectori-

252 1920 274 1953 2
290 1920 364 1958 bus
392 1920 556 1968 evaluit,
584 1926 627 1960 ut
652 1920 877 1959 innocentia
895 1932 974 1959 non
996 1931 1095 1967 rara,
1117 1920 1189 1958 sed
1205 1920 1311 1958 nul-la
1330 1920 1391 1958 sit.
1436 1921 1552 1959 Num·

290 1974 384 2022 quid
405 1976 506 2013 enim
527 1975 670 2023 singuli
689 1979 756 2013 aut
775 1976 891 2023 pauci
910 1986 1054 2023 rupere
1077 1976 1230 2022 legem?
1256 1975 1430 2022 undique
1449 1976 1554 2015 velut

289 2029 404 2077 signo
427 2029 518 2068 dato
541 2031 589 2068 ad
610 2031 670 2068 sas
690 2031 884 2078 nefasque
904 2030 1146 2068 miscendum
1169 2028 1293 2067 coorti
1313 2033 1416 2068 sunt.

536 2085 620 2123 Non
639 2085 774 2134 hospes
792 2086 841 2123 ab
858 2085 1002 2133 hospite
1019 2088 1134 2131 tutus,

340 2147 416 2175 non
434 2147 542 2176 socer
560 2150 586 2176 a
600 2150 754 2186 ,qa-nero.
787 2140 960 2187 fratrum
979 2148 1124 2187 quoque
1137 2139 1267 2184 qratia
1284 2148 1382 2176 rara
1403 2143 1468 2176 est.

340 2193 497 2230 inminet
516 2196 632 2231 exitio
650 2196 709 2232 vir
725 2196 914 2241 coniuqis,
933 2195 1002 2232 illa
1018 2193 1157 2230 mariti.

340 2246 473 2284 lurida
491 2248 676 2286 terribiles
694 2251 852 2287 miscent
867 2249 1017 2287 aconita
1035 2256 1230 2284 novercae.

336 2301 442 2347 silius
458 2306 546 2340 ante
565 2302 664 2341 diem
675 2305 828 2351 patrios
846 2303 1005 2351 inquirit
1021 2303 1060 2340 in
1079 2311 1208 2339 annos.
