1624 2626
0 0 8 222 '

0 497 4 656 l

124 186 194 224 AD
206 183 441 223 HELVIAM
448 182 668 222 MATREM
677 183 742 222 DE
754 181 1146 222 CONSOLATIONE.
1161 187 1275 224 7—9.
1294 179 1376 222 245

99 286 236 334 crede,
267 284 318 324 ab
345 285 434 333 illo,
465 283 650 334 quisquis
671 285 864 324 formator
880 284 1061 323 universi
1080 284 1172 332 fuit,
1204 283 1292 324 sive
1310 285 1376 324 ille

98 343 199 381 deus
225 346 288 380 est
313 345 459 390 potens
487 340 685 389 omnium,
720 341 806 379 sive
834 340 1098 389 incorporalis
1117 342 1217 379 ratio
1237 341 1375 390 ingen—

97 399 192 438 tium
212 407 378 447 operum
400 396 554 444 artifex,
577 396 665 435 sive
685 396 846 435 divinus
865 395 1031 445 spiritus
1052 406 1126 445 per
1146 396 1279 435 omnia
1292 407 1376 436 ma-

95 453 203 492 xima
228 463 278 492 ac
302 452 464 491 minima
492 451 653 501 aequali
680 452 897 492 intentione
916 451 1109 500 diffusuS,
1147 451 1234 491 sive
1253 453 1376 491 satum

95 513 134 548 et
153 507 394 548 inmutabilis
415 518 630 547 causarum
651 507 754 546 inter
773 518 819 546 se
839 507 1136 547 cohaerentium
1152 508 1299 547 series:
1320 508 1374 555 id,

95 565 278 614 inquam,
301 569 430 603 actum
451 568 526 612 cst,
547 569 592 603 ut
611 563 648 601 in
671 564 844 602 alienum
862 562 1066 602 arbitrium
1086 564 1164 603 nisi
1181 563 1376 602 vilissima

96 630 283 670 quaeque
309 631 391 659 non
419 619 622 658 caderent.
666 618 865 668 Quicquid
893 620 1086 668 optimum
1114 619 1266 658 homini
1293 622 1413 667 est‚4

94 675 138 715 id
169 682 283 716 extra
314 675 528 714 humanam
559 675 779 724 potentiam
806 674 922 714 iacet.
966 685 1043 714 nec
1070 675 1155 714 dari
1174 685 1252 714 nec
1274 675 1375 725 eripi

92 737 240 781 potest.
281 731 454 770 mundus
470 730 555 779 hic,
584 741 665 780 quo
687 731 785 769 nihil
803 741 936 780 neque
956 732 1084 770 maius
1102 741 1237 780 neque
1258 742 1375 771 orna-

93 787 173 827 tius
198 798 332 827 rerum
357 793 500 826 natura
526 786 682 836 genuit,
709 787 866 826 animus
893 788 1185 835 contemplator
1204 787 1375 825 admira-

93 849 237 892 torque
265 842 421 891 mundi,
449 853 546 892 pars
566 842 654 882 eius
673 841 1089 891 magnificentissima,
1118 841 1285 892 propria
1303 852 1376 882 no-

95 899 157 938 bis
177 904 216 938 et
235 903 430 948 perpetua
449 903 488 936 et
507 898 659 938 tamdiu
678 899 889 938 nobiscum
908 909 1098 938 mansura
1117 903 1220 945 sunt,
1238 908 1376 948 quam—

94 956 165 995 diu
182 955 262 1004 ipsi
281 954 543 994 manebimus.
571 955 741 993 Alacres
761 955 897 1003 itaque
913 959 951 993 et
966 954 1102 1003 erecti,
1119 964 1375 1003 quocumque
1389 962 1411 996 5

92 1021 160 1050 res
179 1009 530 1059 tulerit‚intrepido
550 1010 679 1059 gradu
698 1020 977 1059 properemus.
1006 1010 1239 1048 emetiamur
1254 1020 1374 1059 quas-

94 1077 267 1116 cumque
292 1071 440 1105 terras:
472 1067 624 1105 nullum
651 1065 822 1105 inveniri
850 1066 1014 1104 exilium
1043 1065 1146 1104 intra
1182 1066 1375 1104 mundum

94 1126 263 1172 [potJest
281 1122 452 1161 alienum
471 1121 622 1161 homini
642 1125 748 1169 [estJ.
791 1121 1075 1170 undecumque
1096 1131 1148 1160 ex
1168 1131 1300 1170 aequo
1323 1121 1375 1160 ad

93 1179 251 1217 coelum
283 1177 445 1226 erigitur
478 1179 608 1226 acies,
643 1178 808 1226 paribus
835 1178 1055 1216 intervallis
1084 1179 1218 1216 omnia
1238 1176 1375 1216 divina

92 1234 143 1274 ab
173 1233 358 1274 omnibus
383 1233 568 1272 humanis
589 1233 750 1273 distant.
792 1233 966 1272 Proinde
985 1233 1078 1272 dum
1101 1232 1207 1272 oculi
1226 1233 1304 1271 mei
1323 1232 1374 1271 ab
1391 1236 1412 1272 6

90 1291 157 1331 illo
174 1291 429 1339 spectaculo,
459 1289 574 1328 cuius
598 1289 844 1328 insatiabiles
866 1293 979 1335 sunt,
1009 1300 1090 1328 non
1111 1288 1374 1338 abducantur,

93 1346 187 1386 dum
207 1346 300 1384 mihi
321 1346 448 1384 solem
467 1347 684 1394 lunamque
702 1346 846 1385 intueri
867 1346 1002 1392 liceat,
1033 1345 1127 1383 dum
1147 1345 1291 1383 ceteris
1314 1344 1373 1383 in-

91 1401 258 1440 haerere
291 1401 512 1447 sideribus,
548 1401 643 1440 dum
673 1407 785 1441 ortus
813 1411 952 1439 eorum
981 1410 1237 1448 occasusque
1256 1406 1296 1439 et
1314 1400 1374 1438 in-

91 1458 258 1496 tervalla
275 1462 314 1496 et
333 1467 479 1496 causas
493 1457 735 1505 investigare
750 1457 932 1496 velocius
947 1456 1109 1495 meandi
1126 1456 1190 1494 vel
1206 1455 1372 1504 tardius,

92 1517 278 1561 spectare
304 1517 364 1551 tot
390 1523 462 1561 per
489 1517 647 1552 noctem
678 1514 818 1552 stellas>
844 1512 1036 1551 micantes
1065 1517 1105 1550 et
1123 1512 1223 1550 alias
1246 1511 1375 1551 inmo-

92 1568 216 1615 biles,
232 1564 235 1566 ’
253 1567 353 1606 alias
379 1579 461 1606 non
487 1567 527 1606 in
556 1579 745 1617 magnum
764 1569 939 1618 spatium
961 1573 1156 1606 exeuntes
1177 1568 1252 1606 sed
1271 1568 1375 1606 intra

92 1634 209 1662 suum
232 1633 277 1662 se
296 1623 610 1671 circumagentes
630 1624 854 1673 vestigium,
876 1624 1074 1672 quasdam
1095 1623 1227 1662 subito
1245 1634 1375 1661 erum-

91 1685 256 1728 penteS,
285 1679 481 1728 quasdam
501 1679 594 1727 igne
614 1679 704 1718 suso
724 1679 1064 1728 praestringentes
1085 1679 1231 1725 aciem,
1255 1678 1374 1728 quasi

91 1735 299 1781 decidant,
333 1734 398 1773 vel
430 1735 552 1782 longo
589 1739 717 1773 tractu
750 1745 839 1773 cum
870 1736 961 1773 luce
988 1736 1111 1773 multa
1141 1740 1373 1783 praetervo-

91 1791 239 1838 lantes,
268 1791 363 1829 dum
390 1801 481 1828 cum
499 1789 563 1828 his
591 1790 664 1828 sim
684 1794 725 1829 et
743 1790 1008 1838 coelestibus,
1038 1789 1119 1839 qua
1139 1790 1290 1828 homini
1310 1791 1372 1829 fas

92 1851 174 1895 est,
202 1846 435 1893 inmiscear,
464 1845 559 1884 dum
580 1846 754 1884 animum
774 1846 826 1885 ad
847 1852 1106 1894 cognatarum
1126 1856 1259 1884 rerum
1277 1857 1373 1884 con-

92 1907 273 1952 spectum
292 1901 520 1941 tendentem
540 1901 579 1939 in
598 1900 758 1940 sublimi
779 1912 940 1951 semper
958 1901 1149 1941 habeam:
1180 1906 1374 1950 quantum

89 1958 212 1997 refert
232 1968 334 2006 mea,
355 1957 452 2006 quid
470 1957 649 1995 calcem?

172 2013 239 2052 IX.
265 2014 345 2062 „At
366 2023 447 2051 non
467 2017 529 2051 est
547 2012 648 2051 haec
668 2017 774 2052 terra
794 2011 1075 2061 frugiferarum
1094 2017 1162 2051 aut
1179 2012 1372 2053 laetarum
1390 2019 1411 2053 1

91 2069 279 2108 arborum
298 2069 424 2107 ferax.
468 2079 549 2108 non
569 2068 726 2117 magnis
747 2077 822 2106 nec
844 2067 1139 2116 navigabilibus
1163 2067 1372 2108 fluminum

91 2126 216 2164 alveis
236 2124 441 2174 inrigatur.
473 2124 570 2163 nihil
588 2124 725 2173 gignit,
734 2124 844 2172 quod
863 2123 966 2162 aliae
984 2128 1124 2171 gentes
1145 2129 1292 2173 petant,
1301 2124 1372 2164 vix

93 2180 147 2220 ad
167 2181 331 2220 tutelam
357 2180 614 2220 incolentium
642 2179 794 2218 fertilis.
837 2190 918 2219 non
946 2179 1148 2228 pretiosus
1175 2178 1240 2219 hic
1264 2181 1369 2229 lapis

93 2235 291 2283 caeditur,
318 2246 399 2274 non
426 2236 513 2275 auri
539 2235 776 2284 argentique
804 2245 934 2273 venae
953 2238 1189 2274 eruunturst
1229 2235 1407 2284 Augu-2

94 2295 180 2330 stus
205 2292 361 2331 animus
389 2296 471 2339 est,
502 2302 621 2341 quem
649 2297 808 2330 terrena
835 2290 1055 2329 delectant:
1085 2291 1137 2330 ad
1155 2290 1223 2330 illa
1241 2291 1368 2331 abdu-

94 2347 245 2387 cendus
266 2351 346 2397 est,
378 2357 483 2397 quae
501 2348 651 2398 ubique
672 2357 801 2397 aeque
821 2346 1035 2397 adparent,
1067 2346 1217 2397 ubique
1237 2357 1369 2397 aeque
