1592 2580
308 168 389 209 300
655 168 699 206 L.
726 167 915 205 ANNAE1
945 166 1167 207 SENECAE

271 273 290 306 1
384 268 434 305 V.
462 266 513 306 Ut
526 277 550 305 a
564 267 754 315 proximis
771 266 986 305 mendaciis
1003 266 1181 315 incipiam
1192 296 1202 315 ,
1222 266 1361 305 falsum
1376 268 1438 304 est
1451 264 1558 303 faces

307 327 346 362 et
369 322 503 360 trabes
528 322 682 360 turbine
710 321 888 369 exprimi.
925 321 1039 359 turbo
1067 322 1166 359 enim
1194 322 1297 360 circa
1322 326 1447 359 terras
1466 330 1558 359 con-

308 377 448 425 cipitur
474 381 513 414 et
539 377 659 415 fertur
681 375 852 424 ideoque
873 375 1030 414 arbusta
1048 376 1233 414 radicitus
1252 376 1359 414 vellit
1378 380 1433 422 et,
1463 385 1557 423 qua-

308 441 479 479 cumque
503 431 695 478 incubuit,
730 432 859 469 solum
885 430 1024 477 nudat,
1064 431 1186 468 silvas
1213 428 1364 468 interim
1391 434 1429 468 et
1459 433 1562 467 tecta

308 486 528 534 corripiens
540 516 549 533 ,
579 486 739 524 inferior
757 486 839 523 sere
854 484 1021 523 nubibus
1032 515 1041 531 ,
1060 484 1193 532 utique
1208 495 1418 533 numquam
1434 484 1560 522 altior.

309 546 348 579 at
367 545 504 579 contra
522 541 652 579 trabes
673 540 813 579 editior
833 550 925 588 pars
947 540 1046 578 coeli
1066 539 1253 578 ostentat:
1282 539 1333 577 ita
1351 549 1562 586 numquam

270 599 292 632 2
308 594 478 634 nubibus
500 595 744 634 obstiterunt.
786 594 994 632 Praeterea
1012 594 1125 632 turbo
1147 594 1251 632 omni
1269 593 1372 631 nube
1387 593 1562 632 velocius

306 649 458 698 rapitur
484 655 523 688 et
548 650 586 688 in
615 649 749 688 orbem
767 650 939 688 vertitur.
978 659 1097 698 super
1122 649 1198 686 ista
1217 648 1403 686 velociter
1422 647 1564 686 desinit

307 709 347 743 et
371 704 458 753 ipse
487 714 532 742 se
557 705 597 742 vi
617 715 690 743 sua
707 705 862 752 rumpit.
899 703 1030 742 trabes
1050 708 1178 741 autem
1199 714 1277 741 non
1295 706 1564 741 transcurrunt

307 769 382 797 nec
402 759 695 806 praetervolant
712 764 755 798 ut
773 760 901 806 faces,
924 759 997 796 sed
1018 763 1296 796 conmorantur
1314 761 1352 795 et
1371 755 1408 794 in
1426 756 1564 794 eadem

271 815 293 849 3
310 813 409 852 coeli
435 819 547 861 parte
574 813 796 852 conlucent.
845 813 1110 852 Charmander
1138 822 1295 860 quoque
1322 811 1360 848 in
1383 821 1430 849 eo
1449 811 1562 858 libro,

310 878 426 916 quem
444 868 494 906 de
510 869 673 907 cometis
689 867 909 916 conposuit,
931 868 984 906 ait
999 868 1260 915 Anaxagorae
1276 866 1400 904 visum
1416 865 1564 913 grande

308 922 588 971 insolitumque
613 923 726 961 coelo
750 924 878 961 lumen
899 922 1164 969 magnitudine
1184 921 1337 969 amplae
1356 919 1489 958 trabis.
1526 924 1565 958 et

309 978 348 1015 id
374 987 446 1025 per
463 979 606 1016 multos
627 978 712 1015 dies
734 978 894 1015 fulsisse
915 976 1171 1015 Callisthenes
1192 977 1324 1022 tradit,
1355 979 1564 1023 antequam

271 1032 426 1070 4Burin
454 1036 493 1070 et
517 1033 678 1070 Helicen
707 1042 814 1070 mare
841 1031 1116 1070 absconderet.
1161 1031 1394 1068 Aristoteles
1415 1029 1466 1068 ait
1486 1040 1564 1068 non

307 1087 456 1124 trabem
484 1086 606 1134 illam,
639 1086 711 1125 sed
739 1091 918 1124 cometen
947 1085 1092 1124 fuisse:
1131 1090 1303 1123 ceterum
1330 1085 1380 1123 ob
1404 1083 1565 1122 nimium

308 1142 489 1179 ardorem
509 1153 587 1180 non
608 1141 844 1189 adparuisse
863 1151 1044 1189 sparsum
1066 1140 1213 1188 ignem,
1235 1139 1307 1177 sed
1328 1138 1565 1187 procedente

308 1200 505 1242 tempore,
536 1206 624 1234 cum
649 1196 725 1233 iam
753 1195 881 1232 minus
910 1194 1113 1241 flagraret,
1139 1194 1331 1232 redditam
1360 1203 1470 1231 suam
1499 1204 1564 1231 co-

307 1254 434 1287 metae
463 1249 614 1288 faciem.
660 1249 702 1287 In
730 1260 810 1296 quo
845 1249 936 1296 igne
966 1249 1086 1287 multa
1114 1248 1271 1296 quidem
1305 1248 1414 1285 fuere
1447 1247 1566 1295 digna

310 1314 413 1352 quae
441 1308 686 1351 notarentur,
714 1303 809 1341 nihil
827 1308 955 1341 tamen
974 1303 1119 1350 magis,
1150 1313 1265 1350 quam
1286 1301 1412 1350 quod,
1441 1307 1483 1340 ut
1501 1302 1565 1339 ille

309 1358 416 1396 fulsit
441 1358 477 1395 in
507 1360 638 1404 coelo,
670 1358 798 1396 statim
825 1367 947 1405 supra
972 1357 1092 1395 Burin
1114 1362 1152 1395 et
1171 1357 1331 1394 Helicen
1351 1366 1458 1394 mare
1481 1355 1564 1394 suit.

272 1417 292 1449 5
309 1413 506 1460 Numquid
532 1423 627 1460 ergo
655 1412 891 1450 Aristoteles
917 1422 998 1464 non
1018 1412 1120 1449 illam
1140 1415 1306 1458 tantum,
1337 1411 1407 1449 sed
1428 1420 1564 1449 omnes

308 1467 439 1505 trabes
474 1472 648 1506 cometas
677 1477 770 1505 esse
799 1466 1002 1513 credebat,
1033 1466 1135 1504 hanc
1162 1466 1354 1504 habentes
1382 1464 1564 1503 differen-

307 1522 419 1569 tiam,
441 1523 549 1569 quod
568 1522 629 1560 his
648 1521 856 1560 continuus
877 1521 978 1568 ignis
998 1524 1076 1568 est,
1101 1520 1240 1558 ceteris
1261 1523 1455 1568 sparsus?
1487 1524 1563 1557 tra·

306 1576 379 1614 bes
399 1576 502 1614 enim
523 1576 718 1614 flammam
739 1576 943 1624 aequalem
961 1575 1106 1613 habent
1124 1585 1197 1613 nec
1216 1575 1295 1613 ullo
1311 1574 1430 1612 modo
1447 1574 1564 1613 inter·

306 1631 469 1669 missam
488 1636 555 1669 aut
573 1631 815 1678 languidam,
846 1630 884 1667 in
904 1629 1048 1668 ultimis
1066 1639 1160 1667 vero
1179 1629 1358 1677 partibus
1376 1633 1562 1676 coactam,

309 1687 466 1733 qualem
492 1685 618 1724 fuisse
645 1685 682 1723 in
711 1684 796 1732 illa,
825 1684 876 1722 de
903 1695 981 1733 qua
1000 1684 1119 1723 modo
1140 1683 1274 1730 retuli,
1305 1683 1562 1722 Callisthenes

305 1740 435 1778 tradit.

270 1799 290 1833 1
385 1794 452 1832 VI.
480 1794 638 1842 ‚,Duo,
669 1792 1124 1842 inquitEpigenes,
1155 1797 1453 1831 cometarum
1478 1801 1560 1839 ge-

307 1859 426 1887 nera
451 1853 588 1887 sunt=
625 1847 690 1886 alii
718 1848 900 1886 ardorem
921 1847 1097 1895 undique
1117 1846 1322 1885 effundunt
1340 1857 1413 1884 nec
1431 1847 1562 1884 locum

306 1908 467 1941 mutant.
497 1903 560 1941 alii
581 1902 619 1940 in
639 1913 755 1941 unam
777 1908 928 1950 partem
947 1901 1077 1950 ignem
1095 1912 1238 1950 vagum
1258 1900 1295 1939 in
1316 1901 1474 1939 modum
1494 1910 1560 1938 co-

306 1968 394 1995 mae
414 1958 618 2006 porrigunt
635 1962 674 1995 et
692 1958 826 1996 stellas
846 1960 1150 2005 praetermeant,
1170 1957 1326 2004 (quales
1341 1956 1419 1993 duo
1435 1958 1561 1992 aetate

306 2017 443 2050 nostra
467 2012 544 2050 visi
571 2014 692 2056 sunt.)
741 2011 799 2049 Illi
825 2011 978 2060 priores
1007 2011 1130 2050 criniti
1154 2010 1330 2058 undique
1357 2013 1395 2047 et
1425 2008 1560 2047 inmoti

306 2066 474 2104 humiles
501 2067 582 2104 fere
610 2071 702 2104 sunt
728 2070 765 2104 et
791 2065 917 2104 isdem
937 2065 1087 2111 causis,
1119 2064 1261 2114 quibus
1280 2064 1410 2102 trabes
1433 2064 1559 2102 faces-

309 2131 407 2169 que,
437 2121 670 2168 conflantur,
691 2131 742 2159 ex
761 2120 989 2168 intemperie
1009 2119 1111 2158 aeris
1131 2118 1407 2159 turbidi'multa
1424 2127 1559 2156 secum

269 2175 417 2214 ‘zarida
443 2175 683 2224 humidaque
708 2175 821 2213 terris
851 2168 1031 2212 exhalata
1059 2173 1263 2212 versantis.
1299 2176 1432 2220 potest
1455 2171 1558 2210 enim

307 2230 468 2276 spiritus
496 2241 569 2278 per
597 2234 763 2277 angusta
790 2229 911 2267 elisus
938 2229 1156 2267 accendere
1182 2237 1302 2274 supra
1322 2237 1366 2265 se
1384 2226 1558 2275 positum

306 2285 419 2332 aera,
448 2284 606 2333 plenum
634 2283 826 2322 alimentis
852 2283 1005 2322 idoneis
1031 2281 1129 2331 igni,
1165 2281 1306 2319 deinde
1334 2281 1556 2330 propellere
