1624 2626
311 183 364 226 64
690 187 733 225 L.
762 186 951 225 ANNAEI
979 187 1205 226 SENECAE

312 297 392 326 non
413 285 629 326 mitioribus
649 288 788 326 animis
806 288 901 326 vitia
914 287 1065 326 leniora
1084 288 1292 327 coniuncta
1311 291 1414 335 sunt,
1441 291 1484 326 ut
1505 288 1574 326 mi-

312 341 531 380 sericordia
550 347 588 381 et
607 353 717 380 amor
736 348 774 381 et
791 342 1058 380 verecundia?
1097 343 1233 389 Itaque
1261 352 1383 389 saepe
1411 342 1478 380 tibi
1505 343 1575 382 bo-

311 406 402 434 nam
422 396 593 434 indolem
613 397 724 435 malis
745 407 903 445 quoque
923 397 1006 434 suis
1027 396 1246 434 ostendam.
1287 397 1361 434 sed
1386 407 1466 435 non
1485 397 1576 435 ideo

274 450 404 488 4vitia
422 461 501 489 non
531 456 640 498 sunt,
669 451 703 488 si
730 457 893 489 naturae
919 451 1092 488 melioris
1112 450 1256 488 indicia
1276 454 1379 488 sunt.
1426 451 1577 490 Deinde

311 515 449 543 omnes
476 506 576 543 istae
610 505 760 543 feritate
787 505 934 543 liberae
960 510 1099 552 gentes
1126 505 1284 543 leonum
1313 505 1576 552 luporumque

309 560 387 597 ritu
406 563 447 597 ut
467 560 617 598 servire
638 570 714 597 non
737 564 924 608 possunt,
953 559 1006 597 ita
1023 569 1097 596 nec
1117 558 1323 606 imperare.
1366 570 1444 597 non
1473 559 1577 597 enim

309 613 466 652 humani
488 613 565 652 vim
585 614 742 662 ingenii,
763 614 835 652 sed
855 614 926 651 seri
945 619 983 652 et
1000 612 1254 651 intractabilis
1274 612 1430 651 habent.
1459 623 1574 652 nemo

276 673 298 705 5
313 672 440 706 autem
459 679 598 716 regere
620 673 750 716 potest
770 668 843 706 nisi
867 667 934 715 qui
953 673 992 706 et
1010 668 1104 714 regi.
1146 667 1244 705 Fere
1262 667 1395 715 itaque
1411 667 1576 715 imperia

308 732 434 770 penes
455 733 525 760 eos
548 724 657 760 fuere
686 723 877 770 populos,
906 722 973 770 qui
1000 723 1151 760 mitiore
1175 722 1287 760 coelo
1315 726 1486 760 utuntur.
1534 723 1573 760 in

309 776 455 824 frigora
475 776 875 825 septemtrionemque
890 776 1142 825 vergentibus
1156 778 1402 814 inmansueta
1417 776 1574 824 ingenia

308 835 411 878 sunt,
431 836 473 870 ut
492 832 545 869 ait
563 835 694 879 poeta,

701 896 842 934 suoque
858 886 1048 924 simillima
1065 887 1179 924 coelo.

271 945 289 976 1
386 938 489 978 XVI.
528 939 760 987 ‚,Animalia‚
782 940 918 989 inquit,
938 940 1247 988 generosissima
1264 938 1468 986 habentur,
1487 940 1571 986 qui-

307 993 381 1032 bus
403 995 563 1032 multum
583 995 687 1032 inest
705 995 828 1032 irae.“
876 995 990 1032 Errat
1018 994 1084 1041 qui
1113 1004 1160 1031 ea
1185 994 1224 1031 in
1252 995 1475 1041 exemplum
1502 994 1572 1033 ho—

306 1047 422 1086 minis
443 1048 612 1096 abducit,
634 1049 778 1097 quibus
800 1059 871 1096 pro
887 1048 1038 1086 ratione
1058 1053 1119 1086 est
1138 1047 1316 1095 inpetus:
1336 1048 1483 1086 homini
1498 1058 1571 1096 pro

305 1102 442 1150 inpetu
461 1102 560 1140 ratio
582 1108 654 1141 est.
686 1102 766 1140 Sed
786 1113 836 1140 ne
855 1104 930 1141 illis
951 1102 1110 1150 quidem
1130 1102 1312 1140 omnibus
1332 1101 1436 1140 idem
1453 1103 1571 1150 prod-

306 1162 386 1196 est:
419 1156 625 1195 iracundia
643 1158 780 1195 leones
801 1158 977 1203 adiuvat,
1006 1167 1131 1204 pavor
1157 1166 1319 1203 cervos,
1346 1157 1572 1205 accipitrem

270 1216 292 1248 2
307 1211 478 1259 inpetus,
500 1211 722 1250 columbam
742 1212 845 1259 suga.
889 1211 999 1258 Quid,
1018 1211 1124 1259 quod
1141 1222 1190 1249 ne
1210 1211 1304 1248 illud
1325 1211 1484 1259 quidem
1505 1222 1571 1249 ve·

306 1276 393 1304 rum
414 1270 492 1313 est,
515 1266 662 1314 optima
681 1266 862 1303 animalia
881 1276 973 1303 esse
991 1265 1322 1304 iracundissima2
1362 1266 1467 1303 seras
1499 1276 1570 1313 pu·

306 1326 402 1367 tem,
426 1321 570 1368 quibus
595 1330 645 1358 ex
662 1325 777 1368 raptu
797 1320 978 1358 alimenta
998 1325 1107 1367 sunt,
1135 1321 1318 1358 meliores
1340 1330 1418 1367 quo
1438 1320 1568 1358 iratio-

306 1385 383 1412 res.
443 1375 667 1422 patientiam
706 1375 945 1412 laudaverim
982 1374 1101 1412 boum
1139 1379 1178 1412 et
1206 1384 1397 1422 equorum
1435 1374 1570 1413 frenos

306 1430 568 1477 sequentium.
613 1428 713 1475 Quid
733 1434 792 1467 est
812 1432 942 1466 autem
962 1439 1032 1466 cur
1050 1428 1249 1467 hominem
1268 1429 1319 1466 ad
1342 1433 1421 1467 tam
1445 1428 1569 1466 infeli-

307 1483 367 1521 cia
383 1485 565 1531 exempla
579 1493 759 1530 revoces,
771 1494 859 1521 cum
874 1483 1022 1521 habeas
1034 1483 1220 1521 mundum
1232 1483 1441 1530 deumque,
1454 1493 1569 1530 quem

305 1548 357 1576 ex
383 1537 564 1576 omnibus
592 1537 824 1576 animalibus
858 1541 900 1575 ut
926 1538 1037 1575 solus
1065 1538 1252 1582 imitetur,
1280 1538 1391 1575 solus
1419 1537 1567 1575 intelle-

269 1599 292 1632 3
307 1593 385 1639 git?
424 1591 759 1640 ‚‚Simplicissimi‚
779 1591 926 1640 inquit,
947 1592 1118 1630 omnium
1138 1591 1332 1629 habentur
1350 1591 1569 1630 iracundi.“

304 1646 579 1685 Fraudulentis
607 1646 709 1685 enim
738 1651 776 1685 et
803 1646 972 1684 versutis
1001 1651 1267 1694 conparantur
1299 1650 1338 1684 et
1369 1646 1568 1694 simplices

304 1701 518 1749 videntur„
542 1701 634 1748 quia
669 1701 839 1748 expositi
873 1705 976 1739 sunt.
1033 1711 1134 1749 quos
1169 1701 1325 1748 quidem
1362 1711 1440 1739 non
1477 1699 1567 1738 sim—

305 1754 430 1803 plices
457 1756 641 1802 dixerim,
671 1756 744 1793 sed
762 1755 955 1794 incautos.
1013 1755 1162 1802 stultis,
1184 1754 1396 1794 luxuriosis
1416 1755 1567 1802 nepoti-

303 1811 460 1858 busque
493 1810 570 1849 hoc
602 1819 744 1848 nomen
770 1810 994 1859 inponimus
1023 1815 1062 1849 et
1089 1809 1270 1849 omnibus
1298 1809 1402 1848 vitiis
1427 1819 1567 1858 parurn

307 1865 471 1903 callidis.
1622 1905 1624 1917 θ

269 1926 287 1957 1
386 1919 506 1957 XVII.
550 1917 734 1967 ‚',Orator‚
764 1919 907 1966 inquit,
935 1919 1057 1958 iratus
1077 1917 1289 1967 aliquando
1310 1916 1448 1956 melior
1466 1922 1566 1958 est.“
1620 1956 1621 1965 ἵ

304 1973 424 2012 Immo
445 1974 614 2012 imitatus
637 1974 787 2012 iratum.
825 1984 915 2011 nam
933 1978 971 2012 et
988 1972 1200 2012 histriones
1215 1972 1254 2010 in
1275 1973 1564 2020 pronuntiando
1619 1990 1620 1998 ¹

298 2037 383 2067 non
403 2028 487 2066 irati
509 2029 698 2076 populum
716 2033 892 2076 movent,
927 2029 998 2066 sed
1026 2028 1164 2066 iratum
1191 2027 1292 2064 bene
1311 2030 1496 2074 agentes:
1526 2033 1565 2066 et

304 2081 411 2130 apud
434 2082 585 2121 iudices
612 2083 744 2131 itaque
772 2087 810 2122 et
835 2083 875 2120 in
902 2083 1092 2121 concione
1118 2086 1156 2120 et
1182 2080 1421 2129 ubicumque
1448 2082 1564 2120 alieni

304 2137 421 2174 animi
453 2137 501 2174 ad
540 2142 716 2176 nostrum
750 2137 950 2176 arbitrium
981 2136 1124 2184 agendi
1157 2140 1266 2181 sunt,
1299 2135 1418 2174 modo
1453 2136 1562 2184 iram,

302 2191 421 2229 modo
453 2196 616 2239 metum,
650 2192 768 2231 modo
800 2191 1106 2231 misericordiam
1135 2194 1177 2228 ut
1205 2190 1290 2228 aliis
1316 2189 1561 2238 incutiamus,

303 2245 382 2294 ipsi
402 2245 690 2295 simulabimus‚
718 2252 756 2285 et
778 2257 901 2296 saepe
918 2245 959 2284 id
979 2246 1085 2294 quod
1104 2244 1188 2282 veri
1207 2245 1385 2284 adfectus
1405 2254 1484 2283 non
1506 2245 1560 2283 ef-

266 2306 289 2339 2
303 2301 502 2349 fecissent,
523 2300 652 2340 effecit
669 2301 830 2342 imitatio
850 2301 1082 2342 adfectuum.
1130 2299 1402 2347 ‚‚Languidus,
1423 2299 1558 2348 inquit,
