1592 2580
91 133 322 173 SENECAE
351 133 536 172 NATUR.
558 131 771 180 QUAEST.
799 132 894 172 LlB.
909 131 974 170 111.
1002 130 1181 171 PRAEF.
1235 127 1318 171 213

39 238 151 284 dam,
185 238 279 276 dum
308 241 398 275 acta
424 245 563 284 regum
585 240 840 275 externorum
860 238 1096 283 conponunt
1132 242 1320 282 quaeque

39 293 152 342 passi
187 292 355 332 invicem
391 291 562 340 ausique
590 297 684 330 sunt
710 290 869 340 populi:
905 294 1055 340 quanto
1083 290 1211 328 satius
1244 293 1319 335 est,

39 359 112 387 sua
149 349 253 388 mala
290 348 549 395 exstinguere
591 357 710 395 quam
751 345 883 385 aliena
921 344 1095 395 posteris
1134 343 1322 383 tradere?

40 409 188 453 quanto
222 404 376 453 potius,
411 403 579 442 deorum
613 413 740 451 opera
771 401 975 441 celebrare
1010 411 1133 450 quam
1151 399 1322 448 Philippi

37 465 106 499 aut
135 458 356 498 Alexandri
385 458 592 498 latrocinia
618 463 946 506 ceterorumque,
975 458 1044 506 qui
1071 456 1194 495 exitio
1224 466 1320 503 gen·

35 515 132 554 tium
161 515 257 553 clari
285 525 365 553 non
395 515 571 554 minores
591 515 704 553 fuere
724 519 860 563 pestes
878 513 1103 552 mortalium
1123 521 1244 562 quam
1263 511 1321 549 in-

34 571 219 618 undatio,
250 581 331 619 qua
360 571 521 619 planum
547 579 666 609 omne
687 570 892 618 perfusum
913 573 995 616 est,
1023 578 1143 618 quam
1170 565 1322 606 confla-

35 626 183 675 gratio,
213 637 295 674 qua
322 636 419 675 pars
444 635 591 674 magna
617 625 874 664 animantium
894 624 1078 664 exaruit?
1122 622 1319 671 Quemad-
1339 624 1363 660 6

35 682 197 721 modum
224 681 422 720 Hannibal
450 681 713 730 superiecerit
737 681 865 730 Alpes
891 679 1085 719 scribunt.
1129 678 1320 728 quemad-

35 737 200 776 modum
234 737 492 776 confirmatus
522 736 744 786 Hispaniae
784 735 968 776 cladibus
1002 735 1152 775 bellum
1185 732 1323 773 Italiae

36 793 268 842 inopinatus
295 793 468 832 intulerit
486 792 707 841 fractisque
726 792 850 831 rebus
867 797 908 831 et
926 797 1022 841 post
1039 789 1322 839 Carthaginem

0 843 1 896 ζ
35 849 221 898 pertinax
238 858 358 897 reges
377 848 644 897 pererraverit
661 848 804 887 ducem
826 848 1083 896 promittens,
1103 845 1323 885 exereitum

36 909 193 953 petens.
224 904 563 953 quemadmodum
581 915 662 943 non
683 903 847 942 desierit
861 903 1046 942 omnibus
1062 902 1219 951 angulis
1238 901 1322 940 bel-

37 961 118 998 lum
146 971 271 999 senex
300 970 516 1009 quaerere:
545 959 648 999 adeo
678 959 765 998 sine
785 958 914 1008 patria
933 959 1016 1008 pati
1035 962 1210 1007 poterat,
1233 956 1323 995 sine

35 1015 153 1054 hoste
170 1026 248 1055 non
273 1020 440 1064 poterat.
480 1015 636 1064 Quanto
655 1015 783 1054 satius
804 1019 886 1062 est,
908 1015 1004 1064 quid
1024 1014 1252 1053 faciendum
1273 1011 1324 1052 sit
1342 1022 1364 1059 7

38 1082 159 1120 quam
175 1071 271 1120 quid
292 1072 439 1110 factum
461 1081 676 1120 quaerere,
697 1081 746 1109 ae
766 1071 915 1110 docere
933 1081 1027 1118 eos,
1049 1069 1118 1119 qui
1138 1078 1212 1109 sua
1230 1078 1321 1117 per—

36 1127 182 1165 misere
208 1127 411 1174 fortunae,
440 1127 534 1165 nihil
559 1127 702 1166 stabile
729 1126 779 1164 ab
801 1127 868 1165 illa
890 1126 1026 1165 datum
1055 1126 1204 1172 fuisse,
1232 1123 1321 1163 eius

36 1182 170 1221 omnia
189 1193 286 1221 aura
306 1182 433 1221 fluere
456 1182 671 1221 mobilius?
697 1181 828 1221 nescit
845 1181 950 1221 enim
972 1182 1203 1231 quiescere,
1222 1189 1319 1228 gau·

36 1238 103 1276 det
132 1238 247 1277 laetis
276 1238 404 1277 tristia
423 1237 687 1286 substituere,
710 1238 850 1286 utique
871 1237 1054 1276 miscere.
1096 1237 1236 1285 Itaque
1256 1245 1319 1274 se—

36 1293 180 1333 cundis
208 1304 326 1332 nemo
355 1293 552 1342 confidat,
581 1294 767 1333 adversis
795 1303 913 1333 nemo
934 1293 1116 1332 deficiat:
1141 1293 1321 1331 alternae

36 1354 129 1388 sunt
154 1349 264 1388 vices
291 1359 435 1388 rerum.
476 1349 578 1397 Quid
605 1350 814 1388 exsultas?
833 1349 954 1395 haee,
986 1348 1134 1397 quibus
1160 1346 1322 1386 veheris
1339 1353 1364 1388 8

36 1405 88 1443 ad
107 1415 324 1452 summum,
345 1405 480 1444 neseis
496 1405 565 1443 ubi
584 1411 622 1444 te
640 1405 828 1443 relictura
847 1405 944 1443 sint:
965 1403 1171 1443 habebunt
1190 1414 1321 1451 suum,

35 1470 116 1499 non
135 1464 246 1499 tuum
266 1460 399 1499 finem.
437 1460 541 1508 Quid
560 1461 697 1499 iaces?
722 1461 775 1498 ad
795 1459 917 1498 imum
941 1459 1099 1499 delatus
1119 1469 1184 1498 es:
1213 1469 1322 1498 nunc

35 1515 152 1554 loeus
165 1521 231 1555 est
247 1516 499 1564 resurgendi.
518 1515 558 1553 in
574 1516 715 1555 melius
733 1515 917 1563 adversa,
933 1515 973 1554 in
988 1514 1167 1554 deterius
1185 1519 1323 1564 optata

35 1570 262 1610 flectuntur.
300 1571 381 1610 Ista
406 1570 676 1620 concipienda
701 1576 764 1610 est
789 1570 922 1611 animo
944 1570 1117 1610 varietas
1138 1580 1219 1608 non
1240 1570 1319 1619 pri-
1339 1575 1361 1611 9

33 1631 216 1666 vatarum
245 1632 395 1666 tantum
422 1628 634 1674 domuum,
659 1638 763 1676 quas
788 1625 889 1665 levis
910 1637 1032 1666 casus
1051 1626 1223 1675 inpellit,
1246 1626 1322 1664 sed

34 1682 296 1731 publicarum.
330 1692 456 1731 regna
487 1694 538 1721 ex
573 1683 710 1721 infimo
745 1687 884 1721 coorta
918 1693 1043 1731 supra
1075 1683 1320 1731 imperantes

35 1738 317 1786 constiterunt,
338 1743 474 1777 vetera
493 1737 661 1787 imperia
683 1739 722 1777 in
743 1738 834 1787 ipso
855 1737 958 1777 flore
978 1738 1221 1777 ceciderunt.
1260 1737 1319 1775 in—

36 1794 164 1832 veniri
193 1804 273 1832 non
304 1798 439 1842 potest
465 1804 674 1841 numerus,
705 1805 826 1843 quam
853 1795 976 1833 multa
999 1794 1049 1832 ab
1076 1794 1166 1832 aliis
1194 1794 1321 1832 fracta

35 1849 133 1889 sint:
171 1859 278 1888 nunc
306 1850 569 1888 cummaxime
589 1849 690 1889 deus
711 1850 882 1888 exstruit
900 1848 998 1897 alia,
1027 1848 1106 1888 alia
1125 1847 1320 1888 submittit

35 1914 108 1944 nec
140 1904 308 1944 molliter
336 1905 468 1954 ponit,
498 1905 572 1944 sed
600 1915 649 1943 ex
678 1905 839 1954 fastigio
869 1916 944 1944 suo
978 1905 1109 1944 nullas
1136 1904 1320 1944 habitura

33 1959 226 2010 reliquias
255 1961 386 1999 iactat.
432 1961 579 2009 Magna
607 1960 704 2012 ista,
734 1961 829 2009 quia
856 1960 972 2009 parvi
1000 1971 1160 2009 sumus,
1188 1960 1318 1999 credi-
1329 1971 1373 2006 10

34 2025 137 2054 mus.
174 2017 306 2056 multis
334 2016 455 2055 rebus
477 2027 556 2054 non
579 2026 631 2054 ex
650 2020 791 2054 natura
811 2027 906 2063 sua,
937 2016 1012 2056 sed
1031 2027 1083 2055 ex
1099 2015 1318 2055 humilitate

36 2070 196 2119 quidem
216 2077 354 2112 nostra
373 2071 604 2121 magnitudo
626 2076 699 2110 est.
730 2071 832 2119 Quid
853 2073 1115 2121 praecipuum
1134 2071 1174 2110 in
1193 2071 1316 2111 rebus

34 2125 218 2166 humanis
247 2132 336 2166 est?
374 2139 452 2169 non
481 2127 682 2166 classibus
705 2128 831 2166 maria
858 2129 1075 2177 conplesse
1095 2126 1231 2166 necin
1250 2138 1316 2167 ru-

35 2180 97 2219 bri
119 2182 240 2222 maris
266 2184 381 2223 litore
408 2184 524 2232 signa
549 2181 691 2221 fixisse
725 2193 800 2222 nee
833 2183 1045 2223 deficiente
1071 2183 1123 2222 ad
1150 2182 1314 2223 iniurias

34 2241 141 2276 terra
166 2248 326 2278 errasse
353 2240 391 2278 in
423 2250 577 2278 oceano
605 2239 742 2286 ignota
770 2244 1047 2288 quaerentem,
1082 2238 1157 2278 sed
1183 2239 1313 2278 animo

37 2292 169 2331 omnia
187 2293 340 2333 vidisse
368 2299 425 2343 et,
454 2305 534 2345 qua
563 2295 690 2334 maior
708 2295 817 2334 nulla
834 2295 1001 2335 victoria
1021 2300 1101 2343 est,
1129 2295 1223 2334 vitia
1241 2295 1312 2334 do-
