1624 2626
189 142 259 182 AD
290 139 586 181 GALLIONEM
619 139 688 178 DE
714 137 840 178 VITA
862 137 1049 177 BEATA.
1084 141 1198 177 3-5.
1256 132 1339 174 143

54 246 231 285 dicamus
251 243 455 283 hominem
476 252 587 290 eum,
618 240 682 280 cui
702 240 852 280 nullum
871 239 1022 279 bonum
1041 238 1270 286 malumque
1289 236 1341 276 sit

54 302 131 341 nisi
149 301 280 340 bonus
302 299 513 348 malusque
535 296 714 336 animusz
742 296 901 335 honesti
922 296 1062 343 cultor,
1080 295 1226 333 virtute
1244 302 1339 332 con·

52 362 204 405 tentus,
240 366 359 405 quem
389 365 466 394 nec
502 355 695 393 extollant
730 352 892 392 fortuita
922 361 999 390 nec
1032 351 1237 399 frangant,
1271 348 1341 398 qui

54 411 351 452 nullummaius
367 411 518 450 bonum
540 419 588 448 eo
611 408 723 458 quod
743 408 818 447 sibi
837 407 927 457 ipse
949 406 1046 445 dare
1066 410 1202 455 potest
1216 412 1340 445 nove·-

52 471 119 517 rit,
151 467 216 508 cui
234 478 332 507 vera
352 467 542 517 voluptas
563 465 636 504 erit
654 464 899 514 voluptatum
920 461 1179 511 contemptio.
1219 461 1342 510 Licet,
1358 464 1381 500 3

53 525 87 563 si
107 523 270 574 evagari
292 524 412 572 velis,
440 523 546 562 idem
575 522 614 560 in
644 521 760 559 aliam
781 524 900 569 atque
920 518 1039 558 aliam
1061 517 1206 556 faciem
1227 517 1342 556 salva

53 585 92 620 et
116 580 272 630 integra
300 583 500 629 potestate
526 578 758 617 transferre.
795 574 892 624 quid
919 575 1023 614 enim
1051 573 1238 623 prohibet
1264 583 1341 612 nos

55 638 208 676 beatam
228 636 348 675 vitam
368 635 503 674 dicere
525 633 693 672 liberum
716 631 886 671 animum
907 635 945 670 et
963 635 1140 670 erectum
1162 634 1202 668 et
1222 629 1341 668 inter-

55 693 172 732 ritum
191 702 240 731 ac
259 690 462 737 stabilem,
487 695 600 729 extra
619 693 784 734 metum,
809 692 923 726 extra
950 686 1210 735 cupiditatem
1230 684 1341 734 posi-

54 755 158 797 tum,
184 747 247 787 cui
274 758 398 787 unum
419 746 570 785 bonum
596 745 648 784 sit
667 744 881 790 honestas,
909 754 1033 782 unum
1051 741 1199 781 malum
1217 740 1342 789 turpi-

54 804 172 852 tudo,
204 807 337 843 cetera
364 802 452 840 vilis
481 801 596 840 turba
622 811 757 839 rerum
782 809 858 837 nec
885 798 1102 838 detrahens
1127 797 1342 846 quicquam

54 861 195 900 beatae
216 859 321 898 vitae
335 868 411 897 nec
428 855 620 903 adiciens,
643 856 732 894 sine
747 860 868 893 auctu
883 865 930 893 ac
946 854 1181 893 detrimento
1198 851 1342 892 summi

55 916 149 955 boni
168 915 336 954 veniens
357 924 405 952 ac
425 913 636 951 recedens.
669 911 757 950 Hoc
777 910 830 948 ita
850 910 1057 948 fundatum
1078 918 1248 947 necesse
1269 913 1341 956 est,
1357 911 1381 946 4

55 972 149 1010 velit
168 971 275 1018 nolit,
297 974 490 1018 sequatur
507 967 686 1006 hilaritas
703 965 890 1005 continua
908 970 946 1003 et
962 964 1112 1004 laetitia
1129 965 1208 1003 alta
1223 969 1344 1012 atque

55 1037 107 1065 ex
126 1028 205 1066 alto
228 1026 411 1072 veniens,
440 1028 484 1063 ut
510 1033 615 1072 quae
643 1022 727 1061 suis
748 1020 923 1070 gaudeat
941 1030 1015 1059 nec
1033 1019 1186 1058 maiora
1206 1019 1342 1059 dome·

56 1081 167 1122 sticis
189 1081 333 1131 cupiat.
373 1079 516 1128 Quidni
543 1079 620 1118 ista
639 1078 744 1116 bene
763 1080 909 1126 penset
926 1087 1016 1115 cum
1036 1075 1197 1114 minutis
1218 1080 1257 1114 et
1276 1075 1343 1113 sri—

54 1138 159 1177 volis
187 1142 227 1176 et
259 1147 338 1176 non
377 1134 731 1185 perseverantibus
759 1132 990 1182 corpusculi
1016 1132 1217 1170 motibus?
1261 1142 1342 1180 quo

57 1194 122 1232 die
147 1194 251 1232 infra
276 1193 522 1241 voluptatem
551 1190 688 1238 fuerit,
718 1194 756 1229 et
774 1189 880 1228 infra
901 1189 1083 1227 dolorem
1104 1188 1190 1227 erit.
1226 1187 1343 1226 vides

58 1255 207 1296 autem,
246 1259 364 1297 quam
395 1248 540 1286 malam
569 1251 607 1285 et
633 1245 846 1285 noxiosam
867 1244 1098 1283 servitutem
1119 1243 1343 1282 serviturus

58 1305 127 1354 sit,
162 1315 281 1355 quem
307 1304 537 1352 voluptates
566 1302 833 1350 doloresque,
867 1300 1135 1340 incertissima
1168 1298 1345 1338 dominia

57 1359 472 1409 inpotentissimaque,
499 1357 662 1397 alternis
681 1356 968 1407 possidebunt:
1000 1366 1097 1404 ergo
1117 1355 1346 1394 exeundum
1360 1361 1382 1395 5

60 1417 111 1455 ad
130 1417 350 1455 libertatem
369 1420 442 1455 est.
469 1414 574 1453 hanc
589 1425 669 1453 non
690 1412 768 1452 alia
782 1423 849 1452 res
871 1412 1007 1451 tribuit
1024 1422 1144 1461 quam
1162 1412 1345 1450 fortunae

59 1472 327 1520 neglegentia:
355 1476 439 1510 tum
457 1470 552 1509 illud
574 1470 722 1509 orietur
737 1468 1028 1507 inaestimabile
1043 1468 1204 1515 bonum,
1230 1467 1345 1515 quies

59 1527 202 1566 mentis
225 1527 264 1565 in
283 1531 367 1566 tuto
389 1527 598 1565 conlocata
619 1530 658 1564 et
677 1524 900 1564 sublimitas
928 1523 1192 1572 expulsisque
1219 1526 1343 1561 terro-

59 1583 169 1622 ribus
204 1593 255 1621 ex
297 1581 525 1630 cognitione
554 1581 641 1619 veri
675 1580 865 1630 gaudium
897 1579 1048 1628 grande
1081 1583 1121 1618 et
1153 1579 1347 1617 inmotum

61 1637 310 1687 comitasque
332 1642 372 1676 et
391 1636 552 1676 diffusio
580 1636 719 1684 animi,
747 1635 893 1685 quibus
921 1635 1183 1675 delectabitur
1204 1645 1284 1674 non
1304 1640 1348 1673 ut

59 1695 190 1742 bonis,
211 1693 284 1732 sed
304 1698 348 1732 ut
367 1703 419 1731 ex
437 1692 546 1731 bono
569 1703 644 1732 suo
667 1691 778 1730 ortis.

142 1750 192 1789 V.
231 1748 426 1798 Quoniam
459 1747 674 1787 liberaliter
708 1756 828 1796 agere
860 1747 999 1796 coepi,
1037 1750 1171 1795 potest
1202 1745 1345 1785 beatus
1364 1750 1383 1784 1

62 1805 159 1853 dici,
183 1805 251 1854 qui
271 1815 346 1844 nec
368 1803 478 1852 cupit
496 1813 571 1842 nec
591 1802 702 1842 timet
719 1802 916 1842 beneficio
936 1802 1118 1842 rationis.
1158 1802 1346 1851 quoniam

61 1867 102 1902 et
121 1872 221 1901 saxa
243 1861 385 1900 timore
406 1865 444 1899 et
463 1859 621 1898 tristitia
640 1862 776 1897 carent
794 1868 870 1897 nec
889 1859 1021 1897 minus
1043 1858 1243 1907 pecudes,
1266 1868 1348 1896 non

60 1918 153 1957 ideo
177 1921 308 1956 tamen
333 1915 551 1966 quisquam
572 1913 705 1953 felicia
726 1913 888 1962 dixerit,
910 1914 1058 1963 quibus
1080 1925 1160 1952 non
1182 1917 1246 1952 est
1265 1913 1348 1952 feli-

63 1972 191 2012 citatis
224 1972 461 2011 intellectus.
502 1970 647 2009 eodem
673 1970 765 2008 loco
794 1980 902 2019 pone
931 1970 1134 2017 homines,
1172 1979 1276 2018 quos
1309 1968 1385 2008 in2

61 2038 269 2068 numerum
290 2038 481 2077 pecorum
511 2031 550 2065 et
578 2025 805 2065 animalium
823 2024 978 2073 redegit
1001 2025 1127 2063 hebes
1148 2030 1290 2063 natura
1311 2031 1350 2065 et

62 2083 258 2133 ignoratio
279 2084 356 2123 sui.
385 2082 482 2121 nihil
502 2082 668 2121 interest
684 2080 787 2120 inter
804 2079 880 2119 hos
899 2085 939 2119 et
958 2080 1042 2128 illa,
1063 2080 1250 2128 quoniam
1270 2080 1348 2120 illis

62 2141 175 2183 nulla,
188 2139 287 2179 ratio
307 2143 380 2187 est,
402 2138 466 2177 his
486 2148 612 2187 prava
633 2140 672 2175 et
691 2136 796 2175 malo
817 2146 891 2175 suo
912 2140 1032 2184 atque
1050 2134 1090 2174 in
1109 2146 1349 2185 perversum

64 2196 222 2235 sollers.
264 2195 408 2234 beatus
437 2194 541 2232 enim
570 2203 687 2231 nemo
718 2191 796 2230 dici
832 2196 966 2241 potest
998 2196 1111 2231 extra
1141 2191 1347 2231 veritatem

65 2250 279 2299 proiectus.
317 2250 442 2289 Beata
471 2259 568 2298 ergo
588 2249 668 2287 vita
691 2252 754 2287 est
779 2246 818 2285 in
848 2252 959 2286 recto
981 2252 1172 2297 certoque
1197 2248 1344 2286 iudicio
1363 2254 1386 2289 3

65 2306 234 2345 stabilita
250 2310 289 2345 et
306 2303 560 2346 inmutabilis.
591 2310 685 2345 tunc
706 2303 810 2342 enim
829 2313 932 2352 pura
951 2314 1064 2344 mens
1081 2309 1144 2344 est
1160 2308 1199 2343 et
1214 2305 1348 2359 soluta
