1592 2580
294 167 361 208 DE
386 165 667 206 BENEFICIIS
695 167 790 207 LIB.
812 167 880 207 IV.
908 172 1085 209 32-35.
1270 166 1324 210 81

47 274 193 321 negat?
210 269 285 309 sed
303 267 398 307 nihil
419 266 527 307 aliud
546 267 704 306 invenio
717 298 726 315 ,
748 278 820 316 per
840 268 948 317 quod
964 268 1244 317 cogitationem
1264 278 1325 307 re—

47 338 151 376 gam.
192 326 255 364 his
283 325 433 363 veritas
466 323 560 361 mihi
589 323 770 371 vestigiis
799 325 1007 372 sequenda
1036 329 1108 362 est.
1155 324 1327 363 certiora

46 393 126 422 non
143 382 285 420 habeo.
324 380 424 419 haec
451 384 495 418 ut
516 390 634 427 quam
656 379 958 427 diligentissime
978 380 1205 427 aestimem,
1229 390 1327 429 ope-

44 449 129 477 ram
161 437 266 476 dabo
300 446 374 474 nec
408 435 485 474 cito
510 434 588 474 iilis
616 435 832 473 adsentiar.
876 434 942 474 Sic
970 435 1075 474 enim
1103 435 1143 474 in
1174 436 1326 484 proelio
1345 439 1368 473 2

44 498 178 543 potest
197 492 399 539 accidere,
425 496 466 529 ut
485 491 606 529 telum
634 501 768 529 meum
794 491 834 529 in
862 491 1156 530 conmilitonem
1181 502 1324 530 manus

44 549 187 597 dirigat
206 549 341 597 aliquo
369 557 506 586 errore
525 546 697 595 decepta
717 552 756 586 et
774 546 878 585 hosti
897 551 1100 595 tamquam
1120 557 1210 586 meo
1232 558 1324 596 par-

43 615 142 644 cam.
173 604 247 643 sed
262 603 340 642 hoc
359 607 398 642 et
416 613 508 641 raro
528 602 684 642 accidet
697 607 737 642 et
755 613 835 641 non
853 602 946 641 vitio
962 613 1071 651 meo,
1097 603 1211 641 cuius
1232 614 1324 651 pro-

41 661 216 711 positum
235 664 297 698 est
315 659 471 698 hostem
492 657 630 706 ferire,
653 659 780 697 civem
797 658 1027 697 defendere.
1058 657 1101 697 Si
1121 658 1246 697 sciam
1266 660 1323 697 in-

41 721 196 766 gratum
215 725 331 761 esse,
361 725 440 753 non
463 713 568 752 dabo
593 714 845 752 beneficium.
890 715 969 762 „At
989 714 1187 763 obrepsit,
1207 719 1248 754 at
1265 714 1323 753 in-

43 771 215 822 posuit.“
255 771 369 809 Nulla
396 769 460 808 hic
490 770 609 817 culpa
632 769 841 808 tribuentis
875 774 956 815 est,
994 771 1088 818 quia
1121 775 1324 819 tamquam

42 832 154 877 grato
188 826 295 865 dedi.
352 825 437 873 „Si
472 825 797 873 promiseris,
832 824 980 873 inquit,
1014 831 1060 864 te
1095 826 1323 865 daturum
1341 833 1364 868 3

0 890 1 912 1
39 882 352 922 beneficium
385 885 432 920 et
464 886 653 929 postea
685 880 938 929 ingratum
971 881 1157 920 scieris
1193 892 1322 929 esse,

41 938 186 977 dabis
207 948 263 976 an
285 941 409 976 non?
452 935 494 975 Si
516 936 636 982 facis,
666 937 799 975 sciens
831 947 997 986 peccas=
1028 937 1102 975 das
1134 937 1239 975 enim
1259 938 1324 976 cui

40 1005 122 1033 non
150 993 276 1032 debes
304 993 413 1031 dare.
455 992 490 1030 si
519 1002 665 1040 negas,
702 996 742 1030 et
768 992 847 1031 hoc
873 993 994 1031 modo
1023 1002 1192 1041 peccas,
1229 993 1324 1042 quia

41 1061 120 1089 non
148 1050 222 1088 das
243 1049 301 1095 ei,
329 1048 392 1087 cui
422 1048 651 1097 promisisti.
690 1048 936 1087 conscientia
962 1053 1099 1086 vestra
1124 1047 1202 1087 hoc
1229 1049 1322 1088 loco

38 1106 179 1144 titubat
197 1109 237 1143 et
255 1104 350 1143 illud
371 1103 589 1152 superbum
616 1103 885 1152 promissum,
914 1114 1133 1152 numquam
1161 1104 1322 1152 sapien-

39 1165 117 1200 tem
136 1159 227 1198 facti
245 1160 307 1198 sui
324 1159 529 1208 poenitere
544 1169 619 1197 nec
637 1169 826 1207 umquam
848 1160 1064 1197 emendare
1085 1159 1196 1208 quod
1217 1160 1322 1198 fece—

37 1217 87 1255 rit
108 1226 181 1254 nec
200 1220 352 1254 mutare
372 1214 621 1254 consilium.“
662 1215 763 1253 Non
790 1219 943 1253 mutat
969 1215 1181 1263 sapiens
1203 1225 1319 1255 con-
1341 1220 1363 1255 4

39 1272 206 1311 silium
239 1271 471 1310 omnibus
506 1270 582 1309 his
613 1270 960 1318 manentibus,
996 1281 1129 1318 quae
1162 1276 1319 1319 erant,

37 1337 128 1366 cum
162 1331 348 1365 sumeret.
398 1326 491 1365 ideo
524 1336 742 1374 numquam
774 1325 884 1364 iilum
923 1326 1168 1374 poenitentia
1199 1326 1318 1374 subit,

37 1382 132 1432 quia
150 1382 246 1421 nihil
264 1381 405 1421 melius
425 1381 492 1422 illo
512 1386 691 1430 tempore
711 1382 798 1420 fieri
817 1381 963 1430 potuit,
991 1392 1112 1430 quam
1132 1382 1240 1430 quod
1262 1383 1318 1421 sa—

36 1443 141 1478 ctum
169 1443 250 1486 est,
279 1437 375 1476 nihil
394 1438 536 1477 melius
557 1437 761 1483 constitui,
788 1448 907 1486 quam
931 1437 1041 1486 quod
1062 1437 1318 1477 constitutum

36 1499 109 1533 est.
152 1498 371 1532 ceterum
403 1494 464 1532 ad
493 1492 661 1532 omnia
690 1503 796 1531 cum
825 1492 1132 1542 exceptione
1157 1492 1318 1531 venit:

36 1549 78 1588 si
98 1548 223 1587 nihil
250 1548 515 1596 inciderit,
547 1548 679 1597 quod
707 1548 953 1596 inpediat.
997 1547 1088 1586 ideo
1112 1549 1246 1587 omnia
1264 1548 1320 1587 iili

35 1604 257 1644 succedere
290 1603 459 1642 dicimus
493 1608 532 1642 et
559 1603 655 1642 nihil
689 1609 826 1642 contra
860 1603 1089 1652 opinionem
1121 1604 1318 1652 accidere,

35 1660 129 1709 quia
161 1659 380 1708 praesumit
408 1659 538 1698 animo
576 1669 701 1708 posse
729 1658 882 1707 aliquid
914 1658 1172 1707 intervenire,
1208 1660 1319 1709 quod

34 1715 231 1755 destinata
256 1714 477 1764 prohibeat.
521 1714 821 1763 Inprudentium
848 1715 925 1753 ista
952 1715 1100 1754 fiducia
1118 1719 1181 1753 est
1200 1716 1319 1754 sortu-
1338 1720 1360 1755 5

33 1782 126 1810 nam
146 1770 222 1810 sibi
243 1770 467 1819 spondere:
505 1770 669 1819 sapiens
689 1775 899 1819 utramque
924 1776 1075 1819 partem
1100 1772 1188 1810 eius
1210 1772 1317 1819 cogi-

32 1831 100 1866 tat.
130 1827 204 1865 scit
220 1832 409 1875 quantum
429 1826 546 1864 liceat
565 1826 708 1873 errori,
728 1837 846 1875 quam
864 1826 1016 1865 incerta
1035 1827 1115 1865 sint
1130 1826 1316 1874 humana,

34 1893 155 1932 quam
183 1883 304 1921 multa
331 1881 510 1920 consiliis
530 1881 700 1920 obstent.
741 1880 954 1930 ancipitem
976 1893 1108 1921 rerum
1130 1893 1177 1920 ac
1195 1883 1316 1921 lubri—

33 1948 122 1977 cam
152 1942 299 1977 sortem
328 1948 555 1986 suspensus
583 1936 765 1986 sequitur
787 1941 827 1976 et
846 1937 1026 1976 consiliis
1050 1938 1167 1976 certis
1188 1938 1316 1976 incer-

31 1998 95 2032 tos
123 1998 292 2033 eventus
327 1995 554 2044 [expendit]
597 1992 793 2041 Exceptio
814 1998 967 2040 autem,
995 1992 1082 2032 sine
1110 2004 1191 2041 qua
1217 1993 1316 2032 nihil

31 2049 220 2097 destinat,
250 2047 344 2088 nihil
366 2050 603 2098 ingreditur,
633 2048 753 2086 ethic
772 2048 880 2087 iilum
902 2053 1044 2088 tuetur.

109 2104 265 2144 XXXV.
307 2105 476 2144 Promisi
510 2104 769 2152 beneficium,
802 2104 879 2143 nisi
912 2104 947 2143 si
983 2104 1078 2152 quid
1105 2103 1312 2144 incidisset
1337 2113 1354 2147 l

33 2169 155 2208 quare
175 2171 255 2200 non
275 2160 463 2200 deberem
484 2161 592 2198 dare.
637 2160 733 2207 quid
754 2159 880 2205 enim,
908 2159 964 2207 si,
993 2160 1102 2208 quod
1122 2159 1176 2198 illi
1196 2160 1311 2209 polli—

31 2214 132 2255 citus
151 2226 252 2265 sum,
273 2216 400 2265 patria
418 2216 493 2255 sibi
515 2217 611 2254 dare
630 2214 819 2254 iusserit?
854 2214 889 2254 si
908 2216 974 2253 lex
992 2215 1074 2254 lata
1092 2215 1176 2265 erit,
1198 2226 1248 2255 ne
1267 2215 1310 2255 id

31 2269 241 2319 quisquam
261 2271 390 2318 faciat,
430 2273 540 2321 quod
560 2281 635 2319 ego
658 2280 721 2309 me
740 2270 868 2310 amico
889 2281 977 2309 meo
998 2271 1196 2323 facturum
1213 2281 1306 2320 pro-

29 2324 241 2365 miseram?
283 2326 452 2366 Promisi
487 2327 557 2366 tibi
590 2326 711 2366 filiam
743 2326 783 2365 in
817 2325 1122 2367 matrimonium.
1162 2331 1308 2378 postea

83 2394 215 2420 SENECA
232 2395 321 2421 pun..
346 2385 388 2421 Π.
1010 2386 1033 2422 6
