1624 2626
158 149 229 188 AD
248 147 511 188 POLYBIUM
527 147 594 187 DE
615 145 1014 187 CONSOLATIONE.
1036 152 1070 186 1.
1091 152 1126 188 2.
1148 147 1237 198 [21.]
1266 145 1350 188 219

65 255 141 290 est
171 248 402 298 cogitare
435 249 485 288 id
522 247 625 288 sibi
658 247 944 297 accidisse,
980 249 1115 298 quod
1148 254 1266 289 ante
1298 259 1352 288 se

65 306 211 356 passi
245 310 362 345 sunt
394 315 565 344 omnes
601 315 882 354 omnesque
918 306 1138 354 passuri.
1186 310 1227 344 et
1257 304 1352 344 ideo

63 361 159 400 mihi
190 361 349 400 videtur
375 372 507 400 rerum
535 365 698 408 natura,
737 362 848 410 quod
876 360 1162 409 gravissimum
1180 362 1351 407 fecerat,

64 428 274 457 commune
290 416 450 464 recisse,
470 421 516 456 ut
531 417 806 456 crudelitatem
822 417 890 455 fati
906 418 1187 456 consolaretur
1202 427 1353 466 aequa·

63 474 166 514 litas.

143 530 186 570 ΙΙ.
215 528 349 567 lllud
378 539 582 578 quoque
608 533 656 567 te
675 540 773 569 non
792 527 1047 568 minimum
1067 528 1350 576 adiuverit,
1370 541 1388 574 1

62 584 105 624 si
125 584 443 633 cogitaveris
465 584 592 623 nihil
614 586 942 633 profuturum
963 585 1195 624 dolorem
1216 588 1350 623 tuum

61 640 255 680 necilli
275 639 497 689 quidem,
520 651 664 690 quem
686 640 972 688 desideras,
990 650 1078 679 nec
1097 639 1210 679 tibie
1234 640 1350 679 noles

62 697 168 736 enim
196 696 360 745 longum
388 707 500 744 esse,
531 697 644 746 quod
663 696 824 736 inritum
844 701 917 736 est.
957 697 1056 735 Nam
1077 696 1112 735 si
1133 696 1350 745 quicquam

60 752 219 792 tristitia
245 753 464 801 profecturi
492 764 652 801 sumus,
682 763 764 792 non
783 763 930 792 recuso
952 753 1146 802 quicquid
1166 752 1349 790 lacrima-

60 819 150 847 rum
176 808 360 847 fortunae
393 819 508 847 meae
543 808 761 857 superfuit,
797 814 890 848 tuae
910 809 1093 848 fundere.
1144 808 1346 846 inveniam

61 864 288 903 etiamnunc
332 875 403 913 per
435 864 511 904 hos
545 865 766 905 exhaustos
802 864 881 903 iam
915 864 1078 903 fletibus
1115 863 1348 903 domesticis

61 921 203 959 oculos
233 920 341 969 quod
368 919 526 968 effluat,
561 921 596 959 si
624 921 746 959 modo
775 919 818 958 id
844 920 914 959 tibi
943 921 1116 960 futurum
1142 919 1252 958 bono
1274 925 1348 959 est.

0 1006 1 1012 ,
61 975 164 1024 Quid
193 980 363 1015 cessas?
396 986 713 1025 conqueramur,
741 981 863 1024 atque
882 977 986 1016 adeo
1007 976 1098 1025 ipse
1116 975 1221 1014 hanc
1241 976 1349 1015 litem
1364 992 1386 1026 2

60 1042 191 1070 meam
211 1031 372 1070 faciam:
394 1031 688 1079 „Iniquissima
708 1032 885 1071 omnium
907 1032 1055 1071 iudicio
1077 1031 1256 1079 fortuna,
1278 1032 1347 1070 ad-

59 1086 138 1126 huc
156 1086 359 1126 videbaris
380 1097 471 1126 eum
491 1087 693 1126 hominem
713 1087 982 1136 continuisse,
1005 1088 1073 1136 qui
1091 1097 1259 1126 munere
1278 1093 1348 1127 tuo

58 1147 207 1182 tantam
228 1143 526 1182 venerationem
546 1148 776 1192 receperat,
798 1148 860 1190 ut,
884 1144 995 1193 quod
1014 1154 1106 1182 raro
1128 1143 1197 1182 ulli
1219 1143 1344 1182 conti-

0 1211 1 1215 ¹
60 1199 135 1247 git,
169 1198 338 1237 felicitas
367 1199 453 1238 eius
474 1199 671 1248 effugeret
690 1199 902 1238 invidiam:
935 1209 1033 1238 ecce
1053 1210 1144 1238 eum
1164 1199 1346 1238 dolorem

60 1254 134 1302 illi,
163 1265 283 1303 quem
305 1255 419 1294 salvo
441 1255 614 1294 Caesare
635 1256 822 1305 accipere
841 1255 1058 1294 maximum
1081 1259 1258 1304 poterat,
1288 1255 1346 1293 in-

57 1309 264 1359 pressisti,
295 1315 334 1349 et
364 1321 454 1350 cum
482 1311 585 1350 bene
614 1311 725 1350 illum
754 1310 933 1360 undique
961 1310 1200 1360 circuisses,
1232 1310 1346 1349 intel-

58 1365 191 1404 lexisti
218 1365 294 1405 hac
323 1372 436 1416 parte
463 1368 738 1407 tantummodo
767 1372 906 1416 patere
932 1367 1078 1406 ictibus
1106 1366 1201 1406 tuis.
1245 1366 1345 1415 Quid
1362 1377 1385 1411 3

60 1421 166 1459 enim
184 1420 239 1460 illi
259 1422 369 1461 aliud
388 1423 574 1462 faceres?
599 1423 813 1472 pecuniam
830 1423 1040 1472 eriperes?
1059 1433 1278 1471 numquam
1293 1422 1348 1461 illi

59 1476 260 1516 obnoxius
281 1478 364 1516 suit.
395 1489 502 1517 nunc
523 1489 708 1528 quoque,
732 1484 926 1528 quantum
947 1484 1100 1528 potest,
1128 1479 1235 1517 illam
1256 1489 1281 1516 a
1301 1489 1347 1517 se

57 1531 204 1571 abiecit
227 1537 268 1571 et
292 1531 333 1572 in
361 1538 472 1572 tanta
498 1534 687 1574 facilitate
713 1534 952 1584 adquirendi
980 1536 1133 1574 nullum
1153 1534 1346 1573 maiorem

58 1598 110 1626 ex
130 1598 179 1626 ea
201 1588 371 1628 fructum
392 1601 513 1638 quam
533 1595 804 1639 contemptum
825 1590 914 1629 eius
934 1592 1043 1640 petit.
1080 1590 1271 1639 Eriperes
1291 1590 1345 1628 illi
1365 1602 1388 1636 4

57 1642 240 1683 amicos?
268 1644 428 1683 sciebas
458 1650 536 1684 tam
564 1646 775 1684 amabilem
796 1657 911 1694 esse,
945 1652 989 1686 ut
1009 1646 1127 1685 facile
1146 1646 1185 1684 in
1213 1647 1344 1684 locum

57 1699 297 1738 amissorum
319 1705 460 1749 posset
480 1701 582 1740 alios
603 1702 860 1740 substituere.
896 1714 1017 1741 unum
1039 1703 1146 1741 enim
1165 1702 1274 1740 hunc
1293 1712 1344 1740 ex

55 1753 138 1802 his,
174 1767 278 1804 quos
307 1756 346 1794 in
374 1755 586 1805 principali
615 1758 734 1796 domo
756 1762 941 1806 potentes
960 1758 1064 1806 vidi,
1100 1757 1345 1806 cognovisse

55 1809 213 1859 videor,
249 1822 368 1860 quem
401 1812 586 1851 omnibus
617 1813 790 1851 amicum
822 1812 973 1852 habere
1004 1824 1095 1852 cum
1133 1813 1343 1862 expediat,

54 1867 182 1914 magis
203 1871 335 1906 tamen
356 1868 473 1906 etiam
494 1868 602 1906 libet.
630 1868 820 1917 Eriperes
840 1869 895 1907 illi
914 1869 1061 1908 bonam
1083 1869 1345 1917 opinionem?
1364 1877 1386 1911 5

55 1921 223 1961 solidior
248 1927 311 1962 est
337 1923 438 1962 haec
466 1924 575 1972 apud
602 1934 715 1971 eum,
750 1935 869 1973 quam
901 1930 945 1964 ut
963 1936 988 1963 a
1008 1930 1048 1964 te
1068 1934 1232 1973 quoque
1252 1924 1344 1973 ipsa

55 1977 214 2018 concuti
230 1978 373 2026 possit.
402 1978 595 2027 Eriperes
606 1978 755 2018 bonam
771 1979 1060 2018 valitudinem?
1080 1978 1241 2018 sciebas
1257 1980 1340 2019 ani—

28 2051 30 2054 *
52 2043 161 2072 mum
187 2034 277 2072 eius
309 2035 542 2074 liberalibus
572 2034 816 2083 disciplinis,
849 2035 996 2084 quibus
1023 2045 1104 2073 non
1126 2035 1338 2074 innutritus

51 2093 224 2137 tantum,
259 2090 333 2128 sed
359 2090 520 2129 innatus
549 2095 631 2138 est,
666 2091 725 2128 sic
754 2100 848 2128 esse
876 2091 1110 2139 fundatum,
1140 2094 1184 2129 ut
1212 2102 1338 2140 supra

53 2145 183 2184 omnis
224 2146 410 2194 corporis
444 2147 606 2185 dolores
642 2146 846 2185 emineret.
894 2146 1086 2194 Eriperes
1129 2146 1340 2195 spiritum?

54 2201 286 2249 quantulum
306 2202 546 2241 nocuisses?
564 2201 844 2250 longissimum
863 2199 919 2240 illi
939 2202 1096 2250 ingenio
1120 2212 1262 2241 aevum
1280 2204 1336 2242 sa-

52 2266 117 2294 ma
136 2257 328 2305 promisit.
357 2257 398 2296 id
419 2258 499 2306 egit
518 2259 628 2307 ipse,
649 2263 690 2296 ut
708 2257 872 2296 meliore
895 2256 959 2296 sui
978 2262 1092 2306 parte
1118 2258 1280 2297 duraret
1299 2264 1339 2298 et

55 2312 276 2361 conpositis
305 2313 560 2363 eloquentiae
587 2313 808 2363 praeclaris
838 2313 1028 2363 operibus
1048 2324 1072 2352 a
1092 2314 1333 2354 mortalitate
