1592 2580
311 189 392 230 244
524 228 528 237 ,
667 189 712 227 L.
740 189 927 228 ANNAEI
957 189 1181 228 SENECAE

267 294 288 326 5
308 287 535 337 spectaculo
553 288 676 326 locus.
696 287 754 325 Ibi
768 297 840 335 per
857 287 1001 326 arduas
1017 289 1254 338 excisasque
1271 290 1446 338 pluribus
1461 290 1559 332 locis

307 353 429 390 rupes
445 341 553 380 Nilus
571 342 746 389 exsurgit
761 347 798 380 et
815 341 920 380 vires
936 352 1030 380 suas
1047 344 1224 382 concitat.
1255 345 1443 392 frangitur
1458 346 1557 383 enim

311 396 609 436 occurrentibus
625 397 732 434 saxis
749 401 787 434 et
803 407 873 444 per
886 402 1052 444 angusta
1070 399 1300 445 reluctatus,
1322 399 1560 447 ubicumque

307 452 428 489 vincit
447 455 514 489 aut
526 451 712 498 vincitur,
731 450 893 489 fluctuat
908 455 946 488 et
962 451 1040 488 illic
1056 452 1221 499 primum
1237 453 1415 491 excitatis
1432 453 1559 502 aquis,

310 516 410 554 quas
431 506 516 543 sine
530 506 695 543 tumultu
715 505 791 543 leni
810 506 922 543 alveo
943 506 1126 553 duxerat,
1147 507 1338 546 violentus
1354 512 1392 546 et
1409 513 1559 546 torrens

310 571 381 608 per
399 561 593 607 malignos
620 560 807 598 transitus
830 560 982 608 prosilit
1001 560 1200 598 dissimilis
1221 561 1314 598 sibi:
1342 562 1489 610 quippe
1507 563 1557 601 ad

308 616 348 653 id
367 616 520 652 lutosus
548 620 586 652 et
605 614 783 652 turbidus
804 614 906 652 fluit:
940 620 979 653 at
997 615 1063 652 ubi
1083 616 1270 662 scopulos
1287 617 1452 654 cautium
1472 627 1558 654 ver-

308 669 476 717 beravit,
505 673 662 716 spumat
681 674 719 707 et
737 669 790 706 illi
811 679 889 707 non
910 679 960 706 ex
978 674 1114 707 natura
1134 680 1224 716 sua,
1253 671 1325 707 sed
1354 681 1402 708 ex
1421 671 1560 709 iniuria

310 725 386 762 loci
413 724 522 761 color
550 728 621 761 est.
660 724 893 771 tandemque
921 724 1111 773 eluctatus
1141 724 1333 762 obstantia
1353 725 1388 761 in
1410 730 1559 763 vastam

310 778 550 816 altitudinem
577 778 705 816 subito
737 778 943 816 destitutus
964 778 1067 816 cadit
1086 788 1173 816 cum
1195 778 1339 826 ingenti
1360 779 1559 818 circumia—

310 833 476 870 centium
512 832 713 879 regionum
747 833 923 881 strepitu.
968 842 1083 880 quem
1119 833 1292 880 perferre
1326 844 1423 881 gens
1456 834 1508 871 ibi
1535 845 1558 872 a

308 887 438 925 Persis
466 887 658 925 collocata
681 897 759 925 non
781 888 906 935 potuit
924 887 1076 925 obtusis
1097 887 1265 926 adsiduo
1285 888 1440 935 fragore
1459 889 1559 926 auri-

309 942 383 979 bus
417 946 454 979 et
487 942 537 979 ob
570 941 646 980 hoc
679 945 872 988 [mutatis]
902 942 1064 980 sedibus
1089 943 1139 979 ad
1166 942 1359 990 quietiora
1386 943 1561 981 translati

270 1011 290 1044 6
313 1001 414 1034 sunt.
443 997 546 1034 Inter
565 996 753 1034 miracula
772 996 947 1035 fluminis
969 996 1236 1034 incredibilem
1255 996 1470 1035 incolarum
1492 1008 1558 1036 au-

311 1051 462 1087 daciam
491 1050 644 1098 accepi:
673 1051 752 1088 bini
784 1052 946 1099 parvula
971 1051 1125 1098 navigia
1145 1052 1433 1099 conscendunt,
1464 1063 1559 1100 quo-

309 1115 395 1142 rum
413 1106 509 1142 alter
524 1115 663 1142 navem
678 1106 793 1152 regit,
813 1107 909 1143 alter
925 1105 1114 1143 exhaurit.
1131 1105 1272 1143 deinde
1288 1107 1447 1144 multum
1464 1106 1561 1144 inter

308 1159 487 1205 rapidam
514 1159 704 1197 insaniam
731 1160 803 1197 Nili
830 1164 868 1197 et
892 1160 1120 1207 reciprocos
1149 1160 1307 1208 quidem
1327 1160 1470 1199 fluctus
1490 1171 1559 1200 vo-

309 1213 417 1250 lutati
443 1213 601 1250 tandem
626 1214 879 1252 tenuissimos
906 1215 1063 1251 canales
1090 1218 1240 1259 tenent,
1268 1225 1340 1262 per
1367 1225 1467 1263 quos
1493 1225 1559 1266 aji-

310 1271 426 1314 gusta
445 1267 600 1314 rupium
620 1266 827 1315 effugiunt,
855 1272 894 1305 et
920 1278 1007 1305 cum
1027 1272 1108 1306 toto
1136 1267 1297 1307 flumine
1318 1268 1434 1307 effusi
1453 1270 1559 1308 navi-

310 1322 414 1368 gium
433 1331 552 1358 ruens
572 1331 688 1359 manu
707 1327 923 1370 temperant
941 1333 1162 1370 magnoque
1178 1322 1438 1371 spectantium
1456 1329 1561 1363 metu

311 1376 348 1412 in
370 1380 486 1423 caput
505 1375 634 1421 missi,
662 1386 749 1414 cum
769 1377 845 1414 iam
864 1377 1135 1424 adploraveris
1155 1377 1420 1428 mersos[que]
1442 1383 1559 1427 atque

312 1430 474 1468 obrutos
493 1435 600 1468 tanta
617 1431 720 1468 mole
741 1431 975 1477 credideris,
1007 1431 1122 1478 longe
1142 1432 1191 1469 ab
1212 1442 1280 1478 e0,
1301 1432 1338 1469 in
1361 1443 1476 1480 quem
1497 1443 1559 1471 ce-

311 1485 506 1531 ciderunt,
530 1484 616 1523 loco
636 1484 820 1532 navigant
840 1486 1014 1524 tormenti
1034 1485 1151 1524 modo
1172 1485 1295 1524 missi.
1333 1497 1405 1525 nec.
1424 1487 1561 1535 mergit

271 1551 289 1585 7
311 1539 457 1577 cadens
477 1539 603 1585 unda,
631 1539 703 1577 sed
723 1539 850 1587 planis
871 1539 985 1588 aquis
1005 1540 1131 1578 tradit.
1159 1540 1326 1579 Primum
1344 1542 1559 1580 incremen—

313 1599 388 1631 tum
409 1593 482 1630 Nili
503 1594 606 1631 eirca
624 1594 809 1641 insulam,
839 1605 954 1642 quam
975 1595 1092 1632 modo
1112 1595 1242 1639 retuli,
1262 1595 1410 1641 Philas,
1431 1596 1558 1634 nasci-

310 1653 383 1685 tur.
412 1648 564 1695 Exiguo
580 1648 628 1685 ab
643 1648 718 1686 hac
735 1650 862 1696 spado
879 1654 989 1697 petra
1004 1648 1206 1687 dividitur:
1222 1644 1407 1701 ’Ἀβατον
1424 1650 1559 1688 Graeci

310 1706 472 1749 vocant,
501 1712 574 1740 nec
594 1702 697 1740 illam
716 1703 782 1740 ulli
802 1704 876 1741 nisi
896 1703 1086 1741 antistites
1108 1704 1270 1742 calcant.
1307 1705 1373 1742 illa
1392 1705 1558 1752 primum

311 1766 408 1794 saxa
428 1761 583 1794 auctum
605 1756 776 1796 fluminis
798 1757 979 1796 sentiunt.
1017 1757 1112 1796 Post
1130 1758 1296 1806 spatium
1318 1759 1460 1797 deinde
1479 1770 1557 1796 ma-

311 1821 431 1858 gnum
451 1811 529 1848 duo
550 1811 717 1849 emicant
737 1812 911 1860 scopuli:
939 1812 1038 1850 Nili
1057 1822 1211 1851 venas
1232 1818 1375 1851 vocant
1392 1813 1558 1859 incolae,

311 1876 362 1902 ex
391 1865 534 1912 quibus
560 1875 702 1912 magna
720 1867 810 1915 vi[s]
842 1867 1032 1914 funditur,
1052 1877 1131 1905 non
1150 1872 1278 1905 tamen
1300 1871 1444 1915 quanta
1463 1877 1555 1915 ope-

310 1919 387 1956 rire
408 1920 534 1967 possit
550 1920 788 1969 Aegyptum.
823 1921 861 1958 in
888 1921 986 1959 haec
1015 1931 1084 1959 ora
1103 1922 1242 1969 stipem
1265 1922 1492 1960 sacerdotes
1520 1926 1558 1959 et

312 1984 429 2011 aurea
448 1974 554 2012 dona
571 1975 778 2021 praefecti,
812 1986 898 2013 curn
927 1977 1116 2014 sollemne
1134 1977 1240 2013 venit
1258 1986 1410 2013 sacrum
1425 2005 1434 2022 ‚
1464 1976 1555 2013 iaci-

269 2039 292 2072 8
311 2033 388 2065 unt.
445 2028 544 2066 Hinc
579 2028 654 2066 iam
683 2030 912 2068 manifestus
949 2041 1138 2068 novarum
1170 2029 1309 2067 virium
1334 2030 1442 2068 Nilus
1479 2031 1555 2068 alto

312 2092 358 2119 ac
392 2083 589 2130 profundo
621 2083 734 2121 alveo
768 2084 908 2131 fertur,
952 2095 1002 2122 ne
1032 2085 1071 2122 in
1103 2084 1343 2123 latitudinem
1378 2084 1553 2131 excedat,

313 2136 468 2174 obiectu
499 2136 683 2176 montium
717 2147 894 2184 pressus.
950 2139 1058 2177 Circa
1084 2138 1292 2186 Memphim
1327 2139 1481 2176 demum
1512 2139 1555 2176 li—

312 2190 382 2228 ber
408 2196 446 2229 et
471 2201 544 2239 per
570 2192 803 2240 campestria
830 2203 954 2240 vagus
981 2194 1020 2231 in
1048 2193 1160 2241 plura
1187 2193 1375 2231 scinditur
1397 2193 1556 2231 flumina

311 2255 508 2294 manuque
543 2246 742 2284 canalibus
775 2246 906 2294 sactis,
939 2253 981 2286 ut
1007 2248 1057 2286 sit
1077 2247 1221 2286 -modus
1243 2247 1279 2284 in
1302 2247 1555 2285 derivantium

313 2303 525 2348 potestate,
555 2310 626 2350 per
653 2305 770 2340 totam
793 2301 972 2341 discurrit
992 2302 1228 2351 Aegyptum.
1271 2302 1384 2341 Initio
1406 2301 1553 2341 diduci-
