1624 2626
218 194 248 216 iv
714 182 1018 215 PRAEFATIO.

221 277 373 315 superest
397 273 469 314 ejus
489 276 613 312 tantum
634 281 711 314 pars
736 272 871 304 minima
895 277 927 304 et
954 278 1114 312 extrema,
1148 273 1183 305 id
1206 273 1294 314 quod
1315 275 1386 316 ipse
1410 273 1535 306 Seneca
1588 281 1600 289 ”

220 319 303 351 satis
327 318 470 356 indicat,
490 317 546 358 qui
564 322 739 359 postquam
755 327 863 360 pauca
884 317 925 349 de
946 317 1103 359 grandine
1127 318 1228 357 dixit,
1262 328 1291 350 c.
1325 320 1366 361 4,
1403 320 1418 350 l
1440 329 1535 361 pera·

219 369 307 395 ctam
332 372 404 394 esse
436 363 662 402 quaestionem
688 363 733 393 ait
760 367 792 394 et
821 362 908 393 velle
932 371 969 394 se
997 362 1158 402 quaedam
1186 363 1276 395 velut
1307 364 1340 395 in
1370 365 1535 396 cumulum

220 409 354 440 addere.
403 407 510 445 Quare
532 408 561 439 si
579 408 620 439 de
643 407 760 438 lacuna
779 406 860 438 mihi
884 407 1085 445 conceditur,
1118 417 1216 448 quam
1241 418 1302 450 ego
1323 409 1419 440 etiam
1444 409 1534 451 frag-

221 453 340 485 mentis
361 453 558 493 quibusdam
582 453 623 484 ab
647 453 719 496 ipso
744 451 869 484 Seneca
898 451 1114 494 suppeditatis
1138 452 1268 494 explere
1292 454 1402 485 studui
1422 471 1467 477 —-
1487 454 1534 486 le—

225 503 346 540 guntur
366 507 406 530 ea
427 496 527 540 paulo
549 495 626 539 post
643 508 670 529 e.
689 497 728 540 ὃς,
753 496 786 529 6.
809 506 836 528 e.
860 495 919 536 133
935 498 1044 547 “2-5—52
1065 496 1149 546 Πξιιᾱ
1162 506 1299 541 &quoque
1323 498 1461 540 intelligi
1482 509 1533 530 ar-

221 543 342 583 bitror,
368 553 409 574 ne
432 551 603 574 numerum
629 541 760 582 quidem
783 539 959 584 librorum,
988 538 1077 582 quos*
1092 538 1187 574 'nunssc
1209 542 1338 585 septem
1362 543 1532 582 habemuS,

220 597 335 619 verum
357 597 431 620 esse
449 597 565 629 posse3
587 587 660 628 quis
685 587 771 618 enim
795 586 949 618 credibile
971 587 1118 628 putabit,
1149 588 1236 627 quod
1257 594 1287 619 et
1310 597 1330 619 a
1359 595 1532 620 consuetu-

220 633 296 664 dine
315 637 346 664 et
366 633 406 664 ab
430 638 499 664 arte
517 631 660 664 Senecae
682 632 778 673 plane
798 631 943 663 alienum
967 638 1032 670 est,
1062 642 1127 663 uno
1151 633 1233 664 libro
1251 633 1308 666 IV.
1332 632 1413 664 duas
1433 642 1533 673 quae—

219 678 342 709 stiones
364 677 606 709 diversissimas
630 677 800 718 copulatas
822 686 895 708 esse
920 677 1056 718 ejusque
1079 677 1128 708 rei
1150 687 1256 718 neque
1274 678 1308 709 in
1330 677 1532 719 praefatione

218 722 307 754 illius
332 721 407 753 libri
431 732 536 762 neque
558 723 592 754 in
613 722 743 765 epilogo
768 721 868 753 ullam
891 723 1089 756 mentionem
1113 722 1207 754 fieri?
1230 732 1330 762 quare
1350 723 1460 755 debuit
1475 722 1532 755 illo

218 767 290 799 loco
314 767 418 807 quinti
443 766 518 798 libri
535 776 691 799 numerus
716 768 795 809 poni
826 773 858 799 et
885 767 1043 808 deinceps
1063 768 1269 807 sequentium
1294 767 1449 800 librorum
1471 777 1531 799 nu-

218 813 302 844 meri
322 812 459 850 mutari,
485 813 574 852 quod
596 822 678 854 ego,
701 822 744 845 ne
762 812 860 845 nimis
880 822 900 844 a
922 812 1167 854 vulgatovmore
1188 812 1377 848 recederem
1384 817 1411 852 ,“
1421 811 1533 850 facere

219 857 401 898 supersedi.
447 857 573 889 Deinde
596 857 671 889 libri
689 857 731 889 V.
759 857 997 900 praefationem
1020 858 1177 889 amissam
1201 866 1273 889 esse
1297 857 1449 894 arbitror,
1473 867 1531 889 ne-

219 912 282 942 que
306 902 341 933 id
364 902 521 934 incertum
548 904 702 943 cuiquam
731 903 914 941 videbitur,
944 902 1000 943 qui
1015 917 1017 920 ·
1031 901 1302 944 consideraverit,
1332 912 1431 942 quam
1461 907 1531 934 stu-

220 948 313 978 diose
329 946 455 978 Seneca
478 957 517 979 ea
533 952 665 986 tractet,
690 957 776 988 quae
799 948 843 979 ad
865 957 934 979 rem
957 948 1160 989 propositam
1179 956 1244 979 non
1261 946 1359 979 nimis
1381 949 1530 980 necessa-

217 993 267 1023 rIa
291 995 383 1030 sunt,
404 992 488 1023 adeo
505 996 541 1023 ut
561 993 668 1024 videri
689 993 795 1034 possit
823 993 914 1034 ipsos
936 992 1036 1024 libros
1058 992 1299 1034 praefationum
1329 997 1362 1023 et
1384 992 1530 1034 epilogo-

219 1046 292 1069 rum
318 1045 417 1067 causa
439 1037 626 1078 scripsisse.
669 1036 819 1078 Denique
840 1037 924 1069 libro
940 1038 986 1069 VI
1002 1037 1117 1069 deesse
1132 1035 1406 1080 auquemnocum
1425 1047 1466 1068 ex
1490 1046 1529 1069 eo

217 1080 431 1122 intelligitur,
455 1082 543 1121 quod
567 1091 597 1113 c.
622 1083 679 1119 14,
701 1083 722 1114 2
741 1087 880 1115 testatur
907 1092 944 1113 se
960 1092 1099 1120 eorum,
1124 1080 1243 1122 quibus
1263 1082 1390 1124 placeat
1411 1086 1528 1113 terram

218 1126 339 1157 animal
375 1135 466 1164 esse,
503 1127 696 1158 sententiam
733 1130 1023 1165 commemorasse,
1062 1128 1151 1167 quod
1187 1128 1343 1167 quoniam
1383 1127 1461 1159 dicit
1493 1136 1530 1158 se

217 1181 240 1212 p
253 1170 346 1202 aulo
371 1176 464 1202 ante
483 1171 625 1210 fecisse,
645 1171 734 1203 credi
753 1176 950 1212 nonrpotest
970 1181 1112 1203 errorem
1132 1182 1207 1204 eum
1232 1182 1304 1204 esse
1328 1171 1385 1203 vel·
1405 1181 1529 1208 ,memor

216 1217 285 1248 riae
307 1215 448 1257 lapsum.
508 1224 510 1226 ·
816 1228 818 1230 v
846 1240 848 1243 .

306 1261 437 1292 Praeter
469 1260 595 1301 majora
620 1258 703 1292 haec
732 1259 847 1293 horum
876 1259 1035 1292 librorum
1069 1261 1262 1293 detrimenta
1290 1259 1393 1292 multa
1420 1264 1470 1291 est
1493 1260 1528 1291 in

217 1305 326 1337 verbis
343 1305 484 1348 singuiis
505 1303 703 1337 incertitudo
727 1309 760 1336 et
771 1305 981 1346 depravatio;
1002 1314 1077 1337 nam
1095 1306 1153 1346 qui
1180 1305 1431 1345 olimusurpati
1451 1310 1528 1336 sunt

217 1351 348 1382 codices
362 1351 577 1382 Memmianus
601 1355 633 1382 et
654 1349 895 1392 Bongarsianus
911 1354 947 1381 :et
962 1350 996 1382 =si
1014 1351 1071 1391 qui
1088 1350 1145 1382 alii
1156 1350 1296 1387 ¹fuerunt
1317 1350 1370 1381 his
1390 1349 1526 1390 similes,

216 1396 338 1427 vetusti
365 1400 398 1427 et
422 1396 463 1427 ab
485 1395 710 1437 interpolandi
734 1395 870 1427 libidine
895 1395 1078 1433 immunes,
1109 1405 1221 1428 eorum
1252 1405 1338 1428 nunc
1364 1395 1472 1427 tenuis
1495 1400 1527 1426 et

216 1441 373 1482 ambigua
395 1441 553 1473 memoria
575 1445 700 1479 exstem
724 1441 873 1482 proxime
896 1441 939 1472 ad
961 1440 1022 1472 hos
1044 1441 1176 1472 'accedit
1204 1440 1276 1472 cod.
1297 1439 1525 1480 Berolinensis,

217 1495 282 1517 sec.
305 1485 410 1525 X111.‚
434 1486 490 1530 qui
513 1494 710 1526 quamquam
735 1490 784 1518 est
809 1487 973 1527 omnium,
997 1495 1080 1525 quos
1100 1486 1285 1517 accuratius
1309 1483 1444 1516 collatos
1466 1483 1525 1515 ha-

214 1531 348 1573 bemus,
384 1531 481 1573 longe
508 1530 669 1572 optimus,
699 1535 745 1561 ut
766 1531 797 1562 ei
826 1531 942 1562 merito
973 1540 992 1562 a
1014 1530 1163 1562 Fickerto
1196 1539 1334 1562 summa
1352 1529 1526 1561 auctoritas

214 1576 394 1615 tribuatur,
425 1581 536 1608 tamen
556 1576 655 1607 ‘omni
678 1576 831 1616 vitiorum
850 1585 970 1617 genere
993 1574 1083 1607 haud
1102 1585 1174 1606 raro
1195 1575 1346 1607 foedatus
1362 1579 1428 1610 est;
1450 1583 1525 1605 nam

214 1626 343 1662 praeter
364 1620 519 1656 foliorum
534 1620 660 1661 aliquot
682 1620 865 1659 defectum,
897 1630 995 1660 quem
1014 1629 1115 1661 supra
1140 1620 1338 1660 memoravi,
1370 1623 1402 1651 et
1420 1618 1525 1649 mino-

215 1666 306 1698 ribus
326 1665 451 1698 lacunis
469 1665 614 1704 laborat,
637 1666 780 1697 maxime
802 1666 837 1696 in
862 1665 920 1698 lib,
945 1665 990 1697 IV
1012 1665 1239 1706 praefitione,
1265 1670 1296 1696 et
1322 1662 1525 1714 singularum

215 1719 333 1743 vocum
367 1711 618 1749 omissionibus,
659 1720 743 1751 quae
770 1710 1055 1750 frequentissimae
1070 1712 1161 1745 {esunt
1192 1711 1241 1741 inv*
1255 1714 1348 1751 parte
1376 1706 1450 1739 hbri
1471 1707 1524 1743 111,

215 1757 293 1788 inde
316 1766 336 1788 a
360 1766 386 1788 c.
411 1758 466 1789 22.
500 1756 705 1797 reperiuntur
730 1756 830 1788 etiam
854 1755 1047 1795 aliquotiens
1072 1753 1277 1795 librariorum
1305 1753 1525 1788 additamenta

217 1806 249 1832 et
272 1802 396 1842 passim
421 1801 478 1833 alii
502 1810 629 1833 errores
651 1801 759 1840 νει-ῆς
789 1800 936 1842 ejusdem
959 1809 1072 1833 rursus
1096 1799 1169 1832 libri
1199 1800 1232 1831 in
1255 1798 1403 1841 plurimis
1423 1797 1525 1839 parti-

215 1846 275 1877 bus
295 1847 380 1878 mira
403 1847 573 1888 integritas
591 1850 642 1877 est
663 1850 760 1886 atque
782 1846 816 1877 in
835 1845 918 1886 ipsis
937 1845 1034 1878 etiam
1056 1845 1145 1877 vitiis
1167 1843 1360 1886 plerumque
1375 1843 1525 1883 proxima

216 1900 290 1922 cum
314 1892 450 1923 veritate
470 1891 688 1923 necessit-udo.
735 1891 987 1923 Diversissimus
1006 1895 1057 1922 est
1077 1890 1151 1922 cod.
1177 1888 1443 1931 BambergensiS‚
1468 1887 1525 1927 qui

214 1935 308 1967 illum
329 1942 435 1968 aetate
459 1942 608 1978 superam
633 1935 736 1968 seculi
759 1936 846 1968 enim
865 1935 911 1967 XI
939 1945 1012 1967 esse
1032 1934 1241 1976 perhibetur3'
1265 1938 1406 1965 ceterum
1428 1931 1526 1963 habet

215 1979 358 2013 Senecae
381 1981 481 2013 libros
499 1982 642 2023 primum
661 1982 704 2013 ab
723 1981 834 2021 aliquo
857 1980 947 2012 haud
974 1980 1111 2012 indocto
1125 1979 1255 2011 homine
1278 1978 1473 2020 gravissime
1493 1982 1525 2008 et

215 2026 433 2058 audacissime
455 2026 687 2068 interpolatos,
713 2026 831 2058 deinde
856 2026 954 2057 etiam
974 2025 1165 2067 vulgaribus
1181 2023 1386 2055 librariorum
1409 2030 1523 2065 pecca-

215 2071 259 2102 tis
283 2077 468 2114 corruptos;
502 2081 563 2103 nec
581 2077 691 2103 tamen
711 2071 830 2104 desunt
860 2070 1017 2112 exempla.
1033 2070 1211 2111 scripturae
1239 2079 1280 2100 ex
1304 2069 1413 2110 aliquo
1432 2071 1523 2098 vetu-

215 2116 314 2147 stiore
337 2121 369 2147 et
390 2117 517 2158 integro
539 2116 620 2148 libro
640 2121 861 2159 propagatam
893 2125 995 2156 quare
1025 2124 1152 2146 summa
1181 2114 1330 2146 cautione
1353 2123 1435 2155 opus
1462 2116 1523 2149 est,

216 2168 258 2191 ne
282 2165 338 2191 aut
356 2170 440 2201 quae
463 2163 568 2203 proba
583 2167 676 2200 sunt,
694 2162 858 2193 immerito
873 2161 1094 2200 damnentur,
1115 2163 1172 2190 aut
1195 2169 1277 2199 quae
1297 2160 1444 2200 speciose
1467 2166 1523 2188 ex-

216 2205 375 2247 cogitavit
401 2206 571 2245 falsarius,
601 2216 662 2248 pro
687 2207 772 2238 veris
795 2206 856 2238 tibi
879 2206 1057 2247 imponant.
1101 2205 1139 2236 In
1157 2208 1246 2236 tanta
1266 2203 1434 2236 dubitandi
1456 2211 1523 2233 ma-

214 2251 318 2289 teria,
347 2259 445 2290 quam
477 2252 542 2283 duo
568 2251 603 2283 hi
627 2251 757 2283 codices
787 2251 962 2292 diligenter
984 2250 1066 2281 inter
1096 2258 1131 2280 se
1156 2249 1334 2290 comparati
1357 2248 1524 2290 praebent,

215 2304 290 2327 raro
313 2295 448 2334 accidit,
482 2301 518 2327 ut
546 2296 580 2327 in
609 2296 745 2336 reliquis
769 2296 938 2328 codicibus
964 2294 1199 2326 recentioribus
1227 2294 1304 2326 boni
1323 2293 1450 2326 consilii
1469 2302 1524 2323 co-

216 2341 306 2382 piam
332 2340 543 2372 nanciscaris.
590 2341 730 2373 Proinde
753 2341 833 2373 satis
857 2348 1015 2382 apparere
1037 2339 1193 2379 arbitror,
1224 2348 1289 2371 non
1318 2348 1416 2381 posse
1438 2346 1524 2369 nunc
