1624 2626
314 166 365 206 68
683 163 726 200 L.
753 161 941 200 ANNAEI
971 160 1194 199 SENECAE

277 265 299 299 9
312 265 411 310 beat,
431 272 509 301 non
527 262 567 300 in
585 271 673 299 usu.
712 259 997 308 exprobrentur
1014 259 1068 296 illi
1085 268 1292 306 perperam
1311 259 1423 298 facta.
1468 259 1558 297 Per-

310 317 446 356 tinebit
472 316 523 354 ad
547 325 629 353 rem
649 318 926 363 praeceptores
954 313 1290 360 paedagogosque
1316 314 1450 360 pueris
1477 315 1559 362 pla·
1618 332 1619 335 =

313 372 425 409 eidos
451 370 546 409 dari.
593 368 784 407 Proximis
808 367 1026 414 adplicatur
1045 377 1159 404 omne
1180 366 1287 414 quod
1307 372 1481 405 tenerum
1501 373 1561 406 est
1618 374 1624 399 ε

313 430 351 463 et
369 425 409 463 in
429 434 564 462 eorum
582 422 870 461 similitudinem
889 420 1041 459 crescit.
1082 421 1272 459 nutricum
1300 425 1338 459 et
1365 422 1560 469 paedago—
1612 443 1614 446 .

259 481 302 513 10
312 489 450 527 gorum
467 478 635 516 retulere
658 487 751 514 mox
769 475 808 513 in
827 473 1132 513 adulescentiam
1150 485 1293 513 mores.
1333 476 1450 523 Apud
1475 476 1559 513 Pla·
1617 481 1624 526 ξ

311 539 441 572 tonem
461 532 650 570 educatus
670 541 769 578 puer
788 540 874 567 cum
894 529 944 566 ad
970 534 1152 576 parentes
1179 530 1322 567 relatus
1342 531 1558 567 vociferan—

310 593 388 626 tem
407 587 733 633 videretpatrem:
754 593 999 631 ‚‚numquam‚
1008 582 1141 630 inquit,
1153 583 1228 621 hoc
1243 585 1349 630 apud
1362 584 1562 623 Platonem
1622 606 1624 610 .

309 642 428 679 vidi.“
478 651 556 678 non
578 640 710 677 dubito
733 638 826 686 quin
848 637 961 675 citius
983 641 1131 684 patrem
1160 637 1329 676 imitatus
1363 638 1413 676 sit
1445 649 1561 686 quam

258 699 294 732 ll
310 696 520 733 Platonem.
562 693 706 731 Tenuis
734 697 822 730 ante
842 691 971 730 omnia
988 691 1115 729 victus
1136 694 1209 738 [sit]
1232 697 1270 729 et
1288 703 1365 730 non
1387 692 1562 740 pretiosa

309 750 431 787 vestis
451 754 490 786 et
509 747 644 786 similis
665 747 791 785 cultus
813 757 899 783 cum
920 746 1168 793 aequalibus:
1189 757 1266 784 non
1284 747 1474 784 irascetur
1492 748 1562 785 ali-

311 814 426 852 quem
447 802 522 839 sibi
542 801 748 849 conparari
777 811 892 848 quem
920 799 968 837 ab
986 799 1091 837 initio
1110 800 1237 837 multis
1257 811 1388 848 parem
1408 802 1560 840 feceris.

276 862 292 893 1
386 856 502 895 XXII.
532 855 764 894 Sedhaec
785 854 1048 892 adliberos
1067 858 1271 892 nostros
1291 854 1560 902 pertinent:

310 913 356 949 in
377 911 525 949 nobis
547 909 742 957 quidem
762 919 874 947 sors
893 908 1133 946 nascendi
1153 913 1198 945 et
1217 909 1455 947 educatio
1474 920 1563 948 nec

310 966 424 1003 vitii
442 966 607 1003 locum
635 973 725 1001 nec
752 964 843 1001 iam
869 962 1132 1010 praecepti
1154 962 1311 1000 habet.
1353 974 1561 1012 sequen-

274 1025 294 1058 2
312 1021 379 1058 tia
398 1018 677 1057 ordinanda
696 1022 822 1056 sunt.
860 1017 1001 1055 Contra
1020 1017 1163 1064 primas
1183 1017 1313 1065 itaque
1332 1028 1472 1056 causas
1491 1029 1561 1066 pu-

310 1084 431 1122 gnare
460 1073 669 1111 debemus:
704 1082 825 1109 causa
851 1075 978 1109 autem
1005 1071 1229 1109 iracundiae
1253 1072 1382 1119 opinio
1403 1072 1563 1110 iniuriae

311 1133 383 1174 est,
405 1126 468 1165 cui
484 1137 564 1165 non
584 1126 698 1164 facile
719 1126 956 1163 credendum
976 1130 1047 1163 est.
1077 1136 1126 1163 ne
1146 1126 1291 1173 apertis
1312 1127 1466 1174 quidem
1481 1137 1560 1164 ma-

311 1182 545 1229 nifestisque
565 1180 691 1218 statim
709 1179 989 1218 accedendum.
1030 1180 1223 1226 quaedam
1242 1180 1344 1218 enim
1365 1181 1464 1219 falsa
1480 1181 1562 1218 veri

276 1236 485 1284 3speciem
506 1236 644 1273 serunt.
685 1235 864 1272 Dandum
892 1244 1048 1281 semper
1077 1238 1138 1271 est
1165 1239 1335 1282 tempus=
1365 1235 1563 1273 veritatem

313 1291 397 1328 dies
417 1289 553 1338 aperit.
593 1290 649 1327 Ne
669 1288 747 1327 sint
765 1298 881 1327 aures
901 1287 1190 1326 criminantibus
1218 1289 1372 1327 faciles:
1398 1289 1474 1327 hoc
1493 1289 1561 1327 hu-

311 1355 449 1383 manae
481 1349 642 1382 naturae
673 1343 806 1381 vitium
839 1347 1066 1390 suspectum
1103 1348 1316 1391 notumque
1355 1343 1469 1381 nobis
1502 1344 1562 1388 sit,

312 1400 420 1447 quod
441 1409 542 1446 quae
560 1398 670 1436 inviti
689 1398 881 1443 audimus,
901 1396 1065 1434 libenter
1086 1397 1279 1435 credimus
1300 1402 1338 1435 et
1357 1402 1563 1444 antequam

276 1453 549 1499 {iudicemuffi
583 1452 800 1490 irascimur.
856 1451 973 1499 Quid,
1002 1451 1109 1498 quod
1135 1462 1213 1490 non
1234 1451 1562 1489 criminationibus

312 1512 469 1555 tantum,
491 1507 563 1545 sed
582 1505 874 1554 suspicionibus
895 1506 1113 1553 inpellimur
1134 1510 1171 1543 et
1197 1515 1245 1543 ex
1265 1506 1374 1543 voltu
1401 1506 1562 1553 risuque

312 1562 439 1599 alieno
461 1562 596 1610 peiora
614 1560 854 1608 interpretati
872 1560 1144 1598 innocentibus
1164 1560 1394 1598 irascimur?
1426 1560 1563 1607 Itaque

312 1617 465 1663 agenda
492 1621 553 1654 est
578 1620 712 1653 contra
738 1626 782 1653 se
810 1625 929 1652 causa
955 1614 1128 1652 absentis
1156 1619 1194 1652 et
1220 1615 1257 1651 in
1285 1624 1481 1661 suspenso
1506 1615 1563 1652 ira

311 1670 525 1708 retinenda.
567 1674 698 1718 potest
716 1669 817 1707 enim
837 1679 967 1717 poena
986 1669 1104 1707 dilata
1123 1669 1241 1717 exigi,
1258 1679 1335 1707 non
1350 1673 1479 1716 potest
1494 1679 1560 1706 ex·

315 1729 400 1762 acta
421 1725 611 1763 revocari.

278 1781 291 1812 1
390 1779 524 1818 XXIII.
563 1779 686 1817 Notus
708 1782 768 1816 est
787 1779 850 1816 ille
867 1777 1113 1828 tyrannicida
1130 1777 1197 1826 qui
1213 1777 1426 1825 inperfecto
1443 1787 1561 1825 opere

314 1833 608 1881 conprehensus
633 1838 671 1872 et
687 1833 737 1871 ab
756 1833 901 1880 Hippia
922 1837 1066 1879 tortus,
1094 1838 1136 1871 ut
1161 1834 1342 1871 conscios
1361 1831 1559 1878 indicaret,

314 1888 596 1926 circumstantis
629 1888 776 1925 amicos
807 1886 964 1937 tyranni
997 1886 1208 1925 nominavit
1233 1886 1454 1934 quibusque
1481 1896 1559 1924 ma—

313 1941 416 1979 xime
442 1953 570 1979 caram
598 1943 762 1980 salutem
792 1942 876 1979 eius
906 1941 1065 1980 sciebat.
1119 1945 1260 1979 etcum
1289 1940 1352 1978 ille
1371 1940 1559 1988 singulos,

313 1999 355 2033 ut
373 1997 556 2035 nominati
577 2002 695 2044 erant,
718 1996 843 2034 occidi
862 1996 1054 2040 iussisset,
1065 1994 1323 2042 interrogavit,
1337 1994 1473 2043 ecquis
1493 2005 1558 2032 su-

314 2055 518 2098 peresset2
567 2051 668 2097 ⁷,⁷1'u‚
701 2051 844 2098 inquit,
876 2052 1005 2088 solus:
1028 2049 1217 2087 neminem
1241 2049 1341 2086 enim
1362 2050 1475 2086 alium
1497 2048 1559 2086 cui

315 2114 428 2142 carus
449 2115 560 2143 esses
575 2105 752 2153 reliqui.“
778 2104 918 2143 Effecit
935 2105 1002 2151 ira,
1023 2109 1065 2142 ut
1085 2108 1271 2151 tyrannus
1293 2103 1560 2152 tyrannicidae

315 2169 452 2196 manus
477 2159 796 2198 adcommodaret
814 2164 851 2198 et
869 2158 1065 2207 praesidia
1084 2168 1156 2196 sua
1174 2158 1303 2205 gladio
1328 2162 1400 2196 suo
1421 2157 1559 2195 caede-

279 2213 299 2245 2
314 2218 383 2251 ret.
428 2214 576 2260 Quanto
597 2214 811 2252 animosius
829 2212 1078 2252 Alexander?
1105 2212 1171 2259 qui
1190 2222 1276 2249 cum
1297 2211 1455 2259 legisset
1478 2211 1559 2259 epi-

316 2269 454 2306 stulam
476 2269 629 2317 matris,
665 2280 742 2316 qua
769 2267 1067 2313 admonebatur,
1099 2271 1140 2305 ut
1167 2276 1189 2304 a
1215 2276 1369 2305 veneno
1395 2264 1560 2313 Philippi
