1624 2626
249 140 330 183 284
603 141 647 178 L.
677 139 864 178 ANNAEI
890 139 1114 178 SENECAE

215 246 236 281 7
254 251 387 281 corum
409 239 539 279 odium
558 239 749 288 reprimit,
772 239 942 278 omnium
966 239 1106 278 inritat.
1140 240 1332 279 Voluntas
1350 245 1506 289 oportet

250 301 340 334 ante
368 294 571 333 saeviendi
599 304 715 342 quam
743 304 865 332 causa
891 293 1059 332 deficiat.
1106 294 1280 343 alioquin
1318 296 1502 343 quemad-

250 350 409 389 modum
439 348 643 397 praecisae
670 347 833 386 arbores
856 347 1032 395 plurimis
1055 349 1174 387 ramis
1200 350 1438 397 repullulant
1465 354 1505 388 et

250 405 370 443 multa
389 408 564 442 satorum
583 412 748 450 genera,
777 407 820 440 ut
846 402 1032 441 densiora
1052 408 1234 450 surgant,
1262 404 1500 450 reciduntur,

250 460 303 497 ita
320 458 429 506 regia
448 457 656 496 crudelitas
686 461 803 504 auget
827 456 1070 495 inimicorum
1094 468 1296 496 numerum
1314 459 1501 497 tollendo.

249 517 435 561 parentes
461 513 563 550 enim
597 511 788 559 liberique
821 521 975 558 eorum,
1006 512 1073 560 qui
1098 511 1290 550 interfecti
1324 518 1431 561 sunt,
1465 518 1503 551 et

252 566 465 616 propinqui
485 570 523 604 et
541 566 654 604 amici
673 566 712 603 in
731 566 860 604 locum
880 565 1121 614 singulorum
1143 567 1372 606 succedunt.

214 630 232 661 1
327 621 392 659 lX.
422 621 508 658 Hoc
531 631 647 669 quam
668 630 802 658 verum
822 621 890 667 sit,
919 620 1132 659 admonere
1156 626 1195 659 te
1221 623 1402 670 exemplo
1432 622 1501 660 do-

250 676 413 714 mestico
433 676 539 713 volo.
570 675 693 713 Divus
711 675 917 723 Augustus
935 675 1006 713 fuit
1023 675 1125 714 mitis
1142 675 1341 724 princeps,
1363 676 1396 715 si
1413 676 1502 724 quis

249 732 356 768 illum
386 741 410 768 a
435 729 658 778 principatu
686 739 759 767 suo
788 730 997 768 aestimare
1023 730 1204 777 incipiat.
1233 730 1271 767 in
1306 729 1503 769 communi

251 785 408 833 quidem
431 784 674 832 reipublicae
693 783 864 832 gladium
880 784 1012 823 movit.
1042 784 1135 823 Cum
1151 784 1227 823 hoc
1242 786 1379 824 aetatis
1396 790 1503 823 esset

251 839 360 887 quod
378 843 420 876 tu
438 848 542 877 nunc
561 849 625 885 es,
647 838 1011 877 duodevicesimum
1031 849 1220 887 egressus
1240 850 1404 886 annum,
1425 840 1500 877 iam

250 893 447 942 pugiones
477 894 515 931 in
542 893 672 931 sinum
696 894 912 932 amicorum
941 893 1223 941 absconderat,
1252 893 1328 932 iam
1347 894 1500 933 insidiis

249 948 300 985 Μ.
310 947 470 986 Antonii
490 948 665 986 consulis
684 949 787 986 latus
806 948 988 996 petierat,
1009 949 1085 986 iam
1105 949 1231 988 fuerat
1245 950 1396 997 collega
1411 960 1500 998 pro—

213 1007 236 1039 2
252 1001 488 1050 scriptionis.
534 1001 615 1040 Sed
639 1012 725 1041 cum
753 1012 899 1040 annum
926 1002 1270 1051 quadragesimum
1296 1005 1502 1043 transisset

251 1062 289 1095 et
315 1057 353 1095 in
373 1057 498 1094 Gallia
523 1061 759 1102 moraretur,
787 1057 955 1095 delatum
985 1062 1046 1095 est
1071 1058 1122 1095 ad
1148 1068 1236 1096 eum
1255 1057 1440 1097 indicium
1456 1059 1501 1096 L.

250 1111 431 1156 Cinnam,
458 1110 567 1149 solidi
593 1111 738 1158 ingenii
756 1111 902 1157 virum,
930 1112 1095 1150 insidias
1111 1112 1147 1149 ei
1165 1117 1328 1151 struere.
1358 1114 1500 1152 dictum

250 1170 313 1204 est
340 1170 379 1203 et
404 1164 470 1202 ubi
497 1168 535 1202 ct
563 1165 722 1213 quando
751 1169 790 1203 et
816 1166 1146 1213 quemadmodum
1180 1167 1344 1214 adgredi
1372 1169 1499 1206 vellet.

213 1224 352 1258 3unus
381 1229 432 1257 ex
459 1218 630 1257 consciis
659 1219 871 1258 deferebat.
920 1220 1126 1259 Constituit
1151 1231 1196 1259 se
1224 1221 1273 1259 ab
1308 1232 1356 1260 eo
1376 1222 1500 1259 vindi-

251 1284 354 1312 care.
401 1273 609 1312 consilium
637 1274 848 1312 amicorum
874 1274 1061 1313 advocari
1087 1274 1212 1314 iussit.
1259 1286 1340 1315 nox
1362 1276 1416 1314 illi
1444 1277 1499 1314 in-

251 1329 382 1376 quieta
407 1333 507 1375 erat,
539 1338 627 1367 cum
659 1327 849 1376 cogitaret
880 1329 1174 1368 adulescentem
1206 1330 1394 1377 nobilem,
1423 1331 1502 1369 hoc

250 1384 426 1421 detracto
449 1384 661 1430 integrum,
693 1383 758 1421 Cn.
782 1383 958 1431 Pompeii
985 1389 1188 1432 nepotem,
1216 1385 1499 1423 damnandum:

250 1437 327 1475 iam
347 1448 465 1475 unum
482 1437 679 1475 hominem
706 1437 891 1476 occidere
917 1449 998 1476 non
1027 1443 1196 1486 poterat,
1234 1450 1323 1477 cum
1347 1439 1400 1477 Μ.
1417 1441 1499 1477 An—

211 1500 234 1534 4
253 1492 356 1530 tonio
377 1491 678 1540 proscriptionis
707 1492 878 1531 edictum
905 1492 1004 1531 inter
1023 1503 1187 1531 coenam
1214 1493 1389 1532 dictaret.
1428 1494 1500 1532 Ge-

251 1557 361 1584 mens
381 1546 549 1584 subinde
566 1556 690 1584 voccs
711 1546 909 1585 emittebat
936 1547 1064 1585 varias
1092 1552 1130 1586 et
1156 1549 1255 1586 inter
1279 1558 1324 1587 se
1348 1554 1500 1587 contra-

249 1602 342 1638 rias.
391 1601 493 1646 Quid
508 1598 629 1648 erqo?
658 1611 727 1648 eqo
738 1611 1006 1649 percussorem
1027 1613 1149 1641 meum
1167 1614 1342 1641 securum
1363 1604 1500 1641 ambu-

249 1658 334 1693 lare
345 1657 482 1704 patiar
498 1666 557 1693 me
574 1654 759 1694 sollicito?
783 1656 890 1703 Erqo
905 1667 980 1695 non
1001 1658 1108 1695 dabit
1117 1668 1273 1706 poena&
1291 1659 1358 1706 qui
1372 1662 1423 1696 tot
1437 1659 1500 1696 ci-

248 1710 383 1748 vilibus
400 1710 507 1748 bellis
521 1710 677 1756 frustra
689 1711 849 1758 petitum
877 1715 1011 1759 caput,
1040 1715 1094 1750 tot
1117 1713 1334 1758 navalibus,
1361 1717 1412 1751 tot
1420 1723 1500 1760 pe-

249 1765 436 1802 destribus
445 1766 608 1812 proeliis
625 1765 828 1811 incolume,
859 1770 1065 1814 postquam
1090 1771 1198 1805 terra
1223 1769 1396 1814 marique
1410 1778 1501 1815 pax

245 1823 392 1867 parata
421 1823 493 1865 est,
525 1829 601 1856 non
621 1820 794 1857 occidere
819 1822 1037 1867 constituat,
1070 1821 1140 1859 sed
1162 1820 1374 1859 inmolare?
1411 1832 1501 1859 nam

212 1876 234 1908 5
251 1873 536 1910 sacrificantem
560 1874 759 1920 placuerat
778 1874 935 1912 adoriri.
978 1876 1132 1914 Rursus
1153 1875 1306 1913 silentio
1327 1875 1498 1924 interpo-

250 1928 324 1964 sito
358 1927 507 1966 maiore
539 1928 660 1973 multo
694 1939 794 1966 voce
827 1929 904 1966 sibi
931 1940 1048 1978 quam
1069 1929 1211 1968 Cinnae
1237 1929 1498 1968 irascebatur:

250 1981 352 2026 Quid
374 1984 484 2029 vivis,
511 1983 547 2020 si
562 1984 698 2030 perire
724 1987 759 2021 te
776 1988 853 2021 tam
871 1987 1074 2023 multorum
1099 1981 1279 2022 interest?
1306 1986 1389 2031 quis
1410 1986 1500 2030 sinis

247 2037 322 2073 erit
337 2035 639 2084 suppliciorum?
662 2040 747 2085 quis
763 2037 990 2085 sanquinis?
1007 2049 1076 2086 eqo
1093 2049 1175 2076 sum
1194 2039 1377 2076 nobilibus
1393 2039 1499 2076 adu—

248 2091 460 2129 lescentulis
477 2093 687 2139 expositum
701 2096 837 2141 caput,
857 2094 899 2131 in
915 2094 1018 2141 quod
1028 2098 1224 2131 mucrones
1239 2099 1391 2131 acuant.
1423 2103 1499 2131 non

248 2148 305 2181 est
323 2146 420 2182 tanti
431 2147 525 2191 vita,
542 2147 591 2193 si,
611 2149 655 2184 ut
679 2157 748 2194 eqo
774 2158 848 2185 non
870 2157 1046 2195 peream,
1065 2152 1142 2185 tam
1163 2149 1281 2184 multa
1294 2148 1499 2195 perdenda

208 2201 230 2236 6
248 2202 345 2236 sunt.
382 2198 647 2246 Interpellavit
665 2201 820 2239 tandem
848 2200 954 2239 illum
973 2201 1082 2238 Livia
1105 2211 1206 2238 uxor
1225 2205 1282 2239 et:
1318 2203 1498 2247 admittis,

250 2253 391 2301 inquit,
413 2255 596 2293 muliebre
620 2253 846 2295 consilium?
880 2256 962 2294 Fac
982 2255 1085 2304 quod
1102 2255 1241 2295 medici
1264 2259 1401 2305 solent,
1433 2258 1500 2305 qui
