1624 2626
336 191 388 232 98
710 190 753 229 L.
781 190 969 229 ANNAEI
998 191 1222 231 SENECAE

335 294 464 337 erant,
492 289 532 327 in
554 289 738 328 cohortes
766 288 1024 336 describeret,
1053 294 1206 329 ceteros
1227 282 1412 338 praeconi
1433 291 1587 330 subice-

333 348 411 390 ret,
439 344 559 392 idque
586 354 631 382 se
658 344 813 391 negavit
831 344 1021 381 facturum
1041 343 1183 391 luisse,
1211 345 1286 382 nisi
1305 346 1508 393 expediret
1525 346 1586 384 his

335 397 534 436 dominum
553 398 709 444 habere,
731 398 797 445 qui
816 402 891 435 tam
912 397 1052 434 malam
1070 397 1258 436 haberent
1277 399 1461 446 linguam.

300 461 319 493 1
441 452 575 490 XXIII.
602 453 728 490 Huius
749 462 876 499 nepos
905 450 976 488 fuit
994 451 1238 498 Alexander,
1268 453 1335 501 qui
1353 454 1528 492 lanceam
1547 455 1587 493 in

335 506 526 545 convivas
556 517 652 544 suos
679 505 908 553 torquebat,
943 505 1010 552 qui
1036 515 1086 543 ex
1112 506 1267 544 duobus
1295 507 1450 554 amicis,
1483 519 1585 556 quos

334 562 453 608 paulo
474 565 563 598 ante
583 560 716 606 retuli,
738 561 900 597 alterum
922 559 1028 597 ferae
1050 559 1210 608 obiecit,
1231 562 1391 599 alterum
1412 562 1499 600 sibi.
1537 573 1587 601 ex

298 614 395 655 2his
427 615 583 653 duobus
615 620 744 652 tamen
778 613 844 660 qui
876 613 980 651 leoni
1013 613 1191 653 obiectus
1224 620 1302 662 est,
1344 616 1451 654 vixit.
1500 617 1586 656 Non

333 669 467 707 habuit
485 669 560 707 hoc
580 668 723 706 avitum
742 667 807 706 ille
825 668 979 715 vitium,
999 678 1049 706 ne
1069 673 1271 716 paternum
1291 670 1462 718 quidem.
1496 682 1586 709 nam

333 723 368 761 si
388 733 466 771 qua
493 724 568 761 alia
593 723 630 759 in
649 721 826 770 Philippo
855 722 996 769 virtus,
1030 722 1101 761 suit
1122 728 1160 761 et
1179 724 1496 774 contumeliarum
1517 736 1585 773 pa-

333 778 477 822 tientia,
498 777 636 824 ingens
657 776 953 814 instrumentum
972 776 1023 814 ad
1041 778 1196 815 tutelam
1216 779 1340 825 regni.
1368 778 1585 818 Democha-

332 841 397 868 res
424 831 475 868 ad
497 831 606 869 illum
632 830 920 869 Parrhesiastes
955 830 1005 868 ob
1033 830 1190 869 nimiam
1217 837 1254 870 et
1280 843 1487 880 procacem
1515 834 1584 871 lin—

334 895 451 932 guam
467 885 686 932 adpellatus
706 884 805 923 inter
819 886 918 923 alios
935 884 1232 923 Atheniensium
1247 887 1398 934 legatos
1414 893 1584 926 venerat.

334 939 467 977 audita
484 938 652 986 benigne
670 940 865 986 legatione
882 939 1106 987 Philippus=
1136 941 1295 986 ‚‚dicite‚
1316 941 1460 990 inquit,
1481 942 1584 989 mihi,

334 994 463 1030 facere
497 994 591 1041 quid
624 994 793 1041 possim,
833 994 942 1041 quod
977 994 1027 1031 sit
1057 993 1362 1033 Atheniensibus
1394 999 1584 1044 gratum.“

296 1051 318 1086 3
335 1047 491 1095 excepit·
508 1047 773 1085 Demochares
794 1052 850 1086 et:
877 1051 943 1095 „te
953 1072 966 1094 ,ι
989 1047 1132 1095 inquit,
1156 1049 1441 1096 suspendere.“
1482 1051 1584 1088 Indi-

333 1101 466 1149 gnatio
500 1101 832 1141 circumstantium
870 1102 922 1140 ad
953 1106 1031 1140 tam
1063 1102 1316 1140 inhumanum
1347 1115 1585 1152 responsum

335 1160 472 1194 exorta
498 1161 592 1194 erat.
629 1153 729 1204 quo's
747 1156 950 1204 Philippus
979 1156 1245 1195 conticescere
1271 1157 1387 1195 iussit
1412 1163 1451 1197 et
1467 1159 1584 1196 Ther-

335 1211 448 1249 sitam
479 1210 586 1248 illum
619 1211 772 1248 salvum
804 1210 1119 1258 incolumemque
1150 1211 1352 1249 dimittere.
1395 1214 1473 1259 ,‚At
1497 1223 1584 1260 vos,

334 1265 477 1313 inquit,
500 1265 618 1303 ceteri
636 1265 772 1312 legati,
792 1265 962 1303 nuntiate
980 1265 1286 1303 Atheniensibus
1306 1268 1426 1305 multo
1447 1277 1584 1315 super—

334 1320 466 1359 biores
487 1329 598 1366 esse,
628 1319 693 1366 qui
711 1319 787 1357 ista
813 1319 947 1358 dicunt
981 1330 1098 1367 quam
1126 1320 1192 1367 qui
1217 1320 1362 1368 inpune
1389 1321 1492 1359 dicta
1517 1332 1585 1359 au-

297 1374 483 1412 4diunt.“
524 1373 647 1412 Multa
681 1378 719 1412 et
752 1372 867 1411 divus
893 1374 1095 1420 Augustus
1128 1374 1246 1420 digna
1277 1374 1464 1413 memoria
1496 1376 1587 1413 fecit

334 1428 528 1476 dixitque,
562 1438 612 1466 ex
647 1428 789 1476 quibus
815 1428 1004 1476 adpareat
1032 1428 1128 1466 iram
1162 1427 1216 1465 illi
1249 1440 1328 1467 non
1354 1429 1585 1476 imperasse.

332 1483 557 1530 Timagenes
574 1482 820 1521 historiarum
840 1482 1007 1530 scriptor
1027 1482 1218 1530 quaedam
1238 1483 1277 1520 in
1295 1484 1444 1531 ipsum,
1467 1493 1584 1531 quae—

334 1537 424 1575 dam
442 1536 481 1574 in
501 1546 666 1574 uxorem
693 1537 778 1575 eius
807 1541 846 1574 et
863 1537 901 1574 in
919 1541 1039 1574 totam
1058 1537 1215 1574 domum
1235 1538 1388 1575 dixerat
1406 1548 1478 1576 nec
1498 1548 1584 1586 per-

335 1591 488 1630 diderat
513 1591 627 1629 dicta.
669 1591 793 1639 magis
820 1591 921 1628 enim
950 1591 1219 1629 circumfertur
1241 1597 1279 1630 et
1306 1592 1343 1629 in
1365 1602 1434 1630 ore
1461 1592 1583 1630 homi-

299 1654 319 1687 5
335 1656 428 1683 num
447 1649 507 1683 est
520 1644 726 1683 temeraria
744 1645 957 1692 urbanitas.
985 1645 1114 1693 Saepe
1134 1645 1239 1683 illum
1261 1646 1404 1684 Caesar
1422 1647 1581 1691 monuit,

334 1699 574 1738 moderatius
593 1698 726 1747 lingua
742 1704 934 1738 uteretur:
957 1700 1225 1748 perseveranti
1245 1701 1360 1738 domo
1381 1711 1453 1738 sua
1468 1701 1582 1738 inter-

280 1751 283 1754 ’
335 1753 444 1791 dixit.
483 1754 627 1792 Postea
644 1754 873 1801 Timagenes
901 1753 940 1791 in
968 1753 1223 1793 contubernio
1242 1754 1426 1792 Pollionis
1455 1754 1584 1793 Asinii

336 1808 542 1846 consenuit
562 1818 608 1846 ac
637 1812 714 1846 tota
733 1807 889 1846 civitate
909 1808 1086 1856 direptus
1106 1813 1177 1846 est.
1219 1808 1366 1846 nullum
1387 1808 1440 1846 illi
1465 1808 1583 1847 limen

299 1870 320 1905 6
336 1863 543 1909 praeclusa
559 1862 738 1901 Caesaris
759 1862 899 1901 domus
919 1863 1088 1901 abstulit.
1115 1862 1305 1900 Historias
1326 1867 1465 1910 postea
1483 1874 1582 1912 quas

336 1916 568 1964 scripserat,
601 1917 778 1955 recitavit
801 1922 839 1955 et
863 1917 1066 1956 conbussit
1092 1922 1129 1954 et
1147 1916 1267 1954 libros
1296 1922 1383 1955 acta
1403 1917 1581 1955 Caesaris

333 1971 502 2018 Augusti
537 1971 770 2010 continentis
802 1971 840 2008 in
875 1971 1003 2019 ignem
1030 1971 1170 2019 posuit.
1213 1971 1431 2009 inimicitias
1458 1971 1583 2019 gessit
1622 1967 1623 1985 ³

335 2034 424 2062 cum
446 2025 631 2064 Caesare:
660 2036 773 2064 nemo
794 2025 1000 2064 amicitiam
1019 2026 1102 2063 eius
1122 2024 1313 2073 extimuit,
1333 2036 1447 2064 nemo
1468 2026 1580 2073 quasi
1620 2035 1621 2044 ³

335 2079 560 2125 fulguritum
590 2080 744 2128 refugit.
786 2080 859 2118 suit
889 2080 956 2128 qui
977 2119 979 2121 ,
988 2079 1192 2129 praeberet
1221 2084 1299 2116 tam
1325 2080 1400 2118 alte
1429 2080 1581 2117 cadenti
1619 2078 1621 2086 ‘

299 2137 318 2172 7
336 2133 477 2171 sinum.
504 2134 603 2172 Tulit
623 2135 710 2181 hoc,
730 2139 772 2173 ut
790 2135 882 2182 dixi,
906 2134 1050 2172 Caesar
1066 2132 1267 2182 patienter,
1285 2144 1334 2172 ne
1355 2144 1401 2172 eo
1424 2134 1581 2182 quidem

335 2191 485 2234 motuS‚
515 2189 623 2235 quod
651 2189 832 2228 laudibus
852 2188 935 2228 suis
953 2188 1152 2235 rebusque
1171 2188 1293 2235 gestis
1312 2199 1451 2226 manus
1470 2188 1577 2226 adtu-
1615 2191 1618 2245 J

335 2242 445 2281 lerat.
489 2252 702 2290 numquam
737 2254 823 2282 cum
857 2242 1013 2291 hospite
1041 2241 1184 2280 inimici
1216 2242 1278 2280 sui
1311 2247 1472 2291 questus
1505 2247 1578 2280 est.
1615 2246 1617 2252 ⁸

301 2295 413 2338 thoe
438 2295 638 2335 dumtaxat
660 2297 823 2337 Pollioni
848 2297 985 2340 Asinio
1014 2295 1128 2336 dixit:
1153 2297 1468 2349 θηριοτροφεῖς.
1508 2295 1578 2335 Pa·
1612 2306 1615 2342 ι
