1598 2606
420 165 487 206 DE
513 165 794 207 BENEFICIIS
822 167 918 208 LIB.
933 167 981 207 11.
1010 173 1184 210 18—21.
1371 169 1426 212 27

151 265 283 307 vitatis
304 271 430 307 status
460 266 535 307 sub
566 277 663 316 rege
691 266 798 307 iusto
826 267 897 316 sit,
927 273 995 308 aut
1021 268 1075 308 ibi
1103 268 1282 318 speravit
1306 268 1425 309 liber-

151 328 270 363 tatem
297 323 485 371 futuram,
507 322 576 361 ubi
595 327 675 361 tam
694 334 881 372 magnum
901 323 1121 372 praemium
1140 329 1226 364 erat
1243 330 1283 364 et
1299 326 1424 375 impe-

149 378 265 417 randi
285 383 325 418 et
341 378 562 426 serviendi,
596 382 665 417 aut
683 378 924 418 existimavit
955 378 1154 419 civitatem
1183 380 1224 418 in
1249 381 1427 430 priorem

151 434 318 473 formam
346 444 471 483 posse
496 434 679 473 revocari
715 434 874 474 amissis
903 435 1082 484 pristinis
1116 436 1295 475 moribus
1323 437 1426 477 futu-

149 499 317 538 ramque
335 489 390 528 ibi
409 489 688 539 aequalitatem
709 490 836 529 civilis
865 491 961 530 iuris
983 496 1023 530 et
1041 496 1214 531 staturas
1235 502 1309 532 suo
1333 488 1424 533 loco

149 545 282 593 leges,
309 545 379 584 ubi
398 545 553 584 viderat
570 549 630 585 tot
650 545 756 584 milia
780 545 985 586 hominum
1004 547 1240 596 pugnantia,
1270 559 1351 587 non
1372 559 1424 587 an

150 600 363 649 servirent,
384 601 458 640 sed
476 600 563 640 utri.
598 600 751 649 Quanta
770 611 866 642 vero
886 602 996 642 illum
1016 608 1085 642 aut
1102 613 1235 641 rerum
1259 608 1426 643 naturae

150 661 219 695 aut
236 655 346 695 urbis
365 666 463 696 suae
482 657 609 696 tenuit
629 656 798 705 oblivio,
824 657 891 707 qui
909 669 990 698 uno
1010 658 1248 707 interempto
1269 659 1425 698 defutu-

148 723 236 751 rum
256 711 425 751 credidit
444 712 586 760 alium,
611 713 680 762 qui
702 712 808 752 idem
826 713 965 761 vellet,
991 724 1080 753 cum
1100 714 1340 763 Tarquinius
1361 725 1425 754 es-

151 773 215 807 set
232 767 416 807 inventus
445 772 539 816 post
567 772 625 807 tot
651 779 770 816 reges
797 769 902 808 ferro
932 780 979 808 ac
1001 768 1228 808 fulminibus
1250 770 1423 810 occisos.

153 822 235 862 Sed
254 823 373 862 vitam
393 823 578 872 accipere
596 824 751 872 debuit,
782 824 834 864 ob
860 824 940 864 hoc
961 830 1092 864 tamen
1113 835 1193 863 non
1212 824 1361 864 habere
1379 825 1422 864 il—
1441 829 1464 865 3

150 879 231 918 lum
250 879 428 928 parentis
448 879 560 928 loco,
590 878 660 928 qui
686 879 724 917 in
744 880 808 919 ius
838 880 959 920 dandi
979 879 1165 919 beneficii
1191 880 1335 920 iniuria
1356 891 1424 920 ve-

152 939 275 973 nerat.
320 945 400 973 non
425 934 531 974 enim
551 935 725 974 servavit
742 936 796 984 is,
825 936 894 986 qui
913 947 994 976 non
1013 934 1230 985 interfecit,
1262 946 1338 975 nec
1355 936 1423 976 be-

151 990 338 1029 neficium
358 990 486 1038 dedit,
516 991 590 1030 sed
607 990 854 1030 missionem.

231 1045 332 1084 XXI.
360 1045 463 1085 Illud
481 1046 607 1094 magis
629 1047 766 1085 venire
793 1046 833 1086 in
860 1046 1168 1096 disputationem
1195 1051 1330 1096 potest
1356 1048 1424 1086 ali·
1446 1054 1464 1086 1

154 1112 292 1150 quam,
322 1101 443 1150 quid
465 1101 757 1147 faciendum
784 1102 850 1141 sit
877 1102 1109 1151 captivo,
1139 1102 1219 1142 cui
1238 1103 1424 1142 redem-

150 1155 345 1205 ptionis
372 1158 591 1206 pretium
626 1157 771 1196 homo
803 1156 1073 1207 prostituti
1110 1158 1349 1208 corporis
1379 1164 1427 1199 et

149 1211 355 1251 infamis
376 1223 461 1251 ore
482 1213 745 1262 promittit.
784 1214 912 1262 patiar
931 1223 993 1252 me
1011 1213 1062 1251 ab
1081 1212 1224 1263 inpuro
1247 1214 1426 1253 servari?

150 1273 334 1307 servatus
354 1268 498 1307 deinde
527 1279 646 1318 quam
675 1268 728 1307 illi
748 1269 914 1318 gratiam
945 1269 1143 1308 referam?
1176 1270 1307 1308 vivam
1334 1281 1423 1309 cum

151 1323 386 1363 obscoeno?
411 1334 491 1362 non
511 1324 643 1362 vivam
663 1334 753 1363 cum
771 1324 1053 1374 redemptore?
1087 1324 1190 1372 Quid
1217 1335 1313 1374 ergo
1338 1326 1422 1374 pla·
1442 1334 1464 1368 2

152 1385 241 1418 ceat
259 1379 407 1418 dicam:
429 1380 544 1418 etiam
560 1379 610 1418 ab
625 1379 759 1428 aliquo
774 1380 841 1418 tali
857 1380 1050 1429 accipiam
1068 1381 1289 1429 pecuniam,
1305 1391 1424 1430 quam

152 1445 226 1482 pro
243 1435 371 1484 capite
386 1435 622 1483 dependam,
639 1435 888 1484 accipiam
904 1441 1034 1475 autem
1053 1440 1303 1484 tamquam
1322 1447 1422 1475 cre—

154 1489 328 1538 ditum,
356 1500 451 1529 non
469 1495 718 1538 tamquam
736 1490 1054 1530 beneficium.
1093 1492 1248 1530 solvam
1270 1492 1326 1530 illi
1353 1502 1422 1541 pe-

154 1544 308 1584 curtim
330 1551 389 1593 et,
420 1545 454 1584 si
473 1546 634 1585 occasio
655 1545 772 1585 fuerit
791 1546 998 1595 servandi,
1028 1546 1316 1596 periclitantem
1338 1557 1422 1586 ser-

152 1599 279 1638 vabo:
307 1600 346 1638 in
364 1600 586 1649 amicitiam,
614 1611 717 1649 quae
737 1602 886 1640 similes
906 1601 1042 1651 iungit,
1065 1613 1145 1642 non
1165 1602 1421 1651 descendam,

154 1665 230 1694 nec
249 1656 463 1695 servatoris
482 1657 590 1695 illum
609 1656 699 1696 loco
719 1656 959 1705 numerabo,
987 1658 1058 1696 sed
1081 1657 1336 1706 feneratoris,
1358 1658 1422 1698 cui

155 1710 278 1749 sciam
298 1711 545 1750 reddendum
567 1711 676 1760 quod
696 1712 847 1761 accepi.
888 1712 977 1751 Est
1000 1713 1192 1762 aliquis
1227 1713 1421 1762 dignuS,
1438 1718 1462 1754 3

153 1777 179 1805 a
198 1777 292 1815 quo
318 1766 625 1805 beneficium
654 1767 925 1816 accipiam,
956 1768 1044 1807 sed
1065 1769 1203 1808 danti
1230 1769 1421 1817 nocitu—

153 1833 257 1860 rum
291 1827 387 1861 est:
429 1822 520 1860 ideo
550 1833 645 1861 non
677 1823 942 1871 accipiam,
973 1824 1066 1872 quia
1091 1824 1156 1863 ille
1178 1829 1341 1873 paratus
1360 1829 1423 1864 est

152 1877 247 1916 mihi
274 1887 362 1915 cum
390 1877 642 1916 incommodo
675 1881 741 1917 aut
770 1878 886 1917 etiam
914 1879 1091 1928 periculo
1116 1891 1189 1919 suo
1210 1879 1422 1928 prodesse.

151 1933 398 1972 Defensurus
420 1938 482 1971 est
498 1942 562 1970 me
579 1942 690 1971 reum
705 1963 715 1980 ,
742 1933 818 1972 sed
843 1934 910 1973 illo
937 1935 1158 1984 patrocinio
1182 1945 1318 1983 regem
1344 1934 1422 1975 sibi

153 1989 328 2027 facturus
355 1987 573 2027 inimicum:
613 1987 795 2027 inimicus
824 1999 932 2037 sum,
964 1989 1018 2036 si,
1046 2001 1135 2029 cum
1163 1990 1228 2031 ille
1259 2001 1334 2039 pro
1356 2001 1422 2031 me

152 2042 366 2092 periclitari
396 2044 508 2091 velit,
543 2054 619 2092 ego
636 2043 744 2092 quod
766 2043 921 2084 facilius
941 2050 1003 2083 est
1023 2056 1104 2084 non
1125 2045 1249 2093 facio,
1272 2050 1315 2085 ut
1334 2047 1421 2086 sine

152 2098 220 2138 illo
247 2099 458 2147 pericliter.
509 2099 691 2148 Ineptum
718 2103 758 2137 et
782 2099 967 2138 frivolum
996 2100 1074 2139 hoc
1097 2100 1276 2139 Hecaton
1310 2101 1461 2151 ponit4

154 2154 380 2202 exemplum
411 2154 626 2201 Arcesilai,
655 2163 774 2202 quem
805 2154 859 2192 ait
888 2165 912 2193 a
945 2154 1027 2194 filio
1058 2155 1228 2195 familiae
1246 2156 1420 2197 adlatam

153 2209 360 2258 pecuniam
384 2221 463 2248 non
483 2209 713 2259 accepisse,
742 2219 795 2247 ne
812 2207 879 2248 ille
898 2215 1051 2259 patrem
1071 2211 1274 2251 sordidum
1293 2212 1418 2252 offen-

154 2264 290 2303 deret:
321 2265 417 2313 quid
435 2265 529 2304 fecit
547 2265 665 2304 laude
685 2264 866 2313 dignum,
897 2266 1007 2314 quod
1035 2267 1177 2306 furtum
1207 2279 1286 2307 non
1307 2278 1419 2307 rece·

155 2319 239 2367 pit?
266 2320 375 2370 quod
400 2319 538 2361 maluit
562 2330 644 2361 non
666 2320 851 2371 accipere
875 2332 994 2372 quam
1011 2322 1207 2363 reddere?
1234 2333 1338 2374 quae
1357 2328 1419 2364 est
