1624 2626
164 136 438 178 :Ace-IDANT
467 136 573 176 CUM
599 134 944 176 PROVIDENTIA
972 133 1062 173 SIT.
1098 134 1127 172 1.
1152 134 1199 172 ΙΙ.
1312 132 1338 173 5

49 239 189 281 virium
209 249 306 278 cura
324 243 406 287 est,
437 249 526 278 cum
547 239 775 278 fortissimis
805 238 1032 287 quibusque
1061 237 1282 286 confligere
1301 241 1341 276 et

39 297 209 345 >exigere
233 295 286 334 ab
303 294 368 334 his
390 304 463 343 per
491 305 596 344 quos
617 294 819 332 certamini
840 298 1152 343 praeparantur,
1182 298 1226 333 ut
1245 293 1339 333 totis

49 357 187 392 contra
201 351 318 400 ipsos
334 350 486 390 viribus
507 355 678 389 utantur.
707 350 820 389 caedi
836 361 882 388 se
897 350 1120 398 vexarique
1141 349 1341 398 patiuntur

47 413 86 447 et
103 407 236 447 sinon
253 406 461 446 inveniunt
481 407 663 455 singulos
679 417 809 454 pares,
831 406 1018 455 pluribus
1029 406 1144 444 simul
1162 406 1341 445 obiciun-

46 470 120 504 tur.
147 463 302 502 Marcet
317 463 403 502 sine
416 463 648 502 adversario
665 462 803 501 virtus.
833 467 927 500 tunc
942 462 1110 510 adparet
1127 468 1275 511 quanta
1291 462 1343 500 sit
1361 469 1385 503 4

50 524 322 568 quantumque
343 520 512 567 polleat,
541 529 630 557 cum
659 518 757 566 quid
785 518 914 567 possit
941 517 1133 566 patientia
1153 518 1340 556 ostendit.

46 575 163 614 Scias
191 575 283 614 licet
311 575 418 613 idem
442 575 540 613 vifis
568 574 687 612 bonis
717 584 809 613 esse
828 573 1076 621 faciendum,
1105 578 1148 612 ut
1170 574 1270 612 dura
1294 584 1342 612 ac

46 631 225 670 difficilia
244 642 325 670 non
343 631 606 670 reformident
623 640 698 668 nec
717 630 768 668 de
787 631 867 669 fato
886 634 1114 678 querantur.
1148 630 1338 678 quicquid

43 686 201 734 accidit,
221 686 316 727 boni
337 687 560 733 consulant,
582 687 622 724 in
640 685 791 726 bonum
807 691 976 725 vertant.
1019 686 1107 724 Non
1129 686 1244 734 quid,
1267 685 1342 724 sed

48 743 386 792 quemadmodum
402 744 508 781 seras
526 743 702 781 interest.
727 742 815 780 Non
830 742 959 789 vides,
978 747 1125 789 quanto
1143 741 1257 780 aliter
1271 752 1340 791 pa·
1362 754 1383 786 5

0 798 3 843 ζ
45 804 150 846 tres,
165 799 281 839 aliter
291 803 439 837 matres
455 798 718 846 indulgeant?
743 798 798 836 illi
814 798 1024 836 exercitari
1040 797 1177 836 iubent
1191 797 1341 837 liberos

46 854 100 893 ad
119 855 252 893 studia
268 854 457 893 obeunda
475 859 648 901 mature,
669 854 820 892 seriatis
837 863 1001 902 quoque
1016 853 1159 892 diebus
1176 864 1255 892 non
1273 864 1343 902 pa-

46 911 196 949 tiuntur
218 919 312 949 esse
330 910 486 949 otiosos
506 915 545 949 et
565 909 755 948 sudorem
778 910 856 948 illis
878 914 917 948 et
936 909 1137 948 interdum
1157 909 1343 948 lacrimas

47 967 267 1006 excutiunt.
303 970 343 1006 at
371 971 518 1005 matres
544 966 684 1003 fovere
708 966 748 1003 in
776 965 886 1012 sinu,
919 965 1124 1003 continere
1143 965 1183 1003 in
1203 965 1345 1003 umbra

46 1023 207 1068 volunt,
229 1031 447 1070 numquam
466 1020 587 1069 flere,
612 1031 831 1069 numquam
851 1020 1096 1069 contristari,
1125 1031 1344 1069 numquam

46 1077 243 1116 laborare.
272 1076 446 1116 Patrium
471 1077 573 1116 deus
601 1076 722 1116 habet
748 1077 947 1116 adversus
975 1076 1108 1116 bonos
1126 1077 1238 1115 viros
1260 1076 1343 1115 ani·
1363 1081 1385 1116 6

45 1144 154 1172 mum
175 1137 214 1172 et
231 1133 322 1172 illos
340 1132 493 1172 fortiter
507 1138 612 1172 amat
631 1137 688 1171 et=
719 1132 931 1181 operibus,
953 1132 1099 1181 inquit,
1121 1131 1342 1179 doloribus,

46 1189 203 1228 damnis
223 1188 495 1238 exagitentur,
526 1194 570 1228 ut
586 1199 731 1227 verum.
749 1188 938 1236 colligant
957 1189 1092 1227 robur.
1134 1188 1344 1237 Languent

46 1255 121 1294 per
139 1244 321 1287 inertiam
341 1245 520 1293 saginata
540 1255 615 1284 nec
630 1244 768 1283 labore
786 1249 956 1292 tanturn,
979 1244 1052 1282 sed
1069 1249 1180 1283 motu
1197 1250 1236 1283 et
1251 1244 1343 1293 ipso

47 1301 111 1340 sui
130 1311 254 1340 onere
273 1300 475 1340 deficiunt.
504 1312 585 1340 non
605 1301 681 1339 sert
695 1300 817 1338 ullum
838 1300 959 1338 ictum
980 1300 1134 1338 inlaesa
1154 1300 1342 1339 felicitas:

48 1363 88 1399 at
107 1357 172 1396 ubi
188 1356 360 1396 adsidua
381 1357 453 1396 suit
472 1367 562 1395 cum
583 1355 849 1395 incommodis
871 1356 958 1394 suis
978 1356 1085 1402 rixa,
1107 1356 1251 1394 callum
1271 1366 1344 1405 per

47 1413 211 1452 iniurias
233 1411 346 1451 duxit
363 1422 438 1451 nec
458 1413 527 1452 ulli
546 1412 651 1451 malo
673 1412 798 1459 cedit,
828 1412 903 1451 sed
923 1411 1078 1450 etiamsi
1099 1412 1261 1458 cecidit,
1292 1412 1344 1451 de

7 1479 8 1482 ¹
49 1478 156 1516 genu
175 1473 336 1518 pugnat.
373 1467 530 1507 Miraris
551 1474 613 1516 tu,
635 1469 669 1506 si
690 1468 791 1506 deus
814 1468 880 1506 ille
899 1467 1098 1506 bonorum
1118 1468 1342 1507 amantissi-
1363 1473 1384 1510 7

7 1541 8 1544 ¹
48 1534 159 1571 mus,
189 1524 256 1572 qui
275 1524 364 1563 illos
387 1535 505 1572 quam
527 1525 701 1573 optimos
725 1534 820 1563 esse
841 1528 960 1572 atque
980 1523 1343 1563 excellentissimos

48 1579 152 1628 vult,
182 1579 379 1618 fortunam
406 1580 483 1620 illis
511 1591 599 1619 cum
629 1590 709 1628 qua
735 1584 1000 1618 exerceantur
1022 1579 1237 1628 adsignat?
1266 1590 1342 1628 ego

48 1646 146 1674 vero
167 1646 247 1674 non
268 1635 402 1674 miror.
425 1647 427 1649 ·
447 1635 489 1674 Si
507 1636 724 1685 aliquando
746 1635 923 1684 inpetum
945 1636 1130 1684 capiunt,
1159 1640 1345 1684 spectant

49 1691 90 1730 di
109 1701 277 1740 magnos
298 1691 408 1730 viros
430 1691 704 1731 conluctantes
724 1702 815 1730 cum
835 1691 971 1740 aliqua
992 1692 1227 1730 calamitate.
1264 1692 1343 1730 No-
1362 1698 1385 1733 8

47 1746 111 1787 bis
131 1747 328 1786 interdum
344 1746 540 1795 voluptati
558 1753 639 1795 est,
661 1747 695 1786 si
715 1748 958 1786 adulescens
979 1747 1201 1786 constantis
1223 1747 1344 1786 animi

4 1821 5 1853 ff
47 1801 270 1844 inruentem
291 1803 417 1841 feram
436 1802 635 1842 venabulo
656 1804 834 1852 excepit,
856 1804 890 1842 si
908 1804 1036 1842 leonis
1058 1803 1264 1842 incursum
1285 1803 1343 1840 in-

4 1877 5 1893 i
48 1857 207 1898 territus
232 1858 404 1907 pertulit.
450 1863 639 1908 tantoque
672 1859 750 1898 hoc
777 1861 1055 1908 spectaculum
1083 1864 1145 1897 est
1176 1858 1342 1907 gratius,

0 1923 4 1955 π’
51 1920 199 1963 quanto
215 1914 256 1952 id
270 1913 478 1954 honestior
494 1915 598 1954 fecit.
633 1926 714 1954 non
727 1921 820 1954 sunt
833 1916 928 1963 ista,
951 1925 1056 1964 quae
1072 1915 1231 1963 possint
1246 1914 1344 1953 deo-

48 1981 137 2008 rum
164 1969 203 2008 in
235 1980 280 2009 se
299 1972 452 2010 voltum
472 1975 730 2019 convertere,
757 1971 926 2020 puerilia
954 1976 992 2009 et
1014 1971 1214 2009 humanae
1233 1970 1342 2010 oble—

0 2035 4 2054 1
51 2030 249 2065 ctamenta
267 2027 458 2066 levitatis:
489 2037 584 2065 ecce
602 2028 874 2075 spectaculum
896 2027 1060 2075 dignum
1080 2026 1131 2064 ad
1151 2026 1262 2074 quod
1280 2036 1342 2065 re·
1362 2032 1384 2068 9

0 2129 3 2136 .
51 2082 194 2130 spiciat
213 2082 388 2121 intentus
409 2083 523 2132 operi
541 2094 615 2121 suo
637 2082 758 2130 deus,
791 2092 886 2121 ecce
904 2093 977 2130 par
992 2082 1069 2120 deo
1087 2081 1260 2130 dignum,
1280 2081 1343 2120 vir

0 2150 3 2178 ⁴,
50 2138 164 2176 sortis
185 2147 274 2176 cum
295 2139 576 2177 fortuna-mala
596 2139 847 2186 conpositus,
874 2139 1011 2186 utique
1031 2138 1066 2176 si
1086 2142 1124 2175 et
1146 2148 1341 2187 provoca—

0 2238 2 2247 !
50 2193 119 2231 vit.
149 2193 236 2232 Non
258 2194 396 2242 videm
414 2193 598 2243 inquam,
620 2194 717 2243 quid
737 2193 881 2232 habeat
899 2194 937 2231 in
959 2194 1072 2232 terris
1091 2193 1242 2242 Iupiter
1255 2195 1340 2242 pul-

0 2296 1 2302 1
52 2248 206 2296 chrius,
235 2249 271 2288 si
299 2254 532 2289 convertere
553 2251 725 2288 animum
745 2250 859 2296 velit,
892 2260 1011 2298 quam
1033 2253 1077 2289 ut
1096 2255 1251 2297 spectet
1270 2249 1338 2288 Ca·

0 2315 11 2364 g
52 2309 187 2360 tonem
207 2305 284 2344 iam
300 2306 480 2355 partibus
501 2317 582 2345 non
604 2306 727 2345 semel
745 2305 880 2345 fractis
896 2310 1067 2345 stantem
1085 2305 1340 2345 nihilominus

13 737 17 762 i
