1592 2580
849 96 878 129 α

317 186 504 226 NATUR.
526 187 740 236 QUAEST.
767 186 864 226 LIB.
879 187 941 226 ΙΙ..
955 191 1133 228 34—39.
1285 185 1367 226 201

88 288 174 340 fiet,
203 290 357 330 etiamsi
373 294 467 329 vota
480 300 560 329 non
577 288 767 338 suscipis.
795 289 830 327 si
844 300 923 328 non
941 294 1003 328 est
1017 289 1211 336 futurum,
1233 287 1367 327 etiam-

18 371 19 374 =
87 347 123 387 si
149 357 230 386 non
258 346 490 394 susceperis
519 350 633 392 vota,
663 357 743 384 non
773 345 881 384 fiet.“
924 345 1044 383 Falsa
1066 349 1128 383 est
1154 345 1230 383 ista
1250 344 1366 382 inter-

83 403 257 452 rogatio,
288 402 383 450 quia
409 402 515 440 illam
542 401 714 443 mediam
733 400 930 440 inter·ista
949 401 1231 450 exceptionem
1251 410 1366 449 prae-

83 459 198 498 teris:
228 459 401 497 futurum
425 457 503 495 hoc
523 462 605 504 est,
634 457 708 495 sed
729 457 763 496 si
784 461 878 495 vota
897 463 1087 505 suscepta
1108 455 1266 495 suerint.

163 513 376 555 XXXVIII.
415 513 529 562 „Hoc
557 523 741 561 quoque,
771 513 917 562 inquit,
952 513 1086 561 ipsum
1114 522 1287 551 necesse
1307 516 1400 551 esti

84 571 165 609 fato
194 569 518 618 conprehensum
546 568 614 616 sit,
643 574 687 608 ut
713 573 781 607 aut
809 568 1010 617 suscipias
1038 573 1133 607 vota
1156 572 1225 606 aut
1244 571 1366 608 non.⁴‘

81 626 180 665 Puta
206 635 270 663 me
297 635 440 663 manus
470 624 568 663 dare
595 623 663 662 tibi
693 629 733 663 et
754 625 869 663 fateri
889 625 966 669 hoc
988 634 1151 673 quoque
1171 624 1252 662 fato
1273 634 1366 663 esse

84 682 427 730 conprehensum,
462 685 506 719 ut
534 680 670 728 utique
698 680 794 719 fiant
815 685 927 719 vota:
958 680 1050 719 ideo
1071 680 1180 718 fient.
1224 679 1365 719 Fatum
1386 687 1408 719 2

83 742 162 784 est,
192 741 236 775 ut
261 737 337 775 iste
361 736 512 785 peritus
534 735 603 783 sit,
634 736 707 774 sed
727 736 762 774 si
780 737 915 774 literas
935 735 1129 774 didicerit.
1166 735 1277 784 atqui
1298 746 1365 773 eo—

85 793 175 831 dem
197 794 276 832 sato
300 792 533 839 continetur,
561 796 604 830 ut
622 791 757 830 literas
778 791 927 830 discat:
954 791 1046 830 ideo
1065 791 1275 830 docendus
1292 797 1366 830 est.

81 849 156 887 Hic
185 848 299 887 dives
330 849 423 895 erit,
450 848 524 886 sed
550 847 585 886 si
614 847 873 895 navigaverit.
910 851 948 885 at
975 847 1015 885 in
1035 847 1103 885 illo
1124 847 1193 886 sati
1213 847 1365 894 ordine,

85 914 164 953 quo
187 904 466 954 patrimonium
486 903 540 941 illi
560 903 712 951 grande
728 902 978 951 promittitur,
998 902 1076 941 hoc
1094 913 1258 951 quoque
1273 913 1365 951 pro-

82 961 189 1000 tinus
218 960 394 998 adratum
423 964 502 1006 est,
529 964 574 997 ut
599 964 637 997 et
664 959 844 1007 naviget:
873 958 966 998 ideo
993 958 1208 1006 navigabit.
1254 958 1368 997 ldem

81 1016 152 1054 tibi
181 1016 231 1055 de
258 1014 556 1063 expiationibus
584 1015 688 1053 dico.
737 1014 910 1063 Effugiet
939 1014 1136 1063 pericula,
1167 1014 1200 1053 si
1227 1014 1365 1063 expia-

82 1071 184 1110 verit
209 1071 439 1120 pra'edictas
468 1070 655 1109 divinitus
683 1070 824 1109 minas.
863 1074 903 1109 at
928 1069 1007 1108 hoc
1037 1080 1202 1118 quoque
1224 1070 1264 1108 in
1284 1071 1365 1108 fato

83 1133 163 1175 est,
190 1131 235 1166 ut
259 1127 412 1175 expietx
438 1127 530 1165 ideo
560 1125 747 1174 expiabit.
803 1125 885 1165 Ista
912 1126 1030 1164 nobis
1051 1125 1203 1174 opponi
1224 1126 1405 1172 solent,3

82 1187 126 1221 ιιι
145 1182 334 1231 probetur
353 1183 407 1220 nil
425 1182 618 1220 voluntati
637 1186 800 1220 nostrae
820 1182 998 1220 relictum
1016 1185 1056 1219 et
1069 1191 1187 1219 omne
1201 1181 1264 1220 ius
1279 1181 1368 1228 salo

81 1237 280 1277 traditum.
329 1238 423 1276 Cum
446 1238 496 1276 de
516 1236 593 1276 ista
611 1247 655 1275 re
675 1242 827 1285 agetur,
857 1237 1005 1284 dicam,
1028 1237 1366 1286 quemadmodum

82 1298 266 1332 manente
285 1294 365 1332 sato
383 1293 534 1342 aliquid
553 1292 658 1332 sitin
676 1293 849 1332 hominis
866 1292 1048 1331 arbitrio:
1078 1303 1185 1331 nunc
1201 1302 1298 1332 vero
1316 1292 1367 1331 de

83 1360 164 1398 quo
193 1349 341 1397 agitur,
373 1349 569 1399 explicui,
597 1349 822 1398 quomodo,
852 1349 887 1387 si
915 1348 984 1387 fati
1011 1353 1146 1386 certus
1167 1353 1228 1387 est
1251 1348 1366 1396 ordo,

82 1404 333 1454 expiationes
354 1405 739 1454 procurationesque
759 1403 1034 1452 prodigiorum
1054 1403 1233 1452 pericula
1252 1414 1367 1442 aver-

81 1465 184 1507 tant,
215 1460 310 1508 quia
332 1471 411 1499 non
432 1470 522 1498 cum
542 1461 621 1498 fato
644 1465 842 1508 pugnant,
863 1459 938 1498 sed
957 1459 1048 1507 ipsa
1067 1459 1135 1497 fati
1150 1460 1240 1507 lege
1255 1459 1366 1498 fiunt.

82 1515 213 1564 „Quid
233 1525 349 1564 ergo,
378 1515 534 1564 inquis,
566 1526 744 1563 aruspex
762 1515 858 1553 mihi
878 1514 1079 1563 prodest?
1103 1514 1241 1563 utique
1263 1515 1366 1554 enim
1380 1524 1403 1558 4

83 1571 250 1619 expiare
275 1571 369 1609 mihi
397 1571 514 1609 etiam
536 1581 615 1609 non
637 1571 832 1610 suadente
851 1571 917 1608 illo
939 1580 1110 1609 necesse
1130 1573 1232 1609 est.“
1278 1571 1366 1610 Hoc

86 1626 269 1675 prodest,
298 1625 394 1675 quia
413 1626 480 1664 sati
499 1626 678 1665 minister
697 1631 771 1665 est.
819 1625 886 1665 Sic
915 1636 1005 1664 cum
1035 1625 1188 1665 sanitas
1219 1626 1366 1666 debea-

83 1688 147 1721 tur
174 1683 272 1729 sato‚
303 1681 470 1721 debetur
490 1687 529 1721 et
554 1682 730 1730 medico,
755 1683 851 1731 quia
868 1682 922 1720 ad
941 1692 1016 1721 nos
1035 1681 1276 1721 beneficium
1295 1682 1366 1721 fati

84 1748 157 1787 per
175 1737 294 1776 huius
314 1749 457 1776 manus
478 1738 598 1776 venit.

165 1793 337 1832 XXXIX.
377 1794 569 1832 Genera
605 1794 858 1841 fulgurum
892 1793 990 1832 tria
1014 1804 1108 1832 esse
1128 1795 1184 1833 ait
1201 1794 1396 1836 Caeam-1

83 1859 154 1897 na,
184 1848 559 1896 consiliarium,
596 1849 926 1888 auctoritatis
964 1854 1012 1888 et
1038 1850 1170 1899 quod
1199 1854 1364 1889 status

85 1904 283 1944 dicitur.
333 1905 610 1944 Consiliarium
641 1911 730 1944 ante
755 1915 839 1943 rem
859 1906 922 1952 fit,
953 1905 1027 1943 sed
1047 1910 1140 1953 post
1160 1906 1365 1954 cogitatio-

71 1971 197 2008 nem,
222 1971 310 1999 cum
332 1961 484 2010 aliquid
503 1961 542 1998 in
563 1961 696 1999 animo
716 1960 971 2000 versantibus
992 1965 1060 1999 aut
1079 1961 1270 2001 suadetur
1291 1963 1366 2001 sul·

84 2015 202 2055 minis
221 2017 301 2056 ictu
320 2021 387 2055 aut
406 2017 674 2055 dissuadetur.
707 2017 949 2055 auctoritatis
970 2021 1052 2064 est,
1079 2017 1263 2066 ubirpos‘t
1280 2028 1364 2056 rem

85 2072 227 2111 factam
246 2073 373 2120 venit,
404 2083 524 2121 quarn
542 2072 650 2111 bono
670 2073 841 2110 suturam
860 2072 1019 2110 malove
1039 2073 1249 2121 significet.
1287 2078 1363 2114 sta·
1379 2079 1402 2113 2

85 2132 151 2165 tus
171 2132 251 2174 est,
280 2128 348 2167 ubi
367 2128 489 2167 rebus
512 2128 655 2176 quietis
674 2138 749 2166 nec
771 2127 980 2176 agentibus
1002 2139 1077 2167 nec
1098 2128 1363 2177 cogitantibus

89 2182 300 2231 quicquam
331 2184 478 2222 fulmen
510 2184 670 2232 quidem
703 2184 913 2222 intervenit
939 2187 979 2222 et
1005 2189 1073 2223 aut
1099 2185 1270 2224 minatur
1297 2191 1364 2225 aut

88 2238 276 2285 promittit
294 2244 362 2278 aut
379 2244 524 2278 monet.
559 2239 636 2278 hoc
670 2238 994 2278 monitorium
1025 2244 1158 2279 vocat.
1192 2241 1264 2280 sed
1293 2252 1363 2280 ne-

90 2292 194 2340 scio,
224 2305 346 2342 quare
373 2307 452 2334 non
482 2295 587 2333 idem
609 2295 660 2333 sit
681 2295 791 2342 quod
813 2293 1095 2334 consiliarium.
1124 2306 1216 2335 nam
1235 2298 1362 2346 etqui

28 2348 36 2352 ”
90 2353 243 2399 monet,
272 2351 483 2390 consilium
510 2351 589 2390 dat.
629 2351 703 2389 sed
728 2350 848 2390 habet
873 2350 1048 2400 aliquam
1069 2351 1362 2392 distinctionem
1378 2359 1401 2393 3
