1592 2580
328 174 511 214 NATUR.
533 173 745 222 QUAEST.
773 173 952 212 LIB.1V.
981 179 1015 212 2.
1034 178 1069 214 3.
1258 172 1340 212 249

70 275 234 317 calidior
252 280 341 316 est?
369 275 522 315 Deinde
542 285 667 324 quare
685 275 795 314 Nilus
815 273 944 314 dulcis
966 280 1047 322 est,
1069 275 1104 314 si
1123 274 1224 314 haec
1243 273 1297 313 illi
1317 285 1340 312 e

68 333 166 371 mari
184 332 292 392 un3da
311 335 401 370 est?
428 341 503 370 nec
523 332 628 370 enim
650 330 717 370 ulli
736 330 888 370 flumini
908 331 1063 370 dulcior
1080 335 1234 380 gustus.
1255 329 1339 355 ***

145 443 211 482 111.
231 441 316 467 ***
335 443 578 503 [Quaeritur‚
598 443 784 492 quomodo
802 443 875 481 nix
899 444 982 490 fiat.
1003 441 1053 467 *⁴¹
1071 443 1154 481 Nix
1168 443 1340 492 pruinae

63 500 178 538 habet
204 491 364 538 similem
390 503 586 537 naturam
625 501 717 548 plus
741 500 800 537 illi
813 501 974 548 spiritus
991 510 1107 547 quam
1126 509 1254 547 aquae
1272 499 1340 536 in·-
1362 510 1380 543 l

62 561 129 594 est.
149 553 198 575 ²⁸¹*
214 555 478 602 Anaxaqoras
496 554 515 577 *
526 554 546 576 *
567 553 678 600 Quod
694 556 795 593 inter
811 565 955 603 aquam
973 558 1012 593 et
1027 565 1156 593 rorem
1174 556 1340 601 interest,

62 611 134 650 hoc
153 612 252 649 inter
264 612 447 659 pruinam
466 614 505 648 et
516 611 702 658 ylaciem,
721 621 794 649 nec
810 621 886 649 non
901 613 1002 650 inter
1016 612 1138 650 nivem
1157 614 1196 649 et
1208 620 1340 658 qran-

63 667 192 705 dinem
223 668 391 705 interest.
419 665 490 715 **]

142 720 444 760 Grandinem
477 721 553 760 hoc
579 720 700 760 modo
737 721 875 768 fieri,
912 720 947 759 si
974 720 1042 759 tibi
1062 719 1339 770 adfirmavere,

65 787 146 826 quo
167 777 276 825 apud
292 787 367 815 nos
384 775 534 824 glacies
552 777 614 823 fit,
644 777 812 824 gelata
834 776 959 816 nube
979 781 1105 823 tota,
1133 776 1248 815 nimis
1268 787 1340 816 au-

65 833 204 871 dacem
225 842 310 873 rem
330 833 477 870 fecero.
515 832 649 880 itaque
669 842 720 870 ex
738 829 801 870 his
815 842 879 870 me
898 831 1066 871 testibus
1087 842 1252 870 numero
1278 842 1340 870 se-

64 888 220 927 cundae
246 893 384 935 notae,
415 888 482 936 qui
509 887 715 926 audivisse
736 888 896 936 quidem
916 898 983 935 se,
1010 887 1164 926 vidisse
1183 893 1340 936 negant.

64 949 132 982 aut
148 943 257 992 quod
278 941 457 982 historici
473 943 644 989 faciunt,
673 948 712 982 et
736 942 825 992 ipse
841 943 1003 982 faciam:
1032 943 1086 981 illi
1109 953 1197 981 cum
1219 943 1342 982 multa

63 998 214 1038 mentiti
235 999 397 1038 suntad
417 998 618 1037 arbitrium
641 1009 777 1046 suum,
809 1009 929 1037 unam
956 998 1131 1048 aliquam
1158 1008 1241 1036 rem
1269 1009 1340 1037 no-

64 1055 150 1093 lunt
169 1054 391 1103 spondere,
411 1055 485 1093 sed
509 1053 704 1093 adiciunt:
733 1064 928 1103 „penes
949 1059 1186 1093 auctores
1208 1054 1341 1092 fides

65 1110 205 1149 erit.“
228 1110 335 1159 Ergo
352 1110 386 1148 si
403 1108 497 1148 mihi
514 1120 653 1158 parum
677 1109 829 1157 credis,
851 1109 1095 1149 Posidonius
1115 1109 1184 1148 tibi
1203 1114 1340 1148 aucto·
1361 1118 1384 1152 2

62 1164 217 1204 ritatem
247 1164 456 1214 promittit,
476 1170 562 1204 -tam
589 1165 627 1203 in
653 1166 742 1213 illo,
770 1165 879 1214 quod
907 1164 1128 1214 praeteriit,
1163 1175 1281 1214 quam
1301 1165 1341 1203 in

62 1220 160 1267 hoc,
183 1221 292 1270 quod
311 1225 539 1260 secuturum
561 1225 635 1260 est.
673 1220 913 1259 Grandinem
934 1219 1040 1259 enim
1059 1220 1145 1259 fieri
1165 1231 1218 1259 ex
1237 1221 1342 1259 nube

63 1287 242 1324 aquosa,
277 1277 354 1315 iam
383 1282 421 1314 et
448 1277 486 1315 in
515 1276 720 1315 humorem
748 1287 885 1323 versa,
922 1276 981 1315 sic
1001 1275 1226 1315 adfirmabit
1244 1282 1339 1316 tam-

64 1343 183 1382 quam
203 1332 432 1371 interfuerit.
465 1331 494 1379 Q
508 1342 627 1370 uare
653 1336 784 1371 autem
804 1332 986 1372 rotund
1002 1343 1025 1370 a
1051 1332 1119 1370 sit
1137 1332 1341 1379 grando,
1360 1340 1383 1374 3

64 1392 103 1425 et
133 1387 220 1425 sine
247 1388 436 1436 magistro
466 1384 570 1426 scire
598 1387 756 1436 possis,
792 1398 882 1426 cum
908 1387 1165 1426 adnotaveris
1194 1387 1341 1425 stillici-

67 1441 176 1481 dium
193 1453 311 1481 omne
331 1442 556 1491 glomerari.
586 1444 695 1490 quod
710 1449 750 1483 et
766 1442 808 1481 in
829 1443 1006 1491 speculis
1027 1442 1213 1491 adparet,
1238 1453 1342 1491 quae

64 1498 270 1536 humorem
298 1496 422 1537 halitu
449 1498 657 1546 colligunt,
691 1503 731 1537 et
755 1498 794 1536 in
825 1498 981 1547 poculis
1002 1497 1157 1546 sparsis
1186 1498 1343 1547 aliaque

66 1553 173 1591 omni
202 1553 395 1592 laevitate.
437 1564 516 1592 non
537 1554 669 1593 minus
689 1554 794 1594 soliis
815 1554 849 1592 si
871 1564 975 1603 quae
993 1557 1128 1603 guttae
1147 1553 1341 1593 adhaese-

65 1613 177 1655 runt,
195 1609 234 1647 in
253 1609 465 1648 rotundum
486 1609 630 1648 iacent.

173 1664 278 1711 Quid
293 1667 419 1713 maqis
437 1669 494 1704 est
508 1676 608 1704 saxo
626 1662 796 1705 durum?
811 1665 907 1713 qaid
920 1666 1072 1704 mollius
1088 1662 1232 1704 unda?
1362 1671 1386 1705 4

228 1721 333 1759 dara
348 1725 476 1760 tamen
494 1723 601 1760 molli
613 1731 718 1760 saxa
735 1724 928 1761 cavantur
940 1731 1058 1771 aqua.

63 1779 132 1814 aut
150 1779 192 1814 ut
211 1774 313 1814 alius
334 1781 455 1824 poeta
473 1775 547 1815 ait·

227 1833 402 1871 stillio-idi
417 1843 532 1870 casas
550 1832 721 1880 lapidem
738 1835 986 1871 cavat..

61 1886 172 1925 Haec
204 1886 293 1935 ipsa
313 1897 441 1925 excav
444 1888 522 1926 atio
551 1887 723 1926 rotunda
749 1887 805 1926 fit.
857 1896 910 1925 ex
941 1897 1022 1935 quo
1049 1885 1218 1935 adparet
1245 1886 1343 1925 illud

65 1952 229 1990 quoque
250 1941 342 1981 huic
363 1942 491 1981 simile
507 1952 618 1991 esse,
640 1942 749 1991 quod
770 1946 899 1981 cavat.
929 1942 1061 1981 locum
1075 1941 1175 1980 enim
1199 1940 1276 1980 sibi
1290 1942 1339 1980 ad

61 1997 229 2036 formam
246 2002 284 2035 et
298 1997 473 2036 habitum
489 1997 553 2037 sui
567 1997 802 2047 exsculpsit.
819 1998 1031 2037 Praeterea
1047 2002 1191 2046 potest,
1208 1997 1342 2036 etiam·
1363 2002 1384 2038 5

63 2052 98 2091 si
125 2063 205 2091 non
234 2053 306 2092 fuit
331 2054 484 2102 grando
510 2053 621 2100 talis,
656 2054 749 2092 dum
770 2053 966 2100 defertur,
1003 2051 1286 2092 conrotundari
1305 2057 1344 2092 et

63 2108 207 2147 totiens
236 2118 309 2157 per
336 2108 509 2157 spatium
535 2109 639 2147 aeris
660 2109 775 2147 densi
795 2109 984 2147 devoluta
1003 2108 1266 2158 aequabiliter
1284 2113 1340 2148 at-

65 2172 144 2210 qu·
172 2163 211 2202 in
237 2164 373 2203 orbem
400 2164 486 2203 teri.
532 2165 641 2213 quod
669 2163 737 2202 nix
758 2164 839 2213 pati
862 2175 942 2203 non
964 2168 1115 2213 potest,
1144 2164 1238 2213 quia
1261 2175 1342 2204 non

64 2222 128 2255 est
153 2223 231 2257 tam
259 2219 408 2268 solida,
441 2220 560 2259 immo
590 2220 684 2268 quia
710 2224 788 2258 tam
819 2220 910 2258 fusa
928 2225 990 2259 est
1009 2225 1048 2259 et
1066 2230 1146 2258 non
1168 2229 1240 2269 per
1257 2231 1339 2259 ma·

64 2280 180 2319 gnam
201 2275 442 2314 altitudinem
464 2275 586 2322 cadit,
618 2275 691 2313 sed
713 2275 819 2314 circa
839 2279 963 2314 terras
983 2275 1134 2314 initium
1153 2276 1239 2314 eius
1260 2280 1340 2315 est:

67 2326 120 2366 ita
144 2338 221 2366 non
250 2329 407 2378 longius
435 2330 491 2369 illi
510 2341 582 2380 per
601 2333 713 2378 aera,
743 2331 814 2370 sed
836 2341 886 2369 cx
906 2331 1089 2380 proximo
1108 2333 1245 2381 lapsus
1266 2336 1340 2371 est„

95 2497 116 2517 l
