1624 2626
330 180 386 221 94
685 181 729 221 L.
755 183 945 222 ANNAEI
973 182 1200 223 SENECAE

333 283 439 322 nulla
460 283 638 331 eruditio,
659 284 788 323 nullus
809 279 1008 322 literarum
1026 284 1154 325 cultus
1173 283 1373 324 inbuerat=
1394 283 1497 323 dabo
1520 284 1588 323 tibi

332 349 380 376 ex
402 338 626 377 Aristotelis
649 339 739 377 sinu
756 348 891 386 regem
908 338 1191 385 Alexandrum,
1224 339 1291 386 qui
1310 339 1444 377 Clitum
1467 340 1586 378 caris-

331 393 473 431 simum
492 392 567 431 sibi
587 397 626 431 et
642 403 721 432 una
738 394 948 431 educatum
967 393 1066 431 inter
1084 394 1223 441 epulas
1245 394 1453 432 transfodit
1471 404 1588 431 manu

332 447 490 494 quidem
513 457 597 495 sua,
627 458 764 496 parum
787 448 1007 485 adulantem
1028 452 1066 486 et
1091 447 1201 495 pigre
1230 457 1279 485 ex
1298 447 1516 498 Macedone
1542 459 1588 486 ac

289 509 311 542 2
330 501 454 540 libero
474 502 514 540 in
525 501 722 541 Persicam
743 502 970 540 servitutem
990 506 1270 542 transeuntem.
1304 512 1393 539 nam
1410 502 1585 552 Lysima-

330 555 447 595 chum
466 566 595 604 aeque
610 556 851 595 ‘familiarem
874 555 948 594 sibi
963 555 1249 594 leoniobiecit,
1283 557 1474 604 numquid
1493 566 1587 604 ergo

329 609 393 649 hic
403 610 664 661 Lysimachus
685 611 865 649 felicitate
888 610 1056 658 quadam
1079 610 1263 649 dentibus
1280 611 1406 648 leonis
1427 612 1587 659 elapsus

287 673 309 706 3
330 665 380 703 ob
401 665 489 712 hoc,
520 665 716 714 cumipse
735 669 936 713 regnaret,
967 665 1095 704 mitior
1123 665 1218 703 suit?
1256 665 1351 702 Nam
1373 665 1586 714 Telespho-

326 731 412 757 rum
437 720 634 759 Rhodium
663 720 828 758 amicum
856 731 971 758 suum
999 721 1175 767 undique
1199 720 1463 767 decurtatum,
1500 730 1586 757 cuni

327 785 445 812 aures
473 775 527 812 illi
556 785 778 823 nasumque
807 774 1063 822 abscidisset,
1095 775 1132 812 in
1158 784 1281 812 cavea
1307 775 1415 813 velut
1440 785 1588 813 novum

328 829 471 866 animal
490 829 654 876 aliquod
674 833 713 867 et
731 828 961 868 inusitatum
983 829 1050 867 diu
1069 828 1185 877 pavit,
1218 839 1305 867 cum
1326 829 1406 867 oris
1429 829 1585 867 detrun—

328 883 404 922 cati
423 885 667 932 mutilatique
687 883 916 923 deformitas
939 883 1150 922 humanam
1170 883 1308 921 faciem
1336 883 1586 931 perdidisset.

327 938 543 976 accedebat
566 940 691 977 sames
714 943 752 978 et
773 939 935 987 squalor
959 943 997 976 et
1018 938 1186 976 inluvies
1214 938 1395 985 corporis
1422 937 1459 975 in
1489 943 1586 976 ster-

285 994 307 1027 4
328 1002 420 1030 core
440 1003 515 1031 suo
537 993 723 1032 destituti.
759 993 918 1031 callosis
941 1003 1064 1040 super
1085 992 1182 1031 haec
1201 993 1369 1040 genibus
1388 992 1585 1030 manibus-

328 1057 416 1094 que,
440 1058 539 1094 quas
562 1048 599 1085 in
617 1058 733 1086 usum
753 1047 897 1095 pedum
918 1048 1123 1094 angustiae
1138 1048 1214 1085 loci
1231 1048 1437 1094 cogebant,
1459 1047 1585 1085 lateri-

325 1101 401 1139 bus
422 1111 518 1140 vero
540 1102 685 1140 adtritu
702 1101 936 1140 exulceratis
954 1113 1031 1140 non
1051 1103 1180 1140 minus
1203 1101 1320 1140 foeda
1339 1112 1456 1149 quam
1476 1101 1586 1139 terri·

325 1155 415 1193 bilis
433 1161 517 1195 erat
536 1157 661 1195 forma
680 1157 764 1195 eius
774 1156 1005 1203 visentibus,
1027 1158 1236 1203 factusque
1252 1166 1383 1204 poena
1393 1167 1466 1194 sua
1475 1166 1584 1194 mon-

327 1215 451 1248 strum
472 1211 784 1250 misericordiam
810 1221 970 1259 quoque
990 1212 1194 1249 amiserat:
1229 1215 1359 1249 tamen
1388 1221 1476 1248 cum
1505 1210 1584 1249 dis—

327 1265 546 1304 simillimus
557 1271 665 1305 esset
683 1266 830 1306 homini
841 1266 907 1315 qui
926 1266 990 1304 illa
1002 1266 1234 1314 patiebatur,
1255 1265 1484 1304 dissimilior
1503 1269 1587 1304 erat

326 1320 393 1368 qui
406 1321 587 1359 faciebat.
1017 1348 1019 1353 -

288 1389 303 1420 1
406 1374 544 1413 XVIII.
573 1374 729 1414 Utinam
756 1375 832 1414 ista
851 1373 1016 1413 saevitia
1043 1374 1143 1412 intra
1167 1375 1374 1423 peregrina
1403 1375 1586 1421 exempla

326 1429 538 1468 mansisset
565 1440 639 1468 nec
671 1430 710 1468 in
735 1430 937 1468 Romanos
964 1440 1095 1468 mores
1124 1440 1213 1467 cum
1239 1429 1326 1467 aliis
1356 1429 1586 1467 adventiciis

324 1484 429 1522 vitiis
450 1485 564 1523 etiam
585 1484 868 1533 suppliciorum
897 1484 1123 1532 irarumque
1151 1484 1334 1522 barbaria
1359 1482 1586 1522 transisset!

325 1538 376 1576 M.
396 1538 520 1578 Mario
550 1539 613 1578 cui
632 1540 788 1578 vicatim
815 1540 989 1587 populus
1015 1543 1164 1577 statuas
1186 1542 1385 1586 posuerat,
1413 1537 1474 1575 cui
1502 1542 1587 1576 ture

326 1604 373 1631 ac
391 1594 481 1631 vino
494 1593 511 1616 *
533 1594 794 1642 supplicabat,
814 1594 856 1631 L.
879 1593 987 1632 Sulla
1008 1593 1220 1641 praefringi
1240 1603 1365 1639 crura,
1387 1592 1470 1630 erui
1491 1602 1583 1631 ocu-

325 1648 399 1694 los,
421 1650 612 1696 amputari
626 1659 766 1687 manus
787 1648 901 1686 iussit
919 1653 956 1686 et
972 1647 1088 1695 quasi
1107 1649 1249 1686 totiens
1271 1647 1468 1686 occideret
1488 1658 1585 1695 quo-

325 1703 427 1741 tiens
455 1704 695 1749 volnerabat‚
717 1703 902 1752 paulatim
922 1707 961 1740 et
975 1713 1045 1750 per
1065 1702 1242 1750 singulos
1260 1707 1366 1740 artus
1386 1702 1583 1740 laceravit.

285 1764 307 1797 2
328 1757 422 1804 Quis
442 1763 525 1796 erat
545 1758 691 1805 [huius]
714 1757 867 1805 imperii
887 1757 1089 1796 minister?
1124 1757 1211 1804 quis
1232 1757 1307 1795 nisi
1327 1756 1489 1795 Catilina
1508 1756 1584 1795 iam

325 1813 364 1849 in
385 1823 501 1850 omne
521 1813 674 1851 facinus
701 1823 841 1861 manus
870 1816 1090 1850 exercens?
1125 1812 1158 1850 is
1183 1811 1288 1850 illum
1318 1816 1406 1850 ante
1425 1810 1582 1849 bustum

326 1867 370 1914 Q.
400 1867 524 1905 Catuli
550 1867 738 1915 carpebat
763 1867 1021 1915 gravissimus
1047 1866 1240 1907 mitissimi
1267 1865 1341 1904 viri
1373 1865 1586 1914 cineribus,

326 1932 447 1969 supra
466 1932 568 1969 quos
589 1922 649 1960 vir
665 1922 756 1963 mali
776 1922 958 1970 exempli,
979 1921 1183 1970 popularis
1201 1925 1332 1971 tamen
1349 1926 1387 1958 et
1405 1931 1483 1958 non
1503 1926 1582 1959 tam
1623 1931 1624 1934 ’

325 1976 504 2014 inmerito
526 1987 644 2024 quam
662 1978 776 2015 nimis
793 1980 945 2015 amatus
966 1987 1038 2024 per
1051 1975 1246 2014 stillicidia
1268 1975 1497 2022 sanguinem
1514 1975 1580 2013 da-

324 2030 404 2068 bat.
433 2031 584 2079 Dignus
605 2037 688 2071 erat
701 2032 849 2070 Marius
870 2031 936 2079 qui
952 2031 1016 2071 illa
1034 2034 1241 2079 pateretur,
1264 2029 1372 2068 Sulla
1392 2030 1458 2077 qui
1473 2029 1579 2068 iube·
1620 2032 1624 2078 ᾖ

324 2089 404 2132 ret,
433 2085 595 2124 Catilina
613 2086 680 2135 qui
698 2087 855 2134 faceret,
886 2086 959 2124 sed
977 2085 1137 2133 indigna
1154 2084 1382 2132 respublica
1412 2094 1514 2133 quae
1541 2084 1580 2122 in
1618 2101 1619 2107 =

329 2149 478 2187 corpus
499 2151 613 2179 suurn
633 2142 779 2189 pariter
797 2146 835 2180 et
853 2140 1020 2179 hostium
1040 2144 1078 2177 et
1097 2139 1294 2178 vindicum
1309 2139 1463 2187 gladios
1482 2140 1580 2177 reci-

286 2206 308 2240 3
329 2198 449 2242 peret.
480 2194 579 2241 Quid
598 2197 760 2244 antiqua
778 2198 1028 2244 perscrutor?
1053 2194 1172 2233 modo
1193 2194 1232 2231 C.
1254 2194 1399 2232 Caesar
1418 2193 1580 2233 Sextum

325 2248 550 2297 Papinium‚
583 2251 644 2288 cui
665 2255 777 2299 pater
796 2255 879 2289 erat
905 2248 1136 2296 consularis,
1164 2247 1391 2287 Betilienum
1409 2248 1580 2288 Bassum

328 2308 579 2351 quaestorem
596 2315 722 2354 suum,
743 2304 1010 2355 procuratoris
1026 2303 1087 2341 sui
1107 2303 1240 2351 filium,
1260 2304 1440 2352 aliosque
1460 2308 1498 2342 et
1517 2313 1581 2342 sc-
