1624 2626
551 185 854 222 PRAEFATIO.
1389 197 1413 219 v

74 280 109 311 in
124 279 204 313 Nat.
230 278 380 318 Quaeeu.
409 282 500 314 certa
527 278 593 312 fide
626 278 772 313 Senecae
802 280 986 312 orationem
1017 281 1194 318 constitui,
1221 280 1287 312 nisi
1315 286 1410 313 vetn-

73 325 192 358 stiores
213 324 263 356 illi
287 331 321 357 et
339 324 494 357 meliores
519 323 613 361 libri,
648 326 691 358 de
720 326 841 367 quibus
863 331 963 358 antea
995 325 1084 367 dixi,
1115 327 1268 369 indagati
1291 325 1413 358 fuerint

74 376 107 402 et
129 370 238 403 denuo
267 370 459 413 diligentius
484 371 629 403 excussi.
1022 375 1030 378 “
1092 399 1094 402 .
1304 386 1306 389 v

162 416 217 449 Ad
238 415 324 448 hanc
349 416 483 448 criticae
515 426 638 458 operae
665 416 893 450 difficultatem
922 416 1050 450 accedit
1079 418 1202 458 etiam,
1234 418 1326 459 quod
1356 419 1414 459 qui

29 497 34 503 q
72 459 183 494 adhuc
206 461 353 495 Senecae
377 471 482 504 opera
509 462 702 501 ediderunt,
741 463 774 494 si
802 463 843 496 ab
875 472 942 496 uno
970 462 1122 496 Fickerto
1153 464 1326 503 discedas,
1355 465 1412 504 qui

72 507 192 541 collato
214 508 358 540 maxime
370 506 579 540 Berolinensi
596 508 713 541 codice
736 509 860 550 optime
882 509 1020 541 meritus
1039 514 1108 548 est,
1134 509 1283 552 plerique
1297 518 1413 542 omnes

71 554 106 585 in
128 553 203 586 Nat.
229 553 486 593 Quaestionibus
506 554 635 586 minore
658 563 739 586 cura
761 554 888 587 versati
920 563 996 587 esse
1020 555 1193 594 videntur,
1226 557 1415 598 argumenti

73 599 172 632 credo
193 606 314 632 natura
335 599 502 638 deterriti3
527 600 689 632 Koelerus
709 605 838 639 contra,
863 601 921 641 qui
946 609 1004 632 eas
1027 601 1101 642 ipso
1122 608 1321 644 argumento
1334 601 1412 634 alle-

71 650 144 677 ctus
173 645 367 688 singulatim
395 647 626 687 pertractavit,
661 645 904 679 emendationis
935 645 1084 679 officium
1111 653 1169 679 aut
1191 656 1310 689 parum
1336 646 1412 680 dili-

71 696 188 734 genter
210 696 268 723 aut
290 690 467 724 infeliciter
487 691 747 725 administravit.
795 691 868 730 Quo
889 691 958 733 fit„
972 697 1016 729 att
1036 693 1075 726 in.
1095 691 1160 725 hoc
1188 693 1274 725 libro
1296 694 1413 725 etiam-

73 745 159 769 nunc
172 738 255 770 vitia
277 736 582 776 talia‘resederinn
607 747 694 779 quae
713 737 767 770 vel
788 738 864 770 sine
878 737 1032 770 codicum
1050 738 1177 771 auxilio
1196 738 1288 771 facili
1311 748 1414 781 opera

72 783 196 826 corrigi
214 783 346 825 possint
369 788 403 814 et
426 793 512 824 quae
541 784 681 816 mireris
701 788 773 816 tam
805 783 865 816 diu
893 783 1029 816 tolerari
1056 785 1222 826 potuisse.
1270 784 1324 817 Ex
1350 784 1415 816 hoo

71 837 193 870 genere
216 828 299 861 illud
323 833 391 866 est,
413 828 506 870 quod
529 828 591 864 lib.
614 830 659 868 11,
694 839 728 864 c.
752 827 816 869 59,
854 829 876 862 5
901 829 1075 872 legebatur
1095 829 1229 862 adhucz.
1258 840 1337 863 nec
1364 831 1411 862 de

73 883 116 906 re
150 874 225 907 sed
263 873 313 907 de
350 874 420 906 die
455 876 673 915 queritur:
711 875 927 907 scribendum
951 876 1041 908 enim
1065 881 1136 908 erat
1165 877 1413 917 quaeritur,

74 920 168 960 quod·
186 920 254 952 nisi
275 929 337 962 per
361 930 399 952 se
421 919 635 953 manifestum
658 926 766 960 esset,
801 920 920 954 docere
945 926 1075 964 poterat
1098 922 1193 954 locus
1224 921 1412 954 simillimus

72 964 129 997 lib.
151 966 213 1004 VI,
251 976 281 998 c.
304 965 367 1008 32,
399 964 434 999 3.
461 976 541 998 non
565 967 613 999 de
637 976 680 999 re
702 966 777 999 sed
807 965 860 1000 de
888 972 1082 1009 tempore
1100 973 1167 1000 est
1191 969 1411 1008 quaestio.

72 1011 155 1043 ltem
173 1010 232 1046 lib.
249 1011 323 1050 VII,
347 1022 379 1046 c.
403 1012 464 1050 12,
488 1013 512 1043 4
536 1013 592 1044 vix
612 1011 771 1044 credibile
795 1018 846 1045 est
868 1018 1012 1053 quantas
1034 1013 1151 1046 turbas
1173 1014 1318 1046 moverit
1335 1023 1412 1056 par-

74 1066 135 1088 vus
155 1063 187 1089 et
211 1056 408 1090 manifestus
429 1057 600 1090 scribendi
623 1067 733 1096 error3
765 1067 843 1090 cum
871 1059 960 1090 enim
984 1059 1032 1091 ibi
1051 1060 1124 1102 jam
1145 1058 1225 1091 olim
1250 1059 1299 1092 sic
1320 1059 1411 1103 lege-

70 1107 179 1134 retur:
221 1102 572 1144 quemadmodum
596 1113 740 1142 arcus‚
776 1103 944 1136 alterne
967 1104 1030 1136 sol
1054 1105 1233 1144 visitur,
1265 1106 1358 1146 quod
1379 1112 1412 1136 et

72 1157 160 1180 unus
191 1148 267 1181 cod.
293 1147 463 1191 Opsopoei
484 1148 618 1188 habuit,
659 1150 719 1190 qui
754 1148 820 1181 fuit
852 1149 947 1182 haud
982 1150 1084 1182 dubie
1107 1150 1345 1193 Memmianus‚
1379 1159 1412 1183 et

72 1203 160 1227 nunc
181 1194 333 1238 praebuit
359 1194 433 1228 cod.
459 1194 591 1234 Berol.,
624 1195 784 1236 quoniam
812 1194 849 1227 id
877 1194 1022 1239 intelligi
1051 1205 1134 1229 sane
1167 1206 1235 1229 non
1267 1203 1409 1239 poterat,

71 1240 165 1272 miris
190 1240 299 1274 modis
333 1244 366 1272 et
402 1240 657 1283 interpolatores
692 1241 847 1274 codicum
872 1251 954 1274 mss.
988 1247 1022 1274 et
1048 1242 1171 1275 deinde
1190 1242 1411 1284 Fromoudus,

71 1284 276 1325 Gronovius,
299 1286 461 1325 Vossius,
486 1286 644 1318 Koelerus
667 1295 706 1319 se
722 1291 910 1327 torserunt,
934 1292 972 1320 ut
994 1293 1052 1320 aut
1074 1288 1256 1331 reperirent
1270 1288 1409 1330 aliquid,

72 1331 164 1372 quod
185 1332 220 1365 in
243 1341 279 1364 re
301 1333 475 1374 proposita
495 1338 586 1364 recte
605 1332 672 1365 dici
694 1337 810 1374 posset
832 1333 1002 1367 alterne
1026 1333 1116 1373 fieri,
1149 1339 1208 1366 aut
1230 1340 1266 1366 ut
1286 1335 1411 1377 impor-

69 1382 188 1411 tunum
207 1376 291 1410 illud
312 1377 480 1410 alterne
500 1377 614 1419 aliquo
637 1378 738 1410 modo
763 1377 932 1418 tollerent;
955 1385 988 1412 et
1010 1379 1153 1413 Vossius
1173 1379 1327 1421 quidem,
1353 1382 1412 1421 qui

72 1428 160 1456 recte
180 1424 384 1466 perspiceret
408 1423 451 1456 de
472 1423 633 1465 parheliis
655 1425 729 1467 agi,
765 1425 916 1466 proxime
936 1425 982 1458 ad
1013 1435 1128 1458 verum
1153 1426 1309 1465 accessit,
1348 1427 1409 1458 sed

72 1478 148 1500 cum
169 1469 390 1510 conjecturam
420 1479 439 1501 e
470 1469 650 1511 depravato
679 1469 794 1502 codice
825 1470 980 1510 duceret,
1016 1476 1164 1504 ternos
1189 1471 1312 1504 soles
1333 1481 1409 1514 pro-

73 1513 190 1547 duxit:
213 1520 335 1555 quanto
358 1514 543 1556 simplicius
569 1521 640 1548 erat
663 1525 723 1559 pro
746 1520 795 1547 tot
815 1517 1015 1559 ambagibus
1034 1518 1069 1550 in
1088 1518 1290 1560 optimorum
1308 1517 1408 1549 codd.

72 1561 236 1602 scriptura
249 1569 350 1592 unam
362 1559 541 1593 litterulam
555 1560 671 1594 leniter
685 1567 830 1602 mutare,
856 1569 893 1594 ut
910 1573 951 1595 ex
969 1562 1136 1596 alterne
1153 1563 1211 1596 fiat
1234 1563 1373 1595 alterv
1389 1574 1407 1594 e

72 1604 153 1637 sol.
199 1605 274 1638 Pari
293 1604 453 1638 facilitate
476 1607 599 1650 corrigi
622 1608 732 1649 potuit
754 1606 847 1639 locus
870 1608 928 1640 lib.
949 1609 997 1647 11,
1023 1619 1052 1641 c.
1076 1608 1140 1648 49,
1166 1610 1200 1642 2.
1221 1619 1317 1641 cum
1335 1619 1408 1641 eo-

71 1660 158 1683 rum
178 1652 375 1692 tangitur
395 1651 463 1683 vel
484 1653 702 1685 comitium
718 1657 788 1685 aut
803 1654 1076 1696 principalia
1097 1656 1216 1688 urbis
1239 1655 1408 1687 liberae

72 1697 179 1728 loca.
226 1695 352 1739 Scripsi
376 1695 519 1729 forum
539 1707 600 1740 pro
624 1708 785 1736 eorum;
810 1699 914 1731 multo
937 1699 1071 1742 longius
1096 1701 1250 1733 discessit
1275 1701 1409 1743 vulgata

71 1742 274 1783 reliquorum
297 1741 397 1777 codd.
420 1743 602 1785 scriptura:
640 1754 774 1786 quorum
798 1746 832 1777 vi
859 1747 1060 1788 tangitur
1091 1746 1159 1779 vel
1183 1747 1408 1778 comitium

72 1789 124 1821 vel
143 1789 279 1830 princ.
325 1788 407 1819 Item
427 1787 485 1821 lib.
506 1789 556 1829 11,
592 1799 621 1822 c.
646 1788 707 1827 59,
746 1789 784 1821 11
814 1800 877 1833 pro
903 1791 1148 1824 dilectione
1178 1792 1229 1824 vel
1261 1792 1407 1823 deiec-

72 1834 196 1866 tione
221 1834 357 1866 animi
381 1833 435 1866 vel
458 1834 710 1868 deiectione
733 1834 824 1868 alvi
847 1837 882 1868 in
903 1842 1062 1878 promptu
1079 1843 1149 1869 erat
1173 1838 1319 1870 scribere
1343 1837 1406 1869 de—

72 1879 282 1912 fectione.
332 1878 400 1912 Sed
423 1889 490 1912 non
508 1889 648 1922 possum
669 1880 734 1913 hoc
761 1880 833 1914 loco
867 1882 921 1914 vel
943 1882 1062 1915 faciles
1095 1883 1263 1925 ejusmodi
1297 1893 1406 1915 emen-

73 1925 223 1959 dationes
245 1926 402 1968 persequi
435 1925 487 1958 vel
510 1925 716 1959 difficiliores
751 1933 784 1960 et
814 1928 931 1960 dubias
964 1929 1196 1961 commendare
1219 1933 1277 1960 aut
1308 1938 1407 1961 excu-

73 1980 163 2011 sare,
187 1979 250 2003 neo
271 1971 438 2012 quomodo
459 1972 495 2003 in
517 1971 645 2003 lacunis
669 1971 842 2014 explendis
859 1978 891 2006 et
914 1973 1087 2015 ejiciendis
1102 1974 1313 2017 glossematis
1333 1985 1406 2007 ver-

76 2021 168 2048 satus
192 2017 257 2049 sim
279 2017 446 2060 explicare
471 2016 549 2049 licet
573 2018 736 2058 quibusve
760 2019 922 2051 adductus
944 2020 1129 2052 rationibus
1148 2019 1403 2063 Bambergensis

74 2061 200 2095 codicis
229 2062 330 2095 fidem
364 2072 611 2103 nonnumquam
631 2062 837 2096 Berolineusi
863 2064 1092 2107 praetulerim.
1139 2065 1248 2098 Unum
1273 2065 1339 2098 hoc
1363 2067 1406 2098 de

72 2107 198 2140 leviore
214 2108 359 2149 quadam
379 2118 487 2150 neque
506 2114 617 2140 tamen
641 2109 842 2151 negligenda
866 2111 972 2142 critici
995 2111 1141 2143 muneris
1171 2117 1266 2154 parte
1289 2111 1405 2144 admo-

76 2162 155 2186 nere
177 2153 274 2187 volo:
297 2154 421 2187 multae
442 2164 498 2187 res
521 2154 657 2186 suntad
675 2155 840 2187 scribendi
862 2156 1025 2188 rationem
1045 2162 1078 2188 et
1099 2155 1225 2189 formas
1241 2167 1405 2199 usumque

80 2199 251 2232 verborum
281 2201 502 2243 pertinenteS‚
539 2209 624 2240 quae
657 2205 745 2232 totae
776 2200 922 2242 pendent
958 2211 1002 2233 ex
1034 2203 1232 2244 optimorum
1251 2203 1403 2235 codicum

79 2253 160 2280 mss.
183 2247 393 2285 auctoritate;
419 2255 505 2287 quae
528 2255 603 2277 cum
628 2247 661 2277 in
683 2245 756 2277 Nat.
784 2246 932 2285 Quaestt.
956 2247 1080 2290 exigua
1099 2250 1160 2288 sit,
1194 2249 1230 2281 fit
1251 2259 1403 2282 necessa-

79 2291 146 2328 rio,
179 2296 217 2323 ut
250 2293 285 2323 in
318 2292 360 2323 iis
395 2292 460 2324 nisi
488 2292 659 2324 discedere
683 2291 765 2323 velis
787 2301 808 2323 a
836 2291 964 2333 reliqua
985 2291 1130 2326 Senecae
1153 2295 1403 2331 consuetudine.

16 2378 21 2381 ψ
81 2336 239 2376 sequendi
262 2337 330 2369 sint
353 2337 494 2379 aliorum
517 2338 674 2369 librorum
699 2337 829 2370 codices
852 2338 1023 2377 meliores;
1056 2346 1154 2381 atque
1178 2341 1214 2373 id
1234 2341 1403 2373 Fickertus

83 2380 160 2412 fecit
181 2383 214 2414 in
239 2382 495 2426 orthographia,
531 2384 564 2417 in
599 2393 662 2424 qua
685 2384 757 2425 ejus
781 2389 813 2416 et
837 2384 1025 2427 exemplum
1043 2391 1175 2419 secutus
1199 2397 1274 2419 sum
1297 2392 1328 2419 et
1352 2396 1404 2418 ra-
