1592 2580
307 186 375 225 DE
401 184 680 225 BENEFICIIS
708 185 805 225 IIB.
818 185 889 224 VI.
921 189 1093 226 40——43
1259 184 1340 227 133

60 287 200 327 beuter
218 285 406 334 debebis,
433 285 508 326 sed
526 295 617 325 cum
641 292 794 335 magna
799 285 1011 349 voluptate
1031 285 1140 335 apud
1158 290 1197 325 te
1216 284 1341 335 depo-

60 343 178 382 situm
197 341 430 395 intueberis.
462 341 638 390 poenitet
657 340 812 390 accepti
826 331 1012 380 b'e'ne'ficii
1028 352 1146 391 quem
1162 343 1340 381 nondum

57 397 202 437 redditi
222 398 351 446 piget=
383 393 508 446 quare
529 396 596 446 qui
622 395 702 436 tibi
711 396 858 445 dignus-
876 395 990 436 visus
1011 402 1073 436 est
1091 407 1115 436 a
1136 408 1216 482 quo
1236 397 1339 437 acci-

57 463 205 503 peres,
223 453 416 501 indignus
438 453 622 492 videatur
641 452 706 491 cui
727 452 939 497 debeas?
1175 478 1178 479 γ

138 507 271 547 XLIII.
307 509 350 548 In
380 510 535 557 magnis
563 503 776 547 erroribus
796 512 908 555 sunt,
932 508 1011 557 ‘qui
1031 478 1202 557 ingentis
1222 508 1340 547 animi
1359 515 1376 548 l

58 564 224 603 credunt
252 565 452 613 proferre,
484 565 656 612 donare,
678 563 860 614 plurium
882 564 1010 602 sinum
1032 574 1079 603 ac
1101 565 1291 603 domum
1281 576 1337 603 ιιι-

56 620 188 669 plere,
219 631 307 658 cum
328 620 405 659 ista
424 620 622 658 interdum
641 630 722 658 non
741 620 910 668 magnus
926 619 1080 658 animus
1099 620 1237 668 faciat,
1265 621 1340 658 sed

56 686 200 724 magna
228 677 397 715 fortuna.
435 675 638 722 nesciunt,
669 679 816 724 quanto
845 676 1000 725 interim
1020 675 1146 714 maius
1167 686 1216 714 ac
1235 672 1339 715 diffl—

57 731 171 770 cilius
198 731 252 770 sit
271 741 419 780 capere
441 741 559 780 quam
581 730 760 769 fundere.
790 740 882 770 nam
901 735 945 770 ut
962 730 1056 769 nihil
1076 730 1188 770 alteri
1208 732 1337 770 detra·

54 785 169 834 ham,
199 786 387 835 quoniam
406 790 620 834 utrumque
638 786 784 825 virtute
803 797 876 835 par
891 791 971 834 est,
1000 797 1080 825 non
1097 786 1261 826 minoris
1278 792 1340 826 est

56 841 176 880 animi
203 842 440 882 beneficium
470 842 620 880 debere
647 852 767 904 quam
792 842 910 881 dare
940 852 988 881 eo
1010 842 1173 892 quidem
1192 853 1338 891 opero-

57 897 142 936 sius
169 897 247 936 hoc
276 908 394 947 quam
418 898 535 946 illud,
566 907 646 946 quo
667 898 818 937 maiore
837 898 1039 947 diligentia
1060 892 1338 938 custodiuntur

56 957 224 1002 accepta
238 965 357 1003 quam
379 955 536 992 dantur.
583 953 722 1002 Itaque
741 963 821 992 non
841 958 904 992 est
907 925 1202 1003 ”trepidandum
1218 965 1374 1018 quam..
1352 961 1374 982 ἢ

55 1009 133 1048 cito
165 1019 408 1058 reponamus
441 1019 516 1047 nec
550 1009 866 1057 procurrendum
898 1009 1199 1058 intempestive,
1243 1010 1338 1058 quia

55 1074 186 1113 aeque
214 1064 408 1114 delinquit
435 1065 502 1113 qui
527 1065 579 1103 ad
604 1065 854 1103 referendam
874 1065 1040 1113 gratiam
1060 1075 1135 1104 suo
1155 1069 1337 1114 tempore

56 1124 190 1158 cessat
217 1131 338 1169 quam
365 1121 432 1169 qui
458 1121 588 1159 alieno
609 1124 811 1169 properat.
856 1120 1034 1160 Positum
1053 1121 1107 1159 illi
1128 1121 1239 1170 apud
1258 1132 1335 1160 me.

54 1185 129 1213 nec
155 1174 260 1214 illius
286 1177 446 1215 nomine
476 1186 549 1214 nec
576 1187 667 1214 meo
694 1175 826 1215 timeo.
871 1176 976 1215 bene
1004 1176 1059 1215 illi
1080 1181 1238 1215 cautum
1261 1182 1334 1215 est.

53 1241 132 1270 non
153 1236 289 1279 potest
308 1232 385 1271 hoc
404 1231 642 1270 beneficium
663 1231 835 1280 perdere
854 1231 932 1270 nisi
950 1242 1125 1280 mecum,
1146 1231 1267 1271 immo
1284 1243 1334 1272 ne

52 1297 210 1325 mecum
238 1287 420 1336 quidem:
448 1288 509 1336 egi
540 1287 595 1326 illi
614 1287 775 1336 gratias.
823 1287 895 1335 Qui
917 1287 1033 1327 nimis
1053 1288 1105 1326 de
1123 1288 1333 1328 reddendo
1349 1293 1372 1328 3

52 1341 250 1381 beneficio
277 1344 444 1391 cogitat,
480 1342 596 1381 nimis
633 1343 808 1391 cogitare
835 1343 1002 1382 alterum
1023 1344 1074 1382 de
1100 1344 1333 1393 recipiendo

53 1402 178 1446 putat.
215 1398 397 1437 Praestat
411 1409 504 1437 esse
520 1399 559 1436 in
573 1403 786 1447 utrumque
804 1399 979 1437 facilem:
1010 1399 1043 1437 si
1055 1400 1334 1448 vultrecipere

51 1452 311 1501 beneficium,
337 1455 556 1492 reseramus
571 1454 871 1502 reddamusque
887 1453 990 1493 laeti.
1020 1454 1118 1492 illud
1133 1455 1242 1503 apud
1257 1465 1332 1495 nos

55 1508 248 1546 custodiri
274 1511 423 1548 mavult
440 1524 451 1544 ι
489 1508 587 1558 quid
612 1509 844 1548 thesaurum
872 1510 959 1548 eius
987 1509 1192 1549 eruimus?
1235 1510 1333 1560 quid

55 1564 279 1602 custodiam
301 1569 566 1603 recusamus?
598 1565 743 1613 dignus
762 1570 824 1603 est
843 1566 907 1604 cui
925 1571 1056 1604 utrum
1078 1567 1185 1605 volet
1202 1566 1331 1606 liceat.

56 1618 293 1667 Opinionem
309 1621 469 1670 quidem
483 1626 523 1659 et
538 1621 681 1658 famam
696 1630 746 1659 eo
764 1621 853 1660 loco
868 1620 1108 1670 habeamus,
1128 1626 1332 1672 tamquam

52 1684 134 1713 non
154 1674 322 1723 ducere,
352 1676 426 1715 sed
444 1676 561 1725 sequi
581 1675 736 1715 debeat.
