1624 2626
303 173 383 215 194
551 173 594 213 L.
620 171 808 210 ANNAEI
837 170 1064 210 SENECAE
1090 169 1221 210 DIAL.
1238 171 1302 210 IX.

303 275 444 323 ignave
464 272 673 321 perierunt,
693 271 788 310 nihil
807 271 933 319 periit.
962 275 1028 310 aut
1046 271 1153 319 digni
1174 276 1275 320 sunt,
1296 284 1460 322 quorum
1482 273 1569 318 vir—⁴

304 334 367 368 tus
386 327 454 367 tibi
475 329 646 376 placeat,
667 332 732 366 aut
751 326 918 373 indigni,
941 337 1107 374 quorum
1128 327 1374 366 desideretur
1388 327 1558 376 ignavia.

306 383 400 432 quid
427 383 530 420 enim
559 387 620 420 est
638 381 792 429 turpius
813 390 930 428 quam
949 380 983 418 si
1003 380 1162 419 maximi
1183 381 1256 419 viri
1274 382 1431 422 timidos
1452 384 1557 423 forti-

265 444 287 479 3
305 444 363 476 ter
381 437 584 475 moriendo
604 435 774 475 faciunt?
800 435 1025 474 Laudemus
1044 435 1187 474 totiens
1203 436 1362 483 dignum
1377 436 1559 476 laudibus

307 497 345 531 et
364 492 561 530 dicamus:
578 496 684 529 tanto
700 490 848 535 sortior,
865 494 971 528 tanto
988 489 1156 528 felicior!
1178 490 1357 530 homines
1373 492 1559 540 effugisti,

307 557 446 594 casus,
474 547 655 591 livorem,
675 545 865 583 morbum.
909 545 1024 583 existi
1044 554 1094 582 ex
1114 545 1305 584 custodia.
1343 557 1423 585 non
1442 552 1483 585 tu
1502 547 1561 585 di-

307 612 409 649 gnus
436 603 539 638 mala
562 601 717 639 fortuna
744 598 806 637 dis
824 599 935 637 visus
957 609 1019 646 es,
1055 599 1127 638 sed
1146 599 1352 647 indignus,
1384 601 1424 639 in
1445 611 1562 649 quem

306 657 383 694 iam
404 655 552 703 aliquid
575 655 730 693 fortuna
750 658 901 701 posset.
945 653 1264 704 Subducentibus
1283 665 1378 694 vero
1399 666 1444 694 se
1463 660 1502 694 et
1520 654 1561 693 in

307 711 397 758 ipsa
430 714 553 748 morte
588 709 638 746 ad
671 709 791 746 vitam
822 708 1138 756 respectantibus
1170 719 1310 748 manus
1343 709 1563 748 iniciendae

266 774 289 807 4
308 769 411 803 sunt.
454 764 651 801 Neminem
671 762 776 802 flebo
796 763 962 810 laetum,
994 763 1186 801 neminem
1205 762 1387 802 flentem:
1420 765 1485 802 ille
1507 765 1562 802 la-

309 819 450 857 crimas
480 828 588 856 meas
609 818 697 866 ipse
716 818 919 865 abstersit,
952 816 1016 856 hic
1036 816 1120 856 suis
1139 818 1311 856 lacrimis
1331 818 1479 866 effecit,
1513 829 1563 856 ne

308 873 398 912 ullis
420 872 562 920 dignus
583 872 644 910 sit.
671 872 756 920 Ego
776 873 986 911 Herculem
1006 871 1142 918 fleam,
1165 873 1273 920 quod
1291 871 1406 911 vivus
1424 873 1560 918 uritur,

309 933 375 966 aut
394 928 604 974 Regulum,
639 927 747 975 quod
766 932 823 966 tot
842 927 965 965 clavis
984 927 1243 974 transfigitur,
1273 931 1340 965 aut
1358 926 1563 974 Catonem,

310 982 417 1030 quod
426 983 590 1020 volnera
606 993 678 1020 sua
692 983 831 1020 iterat?
858 981 1003 1020 Omnes
1020 981 1084 1019 isti
1098 981 1175 1019 levi
1192 980 1381 1030 temporis
1397 982 1566 1030 inpensa

309 1038 551 1083 invenerunt,
573 1037 774 1084 quomodo
794 1036 940 1074 aeterni
961 1036 1111 1084 fierent,
1135 1036 1239 1074 etad
1254 1036 1566 1075 inmortalitatem

310 1091 512 1129 moriendo
532 1096 736 1129 venerunt.

272 1150 289 1182 1
390 1146 510 1183 XVII.
552 1145 638 1183 Est
664 1145 819 1184 etilla
839 1144 1244 1183 sollicitudinum
1263 1155 1358 1183 non
1378 1145 1564 1183 medio·

312 1200 412 1238 cris
446 1199 673 1247 materia,
709 1201 749 1238 si
782 1204 828 1238 te
860 1199 1008 1237 anxie
1040 1209 1302 1247 conponas
1330 1209 1424 1237 nec
1443 1198 1564 1237 ullis

313 1255 352 1293 si
364 1255 613 1302 mpliciter
633 1265 656 1293 ο
667 1259 740 1292 ste
751 1266 774 1292 n
786 1255 811 1292 d
823 1264 886 1300 as,
908 1255 1035 1302 qualis
1057 1255 1263 1292 multorum
1276 1254 1356 1292 vita
1370 1258 1441 1298 est,
1461 1253 1563 1298 ficta,

313 1308 563 1348 ostentationi
584 1314 731 1357 parata.
768 1314 927 1356 torquet
949 1308 1050 1347 enim
1073 1309 1240 1346 adsidua
1259 1308 1482 1346 observatio
1504 1307 1566 1346 sui

313 1369 350 1402 et
369 1364 613 1412 deprehendi
632 1364 742 1402 aliter
766 1374 812 1401 ac
836 1364 955 1410 solet,
982 1364 1135 1411 metuit,
1168 1372 1241 1401 nec
1261 1373 1450 1411 umquam
1470 1372 1567 1400 cura

313 1419 520 1466 solvimur,
552 1417 620 1456 ubi
653 1418 794 1457 totiens
821 1429 895 1456 nos
924 1418 1121 1456 aestimari
1147 1421 1349 1465 putamus,
1384 1416 1566 1464 quotiens

313 1474 478 1522 adspici.
516 1473 614 1511 Nam
641 1478 679 1511 et
701 1473 819 1511 multa
839 1472 1033 1518 incidunt,
1070 1482 1171 1520 quae
1190 1471 1334 1510 invitos
1355 1471 1565 1517 denudent,

313 1534 367 1573 et,
387 1534 430 1567 ut
448 1528 551 1566 bene
571 1527 685 1566 cedat
701 1532 807 1565 tanta
826 1526 887 1565 sui
910 1527 1126 1574 diligentia,
1147 1538 1226 1564 non
1246 1531 1375 1564 tamen
1395 1525 1568 1564 iucunda

274 1590 294 1622 2
315 1584 392 1621 vita
424 1587 490 1621 aut
522 1592 663 1621 secura
689 1587 751 1620 est
777 1591 934 1629 semper
962 1581 1036 1619 sub
1055 1591 1229 1629 persona
1248 1580 1472 1619 viventium.
1515 1581 1569 1618 At

314 1637 379 1675 illa
408 1643 595 1685 quantum
620 1636 739 1675 habet
766 1635 977 1683 voluptatis
1005 1634 1160 1673 sincera
1178 1640 1216 1674 et
1235 1645 1307 1683 per
1327 1645 1371 1672 se
1390 1635 1569 1673 inornata

316 1692 562 1740 simplicitas,
596 1690 691 1730 nihil
717 1690 936 1728 obtendens
957 1690 1131 1728 moribus
1153 1690 1264 1728 suis?
1307 1689 1417 1727 Subit
1436 1694 1564 1727 tamen

316 1752 354 1786 et
385 1747 484 1784 haec
514 1746 594 1784 vita
621 1750 867 1793 contemptus
895 1745 1130 1793 periculum,
1167 1744 1202 1782 si
1230 1745 1359 1783 omnia
1387 1743 1567 1782 omnibus

315 1806 460 1849 patent.
494 1806 591 1840 sunt
617 1801 718 1839 enim
748 1801 815 1848 qui
849 1799 1066 1846 fastidiant,
1100 1799 1284 1847 quicquid
1315 1799 1477 1846 propius
1499 1798 1566 1835 ad·
1613 1800 1615 1802 '

316 1855 454 1894 ierunt.
497 1856 571 1894 sed
596 1865 669 1894 nec
694 1854 826 1893 virtuti
847 1853 1063 1902 periculum
1084 1857 1163 1900 est,
1197 1863 1247 1890 ne
1266 1854 1423 1891 admota
1442 1852 1567 1891 oculis

317 1909 543 1957 revilescat‚
573 1915 611 1948 et
630 1910 752 1948 satius
773 1914 834 1947 est
854 1909 1099 1956 simplicitate
1122 1907 1320 1946 contemni
1342 1918 1458 1955 quam
1478 1917 1567 1954 per—

320 1970 436 2012 petua
449 1965 696 2004 simulatione
705 1963 892 2012 torqueri.
912 1964 976 2002 Mo
982 1963 1073 2001 dum
1083 1969 1210 2001 tamen
1221 1962 1278 1999 rei
1290 1962 1495 2000 adhibeam
1501 1971 1546 1998 us
1558 1975 1567 1995 :

279 2026 300 2059 3
319 2019 480 2056 multum
499 2020 678 2065 interest,
699 2019 925 2066 simpliciter
944 2017 1056 2056 vivas
1077 2028 1127 2055 an
1146 2017 1409 2064 neglegenter.
1445 2015 1567 2053 Mul-

320 2076 414 2110 tum
433 2075 542 2112 etin
566 2084 619 2112 se
637 2073 970 2112 recedendum
991 2076 1085 2110 est:
1107 2069 1354 2109 conversatio
1371 2070 1473 2107 enim
1489 2069 1567 2107 dis-

322 2126 503 2165 similium
520 2128 622 2167 bene
642 2127 861 2176 composita
879 2127 1072 2166 disturbat
1091 2130 1128 2164 et
1145 2129 1310 2163 renovat
1327 2124 1509 2162 adfectus
1531 2128 1570 2161 et

325 2181 512 2228 quicquid
538 2183 758 2222 inbecillum
778 2183 818 2220 in
837 2182 965 2221 animo
985 2191 1057 2220 nec
1077 2183 1327 2228 percuratum
1347 2183 1426 2225 est,
1460 2179 1572 2216 exul-

325 2240 443 2273 cerat.
481 2236 919 2276 Miscendatamen
947 2237 1046 2275 ista
1064 2233 1429 2273 etalternanda
1449 2232 1570 2278 sint,
1622 2242 1624 2261 2

327 2291 548 2329 solitudo
582 2296 626 2330 et
658 2292 962 2341 frequentia:
1000 2290 1065 2329 illa
1085 2289 1200 2328 nobis
1228 2287 1344 2327 faciet
1373 2287 1570 2327 hominum
1622 2286 1624 2292 '
