1592 2580
315 145 500 185 NATUR.v
521 144 733 194 QUAEST.
763 145 942 185 LlB.VI.
973 152 1077 186 10—
1088 151 1144 187 14.
1236 172 1243 179 x
1290 147 1370 189 281

92 246 191 295 Quid
212 245 368 295 utrique
389 247 545 296 placeat
560 256 773 295 exponam.
815 245 1011 295 „Semper
1027 247 1160 296 aliqua
1175 255 1368 297 evapora-

90 305 144 342 tio
165 308 226 341 est
239 313 263 341 a
282 308 405 350 terra,
427 313 532 352 quae
550 303 670 341 modo
687 301 800 340 arida
814 307 894 350 est,
914 303 1035 341 modo
1052 302 1215 343 humido
1231 303 1366 343 mixta.

89 358 276 398 Haecvab
303 358 440 397 infimo
469 358 576 397 edita
603 358 710 398 etin
731 363 921 407 quantum
946 358 1091 407 potuit,
1123 359 1245 406 elata,
1277 370 1367 399 cum

90 414 315 453 ulteriorem
344 415 495 463 locum,
527 414 563 452 in
587 424 706 463 quem
729 418 866 462 exeat,
886 425 975 453 -non
995 414 1134 462 habet,
1164 420 1270 454 retro
1290 416 1367 454 fer-

87 471 152 509 tur
177 475 298 518 atque
324 470 363 509 in
392 481 436 509 se
463 470 692 508 revolvitur.
730 469 876 508 deinde
896 470 992 508 rixa·
1006 470 1171 518 spiritus
1189 471 1366 520 recipro-

89 526 215 565 cantis
241 526 360 565 iactat
387 525 586 565 obstantia
613 530 670 573 et,
702 524 788 564 sive
807 525 1067 573 interclusus,
1100 526 1185 565 sive
1206 537 1280 576 per
1299 538 1366 566 an·

86 587 203 631 gusta
231 581 368 621 enisus
397 586 478 629 est,
506 585 655 620 motum
679 591 726 620 ac
745 582 950 620 tumultum
972 582 1088 620 ciet.“
1135 581 1292 622 Straton
1315 593 1366 622 ex
1382 592 1404 625 2

87 638 228 676 eadem
250 637 389 677 schola
409 642 490 684 est,
519 637 587 686 qui
605 636 709 676 hanc
729 642 881 686 partem
898 636 1178 686 philosophiae
1194 639 1364 677 maxime

88 693 210 732 coluit
227 697 267 731 et
286 703 418 732 rerum
438 697 604 732 naturae
623 692 836 741 inquisitor
854 693 936 732 suit.
980 693 1114 732 Huius.
1128 695 1206 732 tale
1226 695 1363 733 decre—

85 754 168 789 tum
187 754 268 788 est:
304 749 534 798 „Frigidum
555 753 594 787 et
613 749 784 787 calidum
803 758 963 798 semper
987 749 1027 787 in
1048 750 1247 788 contraria
1269 750 1362 789 abe·

85 809 174 852 unt,
201 815 282 844 una
307 815 401 844 esse
427 815 509 844 non
539 806 724 854 possunt.
763 814 812 843 eo
842 803 1026 853 frigidum
1047 804 1231 852 confluit,
1254 806 1364 844 unde

86 861 148 899 vis
167 860 296 899 calida
316 860 526 909 discessit,
555 865 594 900 et
613 860 782 898 invicem
803 859 856 898 ibi
873 860 1043 899 calidum
1063 865 1144 906 est,
1169 861 1276 899 unde
1296 862 1361 900 fri-

84 925 160 964 gus
188 917 400 965 expulsum
429 921 502 955 est.
548 915 636 955 Hoc
664 915 774 964 quod
800 915 912 963 dico,
938 926 1075 955 verum
1098 927 1184 956 esse
1202 921 1240 956 et
1255 922 1361 956 utra—

86 981 164 1020 que
183 972 221 1010 in
240 972 478 1011 contrarium
494 971 577 1020 agi,
597 982 647 1010 ex
664 971 742 1010 hoc
756 971 823 1010 tibi
842 971 1051 1020 adpareat:
1080 972 1247 1011 hiberno
1263 977 1359 1011 tem·
1372 978 1396 1012 3

85 1037 202 1076 pore,
225 1038 315 1066 cum
331 1037 455 1077 supra
468 1032 612 1066 terram
628 1027 753 1076 frigus
769 1031 848 1075 est,
871 1028 1001 1066 calent
1015 1029 1123 1076 putei
1140 1038 1216 1067 nec
1230 1028 1360 1067 minus

84 1090 233 1131 specus
252 1088 373 1132 atque
392 1083 522 1122 omnis
542 1083 618 1122 sub
637 1088 742 1122 terra
759 1093 968 1130 recessus,
997 1083 1091 1132 quia
1106 1084 1172 1122 illo
1189 1094 1234 1122 se
1250 1084 1361 1124 calor

84 1139 249 1177 contulit
276 1139 485 1187 superiora
514 1138 735 1188 possidenti
759 1138 897 1187 frigori
918 1139 1081 1178 cedens.
1122 1138 1190 1188 qui
1209 1140 1360 1178 cum-in

83 1194 479 1243 inferiora'pervenit
506 1197 546 1232 et
571 1204 620 1233 eo
653 1204 718 1241 se,
749 1198 938 1243 quantum
972 1198 1144 1243 poterat,
1178 1195 1358 1243 ingessit,

82 1260 163 1298 quo
192 1249 354 1289 densior
379 1249 457 1289 hoc
482 1249 653 1288 validior
670 1254 750 1288 est:
780 1249 872 1288 huic
891 1247 994 1288 alius
1016 1250 1266 1299 supervenit,
1294 1251 1358 1290 cui

81 1305 312 1344 necessario
339 1309 606 1354 congregatus
634 1305 698 1343 ille
724 1303 802 1343 iam
829 1309 870 1344 et
895 1305 934 1343 in
957 1310 1169 1354 angustum
1189 1316 1356 1355 pressus

82 1361 172 1399 loco
188 1361 306 1400 cedit.
326 1361 444 1400 ‘ldem
461 1364 510 1408 [e]
522 1360 721 1399 contrario
738 1361 881 1406 evenit,
904 1371 992 1398 cum
1004 1361 1066 1400 vis
1081 1362 1209 1400 maior
1222 1362 1353 1411 frigidi
1369 1370 1391 1403 4

81 1416 202 1454 inlata
227 1415 265 1454 in
295 1417 477 1455 cavernis
505 1421 586 1454 est:
617 1415 810 1464 quicquid
836 1416 917 1454 illic
944 1417 1059 1454 calidi
1082 1416 1193 1465 latet,
1219 1418 1357 1466 frigori

82 1471 230 1510 cedens
250 1470 331 1510 abit
346 1472 384 1510 in
405 1477 616 1521 angustum
635 1475 673 1509 et
691 1482 836 1520 magno
852 1472 988 1520 inpetu
1005 1472 1144 1521 agitur,
1166 1473 1260 1522 quia
1275 1485 1356 1513 non

81 1526 227 1575 patitur
251 1527 459 1576 utriusque
487 1532 628 1565 natura
654 1527 910 1565 concordiam
937 1530 1011 1566 nec
1031 1528 1070 1566 in
1090 1539 1171 1567 uno
1191 1534 1356 1568 moram-

81 1582 236 1630 fugiens
263 1592 360 1631 ergo
388 1588 428 1622 et
454 1583 560 1622 omni
587 1582 708 1621 modo
743 1583 908 1631 cupiens
942 1583 1141 1622 excedere
1174 1585 1357 1632 proxima

82 1647 268 1687 quaeque
294 1638 505 1677 demolitur
537 1649 585 1677 ac
617 1638 748 1677 iactat.
794 1638 970 1687 ideoque
1002 1644 1215 1688 antequam
1250 1646 1390 1681 terra5

78 1698 308 1741 moveatur,-
320 1695 422 1732 solet
436 1694 608 1742 mugitus
624 1693 753 1732 audiri
767 1694 895 1732 ventis
913 1694 951 1732 in
967 1693 1100 1734 abdito
1118 1697 1354 1735 tumultuan-

79 1749 225 1788 tibus.“
255 1752 348 1796 (nec
366 1748 471 1788 enim
490 1749 603 1788 aliter
622 1754 780 1798 posset,
798 1753 853 1788 >ut
870 1749 924 1788 ait
942 1754 1080 1788 noster
1095 1751 1314 1800 Vergilius

204 1805 274 1844 sub
287 1805 452 1854 pedibus
469 1807 620 1854 muqe're
637 1807 760 1844 solum
776 1809 816 1844 et
832 1807 924 1853 iuqa
941 1807 1044 1845 celsa
1061 1809 1216 1855 moveri,

31 1899 36 1902 ,
78 1859 154 1898 nisi
173 1859 250 1899 hoe
270 1865 380 1899 esset
399 1864 607 1899 ventorum
627 1863 764 1909 opus.)
809 1860 958 1908 „Vices
978 1860 1124 1900 deinde
1143 1862 1260 1901 huius
1280 1873 1353 1912 pu·
1368 1872 1389 1906 6

36 1952 39 1954 ,
77 1925 180 1964 gnae
208 1921 320 1954 sunt:
358 1915 454 1955 defit
483 1916 606 1955 calori
639 1915 896 1964 congregatio
929 1926 978 1955 ac
1008 1927 1149 1956 rursus
1181 1920 1350 1970 eruptio.

77 1976 172 2010 tune
198 1971 344 2019 frigora
372 1976 670 2020 conpescuntur
697 1976 736 2017 et
762 1972 983 2011 succedunt
1009 1982 1104 2011 mox
1129 1974 1261 2013 futura
1280 1986 1351 2023 po-

77 2027 256 2066 tentiora.
287 2027 380 2065 dum
401 2028 551 2066 alterna
570 2026 632 2065 vis
652 2031 788 2066 cursat
806 2031 845 2065 et
863 2028 965 2067 ultro
986 2028 1167 2078 citroque
1187 2030 1351 2079 spiritus

77 2086 290 2129 commeat,
319 2087 426 2121 terra
446 2082 709 2121 concutitur.“

144 2137 264 2176 >X1V0
290 2137 415 2177 Sunt
441 2138 523 2187 qui
551 2137 848 2177 existiment
871 2139 1056 2187 spiritu
1079 2139 1281 2189 quidem
1304 2147 1386 2182 etl

78 2191 215 2232 nulla
241 2193 342 2232 alia
369 2194 568 2232 ratione
588 2197 804 2232 tremere
822 2198 1026 2241 terram,
1058 2195 1150 2234 sed
1169 2206 1230 2235 ex
1249 2196 1350 2236 alia

79 2256 252 2296 causa,
283 2259 424 2296 quam
452 2249 727 2287 Aristoteli
755 2249 961 2298 placuit.
1018 2249 1120 2298 Quid
1140 2251 1211 2301 sit,
1238 2253 1348 2302 quod

81 2301 132 2340 ab
158 2302 219 2342 his
245 2302 411 2354 dicatur,
441 2304 545 2344 audi.
594 2303 749 2354 Corpus
769 2310 950 2345 nostrum
970 2310 1010 2345 et
1033 2307 1229 2356 sanguine
1254 2308 1346 2347 inri-
