1624 2626
20 110 23 165 ³³
63 142 134 181 An
145 139 383 182 HELVIAM
397 138 616 180 MATREM
624 138 692 178 DE
703 137 1101 179 CONSOLArloNE.
1118 143 1241 180 18.19.
1263 137 1347 180 259

62 250 143 283 tem
163 241 291 282 dolori
309 251 387 281 suo
408 250 625 291 quaerere:
646 245 689 279 tu
709 239 762 279 ad
780 240 886 279 illam
905 244 946 279 te
964 246 1004 280 et
1023 239 1216 291 quicquid
1237 242 1345 291 cogi-

63 298 234 346 taveris,
264 299 416 336 confer.
459 296 546 335 sive
575 307 742 335 servare
769 296 888 335 istum
917 295 1096 336 habitum
1123 298 1238 337 voles
1259 299 1346 337 sive

63 355 288 403 deponere,
325 353 435 402 apud
461 352 568 391 illam
595 352 777 391 invenies
804 352 871 391 vel
889 352 1010 391 finem
1031 353 1190 396 doloris,
1202 354 1259 393 tui
1280 354 1344 392 vel

63 410 259 449 comitem.
287 408 368 448 Sed
389 409 424 447 si
439 408 691 458 prudentiam
711 408 1030 457 perfectissimae
1044 409 1217 448 feminae
1236 409 1345 458 novi,
1360 418 1384 453 4
1433 459 1437 462 ¹

61 477 144 505 non
191 465 364 515 patietur
403 469 443 504 te
479 463 577 502 nihil
614 465 823 513 profuturo
862 474 1048 503 moerore
1086 465 1268 504 consumi
1306 470 1345 505 et

60 522 289 571 exemplum
308 520 378 559 tibi
397 531 535 568 suum,
556 519 672 559 cuius
692 530 768 568 ego
789 519 907 559 etiam
925 525 1130 569 spectator
1148 521 1226 568 fui,
1246 531 1345 560 nar-

59 577 176 616 rabit.
223 575 481 615 Carissimum
506 576 636 614 virum
654 575 862 623 amiserat,
882 577 1124 615 avunculum
1146 581 1342 624 nostrum,

60 633 126 672 cui
152 633 266 682 virgo
287 636 500 681 nupserat,
529 632 569 670 in
589 632 680 680 ipsa
701 632 863 681 quidem
880 631 1152 681 navigatione:
1178 633 1268 672 tulit
1285 638 1342 672 ta-

59 699 151 727 men
178 689 323 727 eodem
347 693 530 737 tempore
553 693 592 727 et
611 689 759 727 luctum
778 691 818 727 et
834 692 983 727 metum
1003 688 1226 738 evictisque
1244 693 1343 728 tem-

59 744 283 794 pestatibus
312 754 461 793 corpus
489 743 577 782 eius
607 745 803 792 naufraga
822 745 968 782 evexit.
1011 743 1040 782 Ο
1063 755 1182 793 quam
1201 746 1341 784 multa-
1358 755 1380 790 5

58 811 148 839 rum
168 799 330 848 egregia
349 810 474 848 opera
492 799 533 838 in
549 799 724 839 obscuro
740 799 890 838 iacent!
921 799 964 838 Si
978 798 1070 838 huic
1085 800 1152 838 illa
1169 799 1342 849 simplex

59 855 306 895 admirandis
334 855 543 895 virtutibus
573 854 808 904 contigisset
830 855 1063 912 antiquitaS‚
1099 861 1249 905 quanto
1283 857 1341 895 in-

59 912 268 960 geniorum
296 912 510 950 certamine
537 911 806 950 celebraretur
824 921 947 957 uxor,
983 922 1107 960 quae,
1142 911 1265 951 oblita
1282 912 1342 951 in-

58 967 295 1015 becillitatis,
317 967 439 1006 oblita
457 967 658 1006 metuendi
678 967 795 1006 etiam
811 966 1050 1005 firmissimis
1065 968 1200 1015 maris,
1220 972 1342 1017 caput

59 1033 178 1062 suum
206 1022 395 1072 periculis
424 1033 498 1071 pro
525 1023 735 1071 sepultura
754 1021 900 1061 obiecit
920 1027 976 1069 et,
1006 1022 1101 1061 dum
1122 1023 1271 1071 cogitat
1289 1024 1341 1063 de

57 1078 131 1116 viri
161 1079 320 1126 funere,
354 1078 450 1116 nihil
479 1078 530 1117 de
551 1089 626 1117 suo
647 1078 800 1127 timuit?
839 1077 1076 1117 Nobilitatur
1095 1079 1340 1119 carminibus

58 1133 246 1182 omnium,
270 1144 373 1183 quae
386 1144 431 1173 se
447 1144 519 1183 pro
536 1134 708 1182 coniuge
724 1131 912 1172 vicariam
925 1133 1054 1172 dedit:
1071 1134 1150 1173 hoc
1166 1135 1339 1184 amplius

47 1194 139 1238 est,
160 1189 390 1229 discrimine
409 1190 514 1229 vitae
533 1190 763 1239 sepulcrum
784 1189 870 1228 viro
888 1199 1098 1238 quaerere.
1131 1191 1262 1230 maior
1277 1196 1340 1230 est

57 1255 188 1294 amor,
223 1245 291 1296 qui
322 1246 410 1295 pari
436 1245 615 1295 periculo
644 1245 774 1284 minus
792 1245 963 1284 redimit.
1006 1245 1104 1285 Post
1121 1246 1200 1285 hoc
1219 1257 1337 1285 nemo
1355 1257 1377 1291 6

55 1301 229 1350 miratur,
252 1302 362 1351 quod
384 1312 456 1351 per
475 1301 652 1342 sedecim
671 1311 813 1347 annos,
836 1299 983 1349 quibus
1003 1302 1237 1352 Aegyptum
1256 1313 1338 1341 ma-

56 1357 156 1396 ritus
191 1358 278 1397 eius
305 1357 492 1406 obtinuit,
524 1367 741 1406 numquam
767 1356 806 1394 in
826 1357 988 1405 publico
1011 1363 1233 1406 conspecta
1255 1364 1337 1405 est,

57 1412 254 1452 neminem
272 1413 559 1462 provincialem
578 1413 738 1452 domum
758 1422 872 1450 suam
894 1412 1070 1462 admisit,
1092 1413 1189 1451 nihil
1208 1425 1233 1452 a
1250 1415 1338 1453 viro

58 1468 188 1516 petiit,
218 1468 313 1507 nihil
334 1479 358 1507 a
378 1480 423 1508 se
442 1469 522 1518 peti
542 1479 666 1518 passa
683 1472 758 1507 est.
795 1468 934 1517 Itaque
954 1469 1103 1518 loquax
1124 1474 1163 1508 et
1181 1469 1221 1508 in
1242 1480 1336 1509 con-

56 1524 239 1562 tumelias
259 1524 551 1572 praefectorum
570 1523 780 1572 ingeniosa
799 1523 1028 1572 provincia,
1057 1525 1097 1563 in
1121 1536 1201 1574 qua
1220 1526 1338 1563 etiam

58 1579 127 1628 qui
153 1578 379 1618 vitaverunt
406 1580 583 1628 culpam,
615 1590 696 1618 non
724 1578 952 1628 effugerunt
970 1579 1192 1627 infamiam,
1227 1581 1339 1619 velut

55 1635 217 1674 unicum
244 1633 462 1674 sanctitatis
491 1635 718 1683 exemplum
737 1636 923 1684 suspexit
941 1641 998 1684 et,
1028 1637 1137 1685 quod
1157 1636 1212 1675 illi
1234 1637 1336 1675 diffi-

57 1689 244 1730 cillimum
273 1694 353 1737 est,
383 1690 445 1728 cui
467 1691 582 1728 etiam
604 1690 820 1738 periculosi
840 1691 948 1730 sales
967 1693 1147 1740 placent,
1178 1702 1337 1732 omnem

54 1746 271 1785 verborum
292 1746 486 1784 licentiam
508 1745 701 1785 continuit
719 1750 759 1784 et
777 1746 898 1785 hodie
918 1746 1087 1786 similem
1106 1747 1173 1797 illi,
1197 1759 1335 1797 quam-

55 1802 118 1840 vis
137 1812 353 1850 numquam
373 1805 526 1849 speret,
555 1811 715 1850 semper
734 1806 856 1850 optat.
894 1802 1060 1841 Multum
1083 1809 1186 1851 erat,
1208 1803 1243 1842 si
1262 1814 1336 1852 per

57 1857 234 1896 sedecim
255 1868 383 1895 annos
403 1857 510 1894 illam
529 1857 737 1905 provincia
755 1858 989 1907 probasset:
1010 1860 1102 1908 plus
1122 1864 1202 1907 est,
1226 1859 1336 1908 quod

55 1912 264 1961 ignoravit.
293 1913 404 1951 Haec
424 1923 504 1950 non
525 1912 617 1951 ideo
636 1914 781 1961 refero,
798 1919 842 1952 ut
860 1914 1002 1953 laudes
1018 1915 1106 1953 eius
1121 1924 1333 1963 exsequar,
1350 1926 1371 1962 7

58 1979 161 2017 quas
188 1968 515 2007 circumscribere
545 1973 607 2006 est
634 1972 713 2007 tarn
734 1979 856 2017 parce
875 1974 1171 2018 transcurrere,
1200 1970 1274 2008 sed
1292 1976 1336 2010 ut

56 2023 263 2072 intellegas
283 2024 414 2072 magni
434 2023 553 2061 animi
573 2034 667 2063 esse
685 2025 891 2073 feminam,
916 2036 1035 2074 quam
1058 2035 1139 2063 non
1160 2024 1333 2075 ambitio,

57 2090 137 2118 non
158 2080 342 2127 avaritia,
365 2079 531 2118 comites
553 2079 683 2118 omnis
699 2079 901 2128 potentiae
917 2085 956 2118 et
970 2085 1120 2130 pestes,
1139 2081 1331 2128 vicerunt,

57 2145 139 2174 non
167 2140 295 2174 metus
323 2135 461 2175 mortis
491 2146 579 2173 eam
604 2139 809 2173 exarmata
834 2135 927 2174 navi
947 2136 1197 2185 naufragium
1214 2148 1331 2176 suum

59 2195 306 2238 spectantem
334 2190 541 2238 deterruit,
578 2202 658 2240 quo
687 2189 818 2229 minus
851 2192 1022 2230 exanimi
1043 2192 1129 2231 viro
1158 2192 1329 2232 haerens

58 2255 140 2284 non
161 2250 390 2294 quaereret,
411 2246 749 2295 quemadmodum
768 2246 861 2285 inde
880 2247 1025 2295 exiret,
1045 2248 1119 2287 sed
1140 2249 1329 2298 quemad-

60 2300 222 2341 modum
241 2300 412 2342 efferret.
440 2301 540 2343 Huic
559 2313 695 2352 parem
714 2302 895 2342 virtutem
911 2303 1102 2343 exhibeas
1118 2310 1277 2354 oportet
1292 2310 1330 2344 et

1043 2365 1084 2400 17
1096 2360 1115 2384 *
