1624 2626
312 171 366 211 32
421 171 554 210 DlAL.
578 171 624 209 11.
662 172 731 210 AD
752 171 989 210 SERENUM
1009 171 1104 210 NEC
1125 172 1358 212 INIURIAM
1375 173 1469 212 NEC

312 275 409 308 tum
442 268 623 307 dixisset.
681 268 874 307 adversus
908 269 982 307 alia
1013 270 1220 308 maledicta
1250 282 1382 310 mores
1416 277 1455 311 et
1485 274 1579 311 vitia

313 323 636 362 convolnerantia
655 323 792 362 frontis
819 323 873 361 illi
892 323 1055 362 firmitas
1076 325 1259 372 constitit,
1286 327 1481 366 adversus
1501 327 1578 366 hoc

311 384 389 417 tam
411 378 626 417 absurdum
645 377 829 415 lacrimae
849 377 1123 426 prociderunt:
1160 384 1268 418 tanta
1287 381 1504 419 animorum
1522 382 1577 419 in-

274 435 296 468 2
312 433 503 471 becillitas
523 437 602 480 est,
630 431 696 471 ubi
715 433 814 471 ratio
835 433 1033 471 discessit.
1081 433 1181 480 Quid
1201 435 1310 482 quod
1329 435 1575 482 offendimur,

311 488 345 526 si
366 488 455 536 quis
476 497 699 526 sermonem
718 492 897 525 nostrum
917 487 1104 534 imitatur,
1139 488 1173 525 si
1194 489 1283 537 quis
1303 488 1523 537 incessum,
1545 491 1576 528 si

311 543 400 591 quis
419 542 555 581 vitium
575 542 734 590 aliquod
756 541 935 589 corporis
957 547 1024 580 aut
1042 543 1198 590 linguae
1218 544 1427 592 exprimit?
1464 545 1577 593 quasi

309 598 463 636 notiora
482 597 548 635 illa
565 597 661 635 fiant
681 597 756 635 alio
776 597 947 634 imitante
968 607 1086 644 quam
1105 597 1220 636 nobis
1240 598 1486 637 facientibus.
1515 610 1576 637 se-

310 656 505 690 nectutem
534 652 694 700 quidam
722 651 831 689 inviti
854 650 1019 689 audiunt
1046 656 1084 689 et
1104 662 1226 690 canos
1247 658 1284 691 et
1304 653 1381 691 alia
1403 654 1452 691 ad
1475 664 1577 701 quae

309 712 403 745 voto
424 706 663 754 pervenitur.
690 705 934 754 paupertatis
953 706 1202 745 maledictum
1224 708 1417 755 quosdam
1441 718 1577 756 perus-

311 762 372 802 sit,
403 771 519 809 quam
541 760 615 799 sibi
637 760 781 799 obiecit
801 760 983 808 quisquis
1002 760 1229 799 abscondit:
1267 763 1400 810 itaque
1419 764 1578 801 materia

310 815 575 864 petulantibus
603 820 642 853 et
669 824 742 863 per
771 815 1050 853 contumeliam·
1077 816 1239 854 urbanis
1273 816 1506 863 detrahitur,
1545 818 1576 854 si

312 872 413 908 ultro
435 870 539 907 illam
561 874 598 907 et
618 869 726 918 prior
741 880 928 918 occupes.
959 871 1081 908 Nemo
1102 870 1222 908 risum
1243 871 1422 919 praebuit
1443 871 1508 919 qui
1529 881 1578 909 ex

274 931 296 964 3
312 935 355 963 se
384 925 499 972 cepit.
553 924 773 970 Vatinium,
813 924 1010 963 hominem
1039 930 1172 963 natum
1195 931 1233 963 et
1259 926 1309 963 ad
1327 926 1451 964 risum
1471 931 1509 964 et
1529 927 1577 964 ad

311 979 457 1026 odium,
479 989 656 1017 scurram
677 980 803 1017 fuisse
822 983 861 1017 et
877 984 1084 1018 venustum
1107 990 1153 1017 ac
1173 979 1347 1018 dicacem
1367 981 1579 1018 memoriae

311 1034 510 1082 proditum
531 1038 603 1071 est.
651 1033 691 1071 in
711 1035 836 1082 pedes
858 1045 954 1072 suos
984 1035 1072 1082 ipse
1098 1034 1264 1082 plurima
1292 1034 1446 1073 dicebat
1473 1041 1511 1073 et
1540 1035 1578 1072 in

310 1091 447 1127 fauces
475 1088 673 1126 concisas.
731 1089 788 1126 sic
815 1089 1078 1136 inimicorum,
1113 1099 1215 1137 quos
1243 1090 1378 1137 plures
1407 1089 1578 1127 habebat

312 1154 430 1191 quarn
449 1142 631 1188 morbos,
662 1147 699 1180 et
718 1143 755 1180 in
776 1143 912 1191 primis
935 1143 1134 1182 Ciceronis
1152 1143 1411 1182 urbanitatem
1430 1144 1577 1191 effuge-

309 1203 382 1236 rat.
413 1197 454 1235 Si
475 1197 550 1235 hoc
571 1197 698 1245 potuit
717 1197 781 1235 ille
803 1197 945 1236 duritia
970 1198 1061 1245 oris,
1100 1197 1167 1246 qui
1187 1198 1365 1236 adsiduis
1386 1199 1576 1237 conviciis

309 1252 512 1300 depudere
532 1251 740 1290 didicerat:
774 1263 844 1290 cur
861 1253 894 1290 is
915 1263 992 1290 non
1014 1254 1154 1300 possit,
1191 1254 1257 1301 qui
1277 1252 1418 1291 studiis
1437 1253 1577 1291 libera-

309 1306 412 1345 libus
433 1311 471 1344 et
490 1306 707 1354 sapientiae
727 1308 834 1346 cultu
861 1307 910 1344 ad
940 1308 1110 1355 aliquem
1138 1308 1358 1355 profectum
1385 1317 1577 1356 pervene-

271 1368 294 1400 4
309 1362 382 1400 rit?
425 1361 552 1398 Adice
573 1361 681 1408 quod
702 1371 827 1408 genus
847 1362 1005 1400 ultionis
1026 1366 1086 1399 est
1113 1362 1268 1410 eripere
1287 1362 1343 1408 ei,
1379 1362 1445 1410 qui
1473 1362 1574 1409 fecit,

311 1417 438 1454 sactae
458 1414 718 1453 contumeliae
740 1417 993 1464 voluptatem.
1041 1418 1170 1455 solent
1197 1416 1348 1454 dicere:
1380 1427 1430 1464 „0
1460 1417 1575 1455 mise·

309 1481 396 1509 rum
422 1475 504 1508 me!
536 1475 645 1517 puto,
665 1480 743 1508 non
765 1471 997 1509 intellexit“:
1023 1472 1124 1509 adeo
1146 1473 1296 1509 fructus
1319 1472 1577 1509 contumeliae

310 1525 348 1563 in
371 1535 494 1563 sensu
512 1529 550 1562 et
569 1524 839 1572 indignatione
858 1525 1041 1573 patientis
1061 1531 1133 1564 est.
1179 1525 1331 1564 Deinde
1350 1535 1429 1563 non
1453 1525 1577 1564 deerit

310 1580 363 1619 illi
384 1578 598 1627 aliquando
620 1589 702 1626 par.
734 1579 954 1618 invenietur
974 1581 1039 1628 qui
1064 1585 1099 1618 te
1124 1590 1285 1628 quoque
1302 1579 1486 1619 vindicet.

273 1638 291 1670 1
387 1634 525 1672 XVIII.
555 1633 594 1672 C.
617 1633 762 1672 Caesar
781 1633 880 1672 inter
901 1639 1031 1673 cetera
1049 1635 1153 1682 vitia,
1175 1635 1320 1683 quibus
1340 1634 1574 1680 abundabat,

310 1689 618 1727 contumeliosus
637 1688 863 1726 mirabiliter
882 1688 1080 1727 serebatur
1103 1690 1229 1728 omnis
1250 1689 1381 1737 aliqua
1408 1693 1500 1727 nota
1519 1689 1574 1726 se—

308 1743 447 1790 riendi,
467 1742 557 1791 ipse
575 1743 738 1781 materia
754 1744 860 1782 risus
884 1743 1188 1792 benignissima:
1215 1749 1320 1783 tanta
1338 1743 1392 1781 illi
1410 1744 1573 1791 palloris

309 1798 502 1836 insaniam
535 1798 715 1837 testantis
750 1799 918 1837 foeditas
961 1804 1065 1846 erat,
1111 1804 1212 1838 tanta
1255 1798 1458 1837 oculorum
1501 1798 1574 1836 sub

310 1855 438 1891 sronte
465 1851 558 1890 anili
586 1853 786 1891 latentium
807 1854 990 1901 torvitas,
1023 1858 1130 1892 tanta
1161 1853 1299 1901 capitis
1334 1851 1506 1891 destituti
1538 1858 1576 1890 et

310 1907 567 1946 emendicatis
587 1908 740 1955 capillis
764 1908 948 1956 adspersi
968 1909 1207 1947 deformitas.
1234 1907 1346 1945 adice
1366 1907 1573 1946 obsessam

311 1962 408 2000 setis
429 1963 625 2000 cervicem
645 1967 683 2000 et
710 1962 919 2001 exilitatem
950 1974 1106 2001 crurum
1138 1967 1176 2000 et
1207 1962 1475 2000 enormitatem
1506 1972 1573 2010 pe-

311 2017 417 2054 dum.
464 2017 688 2055 Inmensum
708 2022 786 2065 est,
815 2018 848 2056 si
875 2018 991 2056 velim
1019 2017 1172 2065 singula
1189 2016 1352 2064 referre,
1378 2027 1450 2064 per
1470 2026 1572 2065 quae
1590 2046 1599 2049 ⁸

310 2071 351 2108 in
373 2076 556 2119 parentes
577 2082 757 2121 avosque
777 2083 874 2111 suos
903 2071 1209 2111 contumeliosus
1238 2071 1326 2118 suit,
1364 2081 1435 2119 per
1469 2080 1571 2119 quae

311 2125 349 2163 in
370 2126 579 2164 universos
601 2127 782 2166 ordines:
817 2138 865 2166 ea
890 2129 1073 2172 reseram,
1108 2136 1210 2174 quae
1236 2126 1344 2164 illum
1364 2126 1482 2164 exitio
1503 2126 1571 2163 de·

274 2180 463 2219 2derunt.
509 2180 725 2220 Asiaticum
747 2182 948 2220 Valerium
983 2182 1022 2219 in
1053 2179 1188 2228 primis
1223 2179 1358 2218 amicis
1390 2179 1570 2227 habebat,

310 2236 484 2274 ferocem
505 2235 627 2273 virum
656 2241 692 2274 et
719 2237 786 2274 vix
818 2247 946 2286 aequo
975 2234 1102 2273 animo
1132 2235 1280 2272 alienas
1314 2234 1570 2273 contumelias

310 2290 488 2329 laturum.
534 2290 626 2328 huic
647 2291 684 2328 in
706 2291 908 2339 convivio,
936 2291 1024 2328 item
1044 2291 1080 2328 in
1103 2290 1294 2328 concione
1318 2299 1414 2328 voce
1438 2289 1570 2327 claris·
