1592 2580
672 308 717 360 1„
748 304 927 361 ANNAEI
961 305 1180 361 SENECAE

735 406 803 439 An
841 404 1119 439 LUCILIUM

298 482 869 549 NATURALHJM
925 481 1550 551 auAnsrmNUM

788 594 963 636 LIBER
995 594 1059 635 VI.

264 803 281 835 1
377 793 406 830 Ι.
441 792 669 840 Pompeios,
700 791 895 830 celebrem
923 790 1158 839 Campaniae
1185 791 1342 840 urbem,
1370 789 1410 830 in
1433 803 1549 840 quam

300 847 348 885 ab
366 849 486 885 altera
502 852 611 895 parte
628 846 897 885 Surrentinum
914 845 1222 894 Stabianumque
1235 846 1345 893 litus,
1367 847 1415 885 ab
1430 848 1551 886 altera

299 902 592 940 Herculanense
626 900 863 939 conveniunt
892 905 930 939 et
960 910 1068 938 mare
1100 910 1150 938 ex
1181 905 1318 949 aperto
1347 902 1551 939 reductum

301 966 465 995 amoeno
494 955 583 994 sinu
611 957 795 1003 cingunt,
836 955 1069 994 consedisse
1100 960 1229 993 terrae
1260 959 1368 994 motu
1398 956 1550 994 vexatis

301 1021 572 1060 quaecumque
593 1010 825 1048 adiacebant
843 1009 1089 1058 regionibus,
1116 1009 1239 1047 Lucili
1261 1010 1431 1049 virorum
1451 1010 1549 1058 opti-

298 1075 379 1113 me,
409 1065 649 1112 audivimus,
680 1069 719 1103 et
738 1065 895 1113 quidem
915 1063 1087 1102 hibernis
1107 1063 1266 1111 diebus,
1287 1075 1389 1112 quos
1408 1074 1551 1102 vacare

264 1124 284 1156 2
299 1131 322 1157 a
341 1119 406 1157 tali
427 1120 601 1168 periculo
621 1120 790 1157 maiores
810 1119 932 1158 nostri
952 1119 1132 1156 solebant
1151 1118 1386 1166 promittere.
1427 1119 1550 1157 Nonis

298 1173 518 1212 Februariis
546 1174 609 1211 hic
628 1175 847 1212 fuitmotus
866 1174 1018 1220 Regulo
1040 1178 1077 1211 et
1095 1172 1282 1220 Verginio
1303 1173 1549 1219 Consulibus,

299 1229 366 1277 qui
382 1228 629 1276 Campaniam
644 1239 857 1275 numquam
872 1237 1050 1266 securam
1066 1227 1181 1265 huius
1197 1227 1305 1273 mali,
1328 1228 1550 1265 indemnem

298 1288 425 1321 tamen
446 1287 483 1321 et
501 1281 643 1321 totiens
665 1282 886 1320 defunctam
906 1286 1030 1328 metu,
1057 1291 1199 1328 magna
1217 1286 1347 1329 strage
1363 1282 1548 1320 vastavit:

299 1348 388 1375 nam
416 1342 454 1375 et
481 1336 785 1375 Herculanensis
818 1336 954 1384 oppidi
988 1346 1081 1384 pars
1112 1336 1189 1374 ruit
1220 1336 1416 1385 dubieque
1449 1340 1551 1374 stant

299 1393 412 1430 etiam
434 1402 536 1440 quae
555 1390 692 1429 relicta
711 1395 818 1438 sunt,
846 1395 885 1429 et
908 1390 1192 1429 Nucerinorum
1219 1391 1373 1428 colonia
1399 1395 1442 1428 ut
1463 1390 1549 1428 sine

298 1447 428 1492 clade,
456 1447 508 1485 ita
532 1456 611 1483 non
633 1446 719 1483 sine
741 1446 900 1494 querela
919 1449 989 1483 est.
1034 1445 1218 1492 Neapolis
1240 1445 1396 1493 quidem
1421 1444 1547 1493 priva—

298 1502 364 1539 tim
389 1502 525 1547 multa,
555 1500 710 1548 publice
741 1499 836 1538 nihil
863 1499 990 1538 amisit
1015 1499 1151 1537 leniter
1174 1499 1318 1547 ingenti
1339 1501 1440 1537 malo
1460 1510 1549 1547 per-

298 1555 443 1593 stricta.
485 1555 599 1593 villae
624 1565 719 1592 vero
755 1559 989 1603 praeruptae
1021 1553 1171 1602 passim
1197 1554 1282 1592 sine
1309 1554 1448 1593 iniuria
1473 1558 1548 1592 tre-

260 1616 281 1649 3
298 1620 441 1648 muere.
485 1608 720 1648 Adiciuntur
746 1609 808 1648 his
835 1609 919 1647 illa:
949 1613 1222 1647 sexcentarum
1241 1607 1371 1647 ovium
1391 1618 1549 1656 gregem

291 1665 559 1703 ‘exanimatum
586 1668 624 1702 et
651 1663 799 1703 divisas
831 1667 998 1709 statuas,
1033 1667 1162 1702 motae
1188 1668 1280 1711 post
1307 1663 1383 1701 hoc
1409 1662 1548 1701 mentis

298 1719 453 1767 aliquos
478 1724 596 1767 atque
623 1719 845 1767 inpotentes
873 1717 935 1756 sui
963 1727 1130 1756 errasse.
1161 1728 1327 1765 quorum
1346 1723 1388 1756 ut
1407 1723 1548 1755 causas

298 1774 561 1818 excutiamus,
598 1777 637 1810 et
663 1773 855 1821 propositi
884 1773 1016 1820 operis
1039 1777 1245 1811 contextus
1265 1771 1385 1820 exigit
1405 1771 1548 1819 etipse

260 1828 335 1867 4in
366 1828 444 1867 hoc
474 1832 630 1876 tempus
665 1838 888 1875 congruens
921 1837 1053 1865 casus.
1109 1826 1399 1874 Quaerenda
1435 1830 1548 1864 sunt

297 1882 516 1930 trepidis
557 1882 743 1920 solatia
781 1886 827 1920 et
868 1881 1137 1920 demendus
1177 1881 1350 1929 ingens
1390 1881 1546 1918 timor.

298 1937 392 1985 qnid
412 1937 514 1975 enim
534 1937 716 1984 cuiquam
738 1936 833 1974 satis
855 1939 975 1974 tutum
996 1936 1120 1974 videri
1147 1941 1296 1983 potest,
1326 1935 1359 1973 si
1378 1934 1546 1972 mundus

296 1992 385 2040 ipse
401 1991 619 2030 concutitur
635 1995 671 2029 et
687 1996 817 2039 partes
833 1990 916 2028 eius
934 1990 1195 2029 solidissimae
1210 1990 1367 2028 labant?
1394 1989 1427 2026 si
1440 1990 1548 2036 quod

296 2057 417 2084 unum
444 2046 628 2083 inmobile
657 2050 718 2083 est
744 2044 783 2082 in
810 2044 876 2083 illo
900 2044 1117 2092 fixumque,
1147 2049 1189 2083 ut
1208 2048 1346 2082 cuncta
1366 2043 1403 2080 in
1425 2054 1469 2081 se
1489 2043 1545 2080 in-

296 2106 402 2138 tenta
430 2099 638 2147 sustineat,
669 2099 848 2145 fluctuat,
875 2099 908 2136 si
930 2099 1039 2147 quod
1066 2099 1265 2146 proprium
1292 2097 1408 2136 habet
1431 2102 1547 2143 terra,

297 2154 486 2202 perdidit,
514 2159 635 2192 stare:
663 2153 731 2192 ubi
751 2153 905 2191 tandem
927 2153 1104 2192 resident
1121 2158 1245 2190 metus
1264 2151 1414 2189 nostri?
1439 2152 1547 2199 quod

299 2219 468 2257 corpora
492 2209 782 2256 receptaculum
810 2208 1038 2246 invenient?
1077 2217 1154 2254 quo
1183 2206 1384 2244 titubantia
1411 2206 1545 2244 confu-

261 2268 282 2301 5
299 2263 420 2312 gient,
441 2262 475 2302 si
495 2263 543 2301 ab
563 2263 640 2302 imo
661 2268 786 2301 metus
801 2262 974 2302 nascitur
988 2267 1025 2301 et
1040 2261 1211 2300 funditus
1228 2261 1418 2300 trahitur?
1446 2260 1544 2298 Con-
