1592 2580
282 163 360 203 120
652 162 694 200 L.
719 161 908 200 ANNAEI
935 160 1157 206 SENECAE

283 261 517 300 confusione
553 271 684 300 rerum
717 261 848 299 sidera
882 260 1077 299 sideribus
1116 260 1315 299 incurrant
1346 266 1384 300 et
1420 266 1535 309 rupta

281 327 412 354 rerum
433 316 645 354 concordia
665 316 702 353 in
722 316 875 354 ruinam
895 315 1028 354 divina
1047 315 1226 354 labantur
1245 320 1534 364 contextusque

280 370 501 409 velocitatis
532 370 783 409 citatissimae
810 370 848 407 in
875 375 931 409 tot
958 371 1092 408 secula
1119 370 1337 418 promissas
1364 371 1472 408 vices
1494 370 1535 407 in

281 426 410 463 medlo
431 425 567 464 itinere
582 425 767 464 destituat
780 429 818 463 et
834 435 936 472 quae
951 435 1054 463 nunc
1070 429 1162 462 eunt
1177 425 1335 463 alternis
1351 425 1533 463 redeunt-

282 490 360 527 que
381 480 615 527 opportunis
634 480 874 518 libramentis
893 479 1078 518 mundum
1098 488 1147 516 ex
1167 489 1295 526 aequo
1315 484 1533 526 temperan-

280 534 352 581 tia,
381 535 585 582 repentino
602 540 900 573 concrementur
914 533 1095 573 incendio
1113 538 1150 571 et
1163 545 1214 571 ex
1229 538 1334 572 tanta
1351 533 1535 571 varietate

282 591 486 628 solvantur
505 594 623 636 atque
642 593 734 627 eant
750 589 789 627 in
807 599 928 627 unum
947 588 1087 626 omnia.
1123 587 1226 635 ignis
1247 593 1386 627 cuncta
1404 586 1533 635 possi-

282 644 392 689 deat,
416 653 532 691 quem
552 644 696 681 deinde
717 644 829 691 pigra
843 653 923 681 nox
939 648 1105 690 occupet
1120 647 1158 681 et
1174 642 1370 690 profunda
1383 652 1534 689 vorago

281 703 338 736 tot
364 698 463 736 deos
494 698 670 736 sorbeat:
707 702 768 744 est
793 698 906 744 tanti,
934 701 977 735 ut
1003 702 1044 735 tu
1072 697 1318 744 coarguaris,
1346 695 1422 735 ista
1442 705 1534 734 con-

283 753 442 790 cidere?
482 752 653 791 Prosunt
668 752 736 791 tibi
755 754 868 791 etiam
889 752 1009 790 invito
1030 755 1201 799 euntque
1221 750 1297 788 ista
1316 755 1382 789 tua
1402 760 1534 797 causa,

282 807 435 845 etiamsi
453 807 578 846 maior
596 807 670 845 illis
691 807 766 845 alia
784 817 830 845 ac
850 805 958 854 prior
979 816 1101 844 causa
1119 810 1191 844 est.

248 875 265 907 1
361 861 495 900 XXIII.
534 861 660 900 Adice
687 872 809 909 nunc,
841 861 948 908 quod
972 871 1049 899 non
1079 865 1239 898 externa
1259 863 1404 907 cogunt
1424 859 1533 905 deos,

283 916 352 954 sed
382 927 454 954 sua
487 916 562 954 illis
591 915 628 954 in
656 916 781 964 legem
809 921 967 954 aeterna
991 916 1174 953 voluntas
1206 919 1278 952 est.
1321 918 1537 952 statuerunt

283 981 384 1018 quae
404 982 483 1009 non
503 975 714 1009 mutarent:
743 970 874 1018 itaque
892 980 970 1008 non
990 974 1158 1017 possunt
1172 968 1296 1006 videri
1316 967 1452 1006 facturi
1468 967 1534 1005 ali-

283 1026 396 1073 quid,
419 1028 598 1074 quamvis
627 1026 768 1071 nolint,
799 1024 890 1073 quia
918 1023 1106 1073 quicquid
1135 1023 1317 1061 desinere
1345 1033 1422 1061 non
1442 1033 1535 1070 pos-

282 1085 390 1126 sunt,
419 1090 677 1128 perseverare
697 1080 922 1126 voluerunt,
951 1089 1023 1116 nec
1042 1088 1228 1126 umquam
1250 1076 1362 1125 primi
1383 1076 1536 1115 consilii

245 1144 266 1177 2
282 1136 380 1173 deos
402 1135 586 1182 poenitet.
616 1133 709 1172 Sine
729 1133 848 1171 dubio
870 1137 974 1170 stare
992 1133 1066 1171 illis
1088 1138 1126 1171 et
1145 1132 1369 1170 desciscere
1388 1132 1427 1169 in
1443 1142 1534 1170 con—

282 1189 443 1226 trarIum
470 1200 548 1227 non
577 1188 686 1236 licet,
716 1188 788 1226 sed
807 1198 886 1226 non
906 1187 956 1226 ob
976 1187 1100 1232 aliud,
1132 1197 1249 1234 quam
1270 1186 1362 1233 quia
1382 1186 1442 1223 vis
1463 1196 1537 1223 sua

281 1244 370 1282 illos
397 1244 434 1280 in
457 1244 660 1291 proposito
680 1247 797 1282 tenet.
825 1252 899 1280 nec
921 1241 1170 1279 inbecillitate
1190 1245 1434 1288 permanent,
1464 1240 1536 1278 sed

283 1299 374 1346 quia
391 1309 470 1336 non
490 1298 582 1335 libet
601 1297 649 1334 ab
671 1295 827 1345 optimis
848 1296 1030 1334 aberrare
1049 1299 1088 1334 et
1103 1296 1160 1333 sic
1178 1295 1233 1332 ire
1249 1294 1446 1332 decretum
1463 1299 1535 1332 est.

244 1362 267 1396 3
284 1354 325 1390 ln
347 1353 470 1400 prima
489 1357 617 1390 autem
635 1352 700 1389 illa
721 1351 1018 1396 constitutione,
1046 1361 1134 1388 cum
1148 1349 1334 1388 universa
1350 1349 1536 1396 dispone-

282 1412 386 1454 rent,
414 1407 530 1445 etiam
555 1410 692 1444 nostra
709 1405 892 1443 viderunt
908 1405 1179 1451 rationemque
1197 1402 1367 1442 hominis
1390 1402 1535 1440 habue-

281 1467 383 1499 runt.
411 1462 545 1508 itaque
563 1471 642 1498 non
665 1465 836 1508 possunt
852 1459 979 1497 videri
999 1469 1071 1497 sua
1090 1461 1238 1496 tantum
1258 1467 1379 1495 causa
1398 1457 1535 1495 decur-

281 1527 369 1554 rere
396 1522 433 1555 et
458 1515 656 1564 explicare
677 1525 778 1563 opus
800 1525 932 1561 suum,
962 1514 1055 1561 quia
1073 1523 1166 1561 pars
1190 1512 1321 1560 operis
1342 1522 1479 1549 sumus
1500 1515 1538 1548 et

283 1582 377 1609 nos:
407 1570 597 1608 debemus
618 1580 711 1617 ergo
732 1574 769 1607 et
789 1569 865 1607 soli
883 1572 922 1606 et
945 1569 1062 1606 lunae
1081 1572 1119 1606 et
1137 1567 1277 1605 ceteris
1299 1565 1536 1604 coelestibus

281 1625 535 1671 beneficium,
567 1623 678 1672 quia,
707 1623 859 1661 etiamsi
878 1622 1031 1670 potiora
1052 1622 1127 1660 illis
1149 1625 1257 1667 sunt,
1289 1621 1326 1658 in
1345 1630 1445 1668 quae
1461 1619 1536 1657 ori-

246 1686 269 1719 4
283 1685 410 1728 untur,
436 1690 514 1721 ,nos
535 1685 665 1718 tamen
688 1679 726 1715 ln
746 1678 895 1716 maiora
914 1677 1002 1715 ituri
1021 1676 1166 1715 iuvant.
1211 1675 1337 1713 Adice
1358 1674 1464 1722 quod
1487 1684 1537 1712 ex

284 1735 478 1773 destinato
505 1735 657 1779 iuvant,
694 1733 865 1779 ideoque
895 1731 1054 1779 obligati
1083 1740 1240 1776 sumus,
1275 1729 1366 1777 quia
1393 1739 1471 1766 non
1496 1729 1535 1766 in

283 1790 517 1827 beneficium
538 1787 799 1836 ignorantium
819 1785 1048 1831 incidimus,
1076 1786 1148 1823 sed
1167 1785 1282 1830 haec,
1313 1793 1415 1830 quae
1434 1782 1535 1820 acci-

283 1845 432 1892 pimus,
469 1847 704 1890 accepturos
732 1842 915 1879 scierunt.
962 1845 1001 1879 et
1033 1849 1271 1887 quamquam
1302 1838 1428 1875 maius
1459 1837 1534 1874 illis

284 1897 530 1948 propositum
559 1897 609 1935 sit
635 1896 839 1943 maiorque
859 1899 970 1933 aetus
990 1895 1051 1932 sui
1071 1895 1219 1932 fructus
1241 1902 1355 1939 quam
1376 1901 1535 1928 servare

283 1954 480 2000 mortalia,
508 1958 636 1992 tamen
665 1952 703 1988 in
731 1955 889 1989 nostras
911 1959 1071 1997 quoque
1091 1948 1272 1986 utilitates
1295 1956 1318 1983 a
1341 1945 1534 1992 principio

282 2019 413 2047 rerum
440 2007 658 2055 praemissa
684 2016 794 2043 mens
820 2008 881 2042 est
906 2009 944 2042 et
970 2004 1004 2041 is
1033 2003 1128 2041 ordo
1156 2001 1300 2039 mundo
1330 1999 1465 2045 datus,
1493 2004 1536 2037 ut

246 2071 266 2102 5
283 2064 472 2110 adpareat
495 2072 626 2099 curam
651 2060 774 2098 nostri
798 2069 877 2097 non
903 2059 1003 2096 inter
1025 2058 1157 2096 ultima
1180 2055 1362 2092 habitam.
1407 2053 1534 2092 Debe-

285 2128 371 2155 mus
399 2116 625 2165 parentibus
655 2114 799 2152 nostris
829 2113 1023 2161 pietatem.
1059 2116 1097 2149 et
1115 2109 1220 2148 multi
1240 2119 1318 2146 non
1338 2112 1380 2146 ut
1400 2108 1533 2155 gigne-

284 2176 371 2210 rent
390 2172 582 2210 coierant:
613 2170 652 2207 di
673 2180 752 2208 non
772 2172 941 2216 possunt
957 2165 1080 2204 videri
1099 2164 1296 2210 nescisse,
1327 2163 1420 2210 quid
1440 2161 1533 2200 effe-

286 2226 384 2263 cturi
411 2229 563 2271 essent,
598 2234 685 2262 cum
713 2222 892 2261 omnibus
920 2221 1100 2259 alimenta
1125 2218 1303 2266 protinus
1327 2222 1364 2255 et
1390 2215 1534 2254 auinIa

285 2279 539 2328 providerim.
577 2288 651 2316 nec
678 2288 748 2316 eos
775 2287 846 2325 per
865 2273 1148 2323 neglegentiam
1168 2282 1359 2321 genuere,
1390 2270 1532 2319 quibus
