1624 2626
140 150 209 190 AD
227 148 487 190 POLYBIUM
506 148 573 190 DE
594 148 990 190 CONSOLATIONE.
1011 155 1046 191 5.
1061 155 1096 191 6.
1115 150 1205 202 [26.]
1246 147 1329 192 223

48 253 282 293 Circumstat
306 257 347 292 te
373 251 505 292 omnis
531 252 610 291 ista
637 251 932 292 consolantium
965 250 1191 301 frequentIa
1220 257 1260 291 et
1287 251 1328 291 in

45 309 218 349 animum
245 313 357 348 tuum
378 308 542 357 inquirit
559 317 608 346 ac
626 306 843 356 perspicit,
873 312 1065 356 quantum
1082 307 1242 346 roboriS
1263 308 1330 347 ille

45 365 246 404 adversus
266 364 446 403 dolorem
466 363 612 402 habeat
632 367 672 402 et
690 369 873 402 utrumne
890 368 934 402 tu
954 367 1104 402 tantum
1123 363 1247 402 rebus
1264 374 1329 402 se-

46 421 188 460 cundis
216 419 273 459 uti
304 420 470 459 dextere
488 418 625 467 ‘sciaS,
653 429 705 457 an
732 424 772 458 et
789 419 984 458 adversas
1005 419 1144 468 possis
1164 418 1330 459 viriliter

45 477 170 515 ferre:
205 476 471 515 observantur
502 475 609 514 oculi
642 474 712 513 tui.
751 474 957 516 Liberiora
985 475 1119 514 omnia
1146 479 1240 513 sunt
1264 474 1365 523 iis,2

47 542 218 581 quorum
236 531 419 570 adtectus
442 531 522 580 tegi
539 535 730 580 possunt:
751 530 822 570 tibi
841 531 990 570 nullum
1010 536 1209 570 secretum
1229 530 1326 569 libe-

42 598 131 626 rum
159 591 233 626 est.
274 586 314 625 in
345 588 468 626 multa
487 588 577 626 luce
597 588 813 631 fortunate
834 586 980 636 posuit.
1023 597 1163 625 omnes
1186 586 1327 634 scient,

45 643 250 692 quomodo
270 646 310 682 te
329 642 368 681 in
387 643 464 682 isto
484 647 552 681 tuo
573 643 753 691 gesseris
775 643 962 690 volnere,
990 647 1174 681 utrumne
1195 642 1327 681 statim

43 708 265 747 percussus
287 709 397 738 arma
419 698 655 738 submiseris
674 708 725 737 an
747 697 787 736 in
808 698 937 746 gradu
957 698 1128 737 steteris.
1168 696 1268 737 Olim
1288 702 1328 736 te

44 754 83 792 in
104 754 283 794 altiorem
303 754 481 794 ordinem
503 758 542 793 et
563 764 676 793 amor
691 754 875 793 Caesaris
896 754 1036 793 extulit
1054 759 1094 792 et
1112 758 1181 792 tua
1195 753 1329 792 studia

44 810 311 849 deduxerunt.
350 809 446 848 nihil
466 815 504 849 te
525 810 725 859 plebeium
746 810 882 858 decet,
903 809 1000 848 nihil
1020 809 1182 848 humile.
1230 810 1328 858 quid

44 870 176 904 autem
202 870 282 904 tam
308 865 455 904 humile
484 875 531 904 ac
557 865 752 904 muliebre
772 870 836 904 est
862 876 980 915 quam
1010 865 1327 905 consumendum

45 931 91 959 se
118 922 248 961 dolori
276 921 549 960 committere?
588 921 675 961 Non
698 921 805 960 idem
823 920 902 964 tibi*
918 920 960 960 in
982 923 1091 960 luctu
1111 921 1196 971 pari
1217 921 1327 970 quod
1343 928 1366 963 3

44 977 124 1015 tuis
145 977 334 1016 fratribus
354 977 459 1016 licet.
489 976 612 1016 multa
630 977 700 1016 tibi
724 988 804 1017 non
820 977 1009 1026 permittit
1025 978 1160 1026 opinio
1178 977 1229 1015 de
1245 983 1327 1016 stu-

45 1032 122 1071 diis
149 1043 197 1072 ac
224 1032 403 1072 moribus
426 1033 504 1071 tuis
532 1039 708 1081 recepta.
750 1033 915 1071 multum
936 1044 960 1071 a
980 1038 1018 1072 te
1038 1033 1222 1072 homines
1244 1034 1328 1072 exi-

45 1094 162 1137 gunt,
188 1089 353 1127 multum
380 1093 630 1137 exspectant.
674 1087 717 1127 Si
744 1088 912 1128 volebas
941 1089 1011 1128 tibi
1039 1089 1174 1128 omnia
1194 1089 1329 1136 licere,

45 1154 96 1183 ne
116 1143 388 1184 convertisses
408 1144 448 1183 in
469 1148 508 1183 te
531 1155 603 1184 ora
622 1144 814 1183 omnium:
844 1155 951 1183 nunc
971 1149 1103 1184 autem
1121 1144 1191 1183 tibi
1212 1154 1327 1193 prae-

45 1200 233 1239 standum
251 1205 324 1248 est,
346 1205 535 1248 quantum
558 1200 776 1249 promisisti
797 1201 982 1239 omnibus
1002 1200 1091 1248 illis,
1114 1201 1183 1250 qui
1204 1211 1329 1250 opera

44 1256 192 1305 ingenii
210 1256 265 1296 tui
285 1256 467 1305 laudant,
497 1256 564 1305 qui
585 1256 835 1303 describunt,
863 1257 1028 1306 quitum,
1059 1267 1149 1295 cum
1169 1258 1331 1295 fortuna

44 1317 113 1351 tua
141 1321 245 1361 opus
276 1323 357 1352 non
382 1312 454 1360 sit,
488 1312 649 1361 ingenio
679 1322 783 1361 opus
804 1317 878 1351 est.
921 1312 1113 1351 custodes
1133 1312 1253 1351 animi
1271 1312 1328 1351 tui

46 1372 150 1407 sunt.
191 1367 287 1407 nihil
308 1379 500 1417 umquam
517 1368 654 1417 itaque
676 1373 793 1417 potes
812 1367 1020 1417 indignum
1040 1369 1174 1408 facere
1195 1369 1327 1417 perfe-

47 1424 98 1462 cti
116 1428 155 1462 et
174 1424 318 1463 eruditi
338 1424 410 1462 viri
431 1425 699 1473 professione,
719 1429 762 1463 ut
781 1434 861 1462 non
882 1425 1028 1464 multos
1048 1423 1326 1463 admirationis

47 1479 99 1518 de
124 1483 164 1517 te
190 1490 289 1518 suae
309 1479 522 1528 poeniteat.
564 1480 651 1518 Non
672 1480 766 1519 licet
784 1480 853 1519 tibi
874 1480 972 1518 flere
991 1480 1215 1518 inmodice:
1254 1480 1365 1518 nec4

45 1535 125 1573 hoc
144 1536 416 1574 tantummodo
437 1547 517 1575 non
538 1536 639 1584 licet,
657 1547 707 1574 ne
727 1547 911 1575 somnum
929 1535 1093 1585 quidem
1109 1535 1328 1574 extendere

47 1590 88 1629 in
116 1596 271 1639 partem
297 1590 376 1629 diei
402 1591 496 1630 licet
523 1597 590 1631 aut
616 1602 641 1630 a
666 1592 834 1632 tumultu
862 1602 996 1630 rerum
1017 1591 1057 1629 in
1080 1591 1203 1630 otium
1221 1591 1327 1630 ruris

49 1646 171 1695 quieti
199 1646 416 1694 confugere
435 1652 503 1686 aut
521 1646 694 1686 adsidua
712 1646 906 1687 laboriosi
929 1647 1050 1686 officii
1073 1648 1245 1686 statione
1269 1648 1326 1686 sa-

46 1703 210 1751 tigatum
244 1712 393 1751 corpus
424 1702 651 1751 voluptaria
688 1702 1009 1752 peregrinatione
1040 1713 1227 1742 recreare
1261 1707 1328 1741 aut

48 1758 373 1807 spectaculorum
390 1758 580 1797 varietate
603 1759 775 1797 animum
796 1759 974 1798 detinere
993 1764 1062 1798 aut
1079 1764 1146 1798 tuo
1163 1758 1326 1797 arbitrio

48 1814 155 1852 diem
182 1814 413 1862 disponere.
458 1817 546 1861 [26]
575 1813 699 1853 Multa
718 1814 788 1853 tibi
804 1826 884 1854 non
902 1814 1042 1863 licent,
1064 1825 1168 1863 quae
1187 1813 1326 1853 humil-

47 1869 152 1908 limis
181 1874 220 1908 et
244 1870 285 1908 in
314 1870 462 1918 angulo
490 1869 714 1909 iacentibus
734 1870 866 1909 licent.
906 1869 1055 1918 Magna
1073 1870 1247 1909 servitus
1268 1870 1364 1909 est5

51 1935 196 1973 magna
211 1925 381 1964 fortuna.
403 1936 482 1964 non
499 1925 591 1964 licet
602 1925 674 1976 tibi
690 1926 906 1975 quicquam
916 1925 1079 1964 arbitrio
1091 1932 1159 1964 tuo
1174 1927 1327 1964 facere:

49 1980 250 2020 audienda
279 1986 374 2020 sunt
392 1986 449 2020 tot
470 1980 675 2019 hominum
692 1982 819 2029 milia,
846 1986 904 2021 tot
924 1981 1167 2030 disponendi
1194 1981 1327 2020 libelli.

49 2041 183 2076 tantus
209 2047 344 2076 rerum
371 2048 422 2077 ex
451 2037 550 2076 orbe
577 2041 660 2076 toto
681 2037 909 2076 coeuntium
929 2042 1148 2085 congestus
1168 2042 1211 2076 ut
1231 2048 1326 2086 pos-

49 2092 102 2131 sit
120 2102 194 2141 per
213 2092 396 2132 ordinem
417 2103 533 2132 suum
555 2092 748 2141 principis
768 2091 932 2131 maximi
947 2093 1078 2132 animo
1094 2092 1234 2140 subici,
1252 2093 1326 2131 eri-

49 2147 206 2196 gendus
222 2153 309 2188 tuus
328 2154 402 2188 est.
438 2149 526 2188 Non
547 2149 639 2187 licet
657 2147 747 2194 tibi,
764 2148 940 2197 inquam,
962 2147 1080 2196 llere,
1108 2153 1151 2188 ut
1179 2150 1326 2188 multos

50 2202 196 2243 flentes
226 2204 366 2243 audire
387 2204 538 2254 possis.
582 2209 626 2243 ut
645 2202 950 2252 periclitantium
971 2208 1012 2242 et
1029 2204 1081 2242 ad
1100 2204 1324 2253 misericor-

51 2258 157 2298 diam
191 2259 389 2299 mitissimi
413 2260 598 2300 Caesaris
627 2259 840 2308 pervenire
870 2259 1114 2308 cupientium
1138 2261 1327 2300 lacrimae

53 2316 211 2360 [siccari
226 2316 411 2367 possintj,
440 2315 510 2357 tibi
529 2321 622 2356 tuae
641 2319 758 2364 [ante]
779 2315 1117 2359 siccandaesunt.
