1624 2626
319 145 401 186 222
549 146 593 184 L.
622 145 811 184 ANNAEI
839 145 1064 185 SENECAE
1090 147 1222 187 DIAL.
1249 147 1315 186 XI.

321 247 509 285 audacter
535 245 713 284 dixerim.
758 244 853 294 quid
880 250 1003 293 ergo?
1037 256 1153 294 quem
1180 256 1294 285 nemo
1322 246 1574 285 adversus-te
1620 252 1624 292 ἦ

322 302 490 339 animum
513 300 631 348 gerit,
660 310 749 338 eum
769 310 860 338 esse
878 305 921 338 tu
941 300 1069 338 credis
1090 300 1218 339 fratris
1239 301 1313 347 tui,
1341 306 1383 339 ut
1403 300 1576 340 cruciatu

319 356 376 393 tui
410 359 554 393 noceat
584 354 671 401 tibi,
703 359 746 392 ut
771 360 809 392 te
835 354 930 392 velit
955 354 1152 392 abducere
1181 355 1229 392 ab
1249 356 1574 402 occupationibus

319 409 410 456 tuis,
430 409 471 446 id
490 414 552 446 est
570 419 594 446 a
612 409 743 447 studio
764 413 802 446 et
821 419 844 445 a
861 407 1056 446 Caesare?
1074 420 1152 447 non
1175 414 1235 447 est
1248 409 1324 448 hoc
1340 409 1466 447 simile
1479 409 1577 447 veri.
1622 455 1624 458 Ι

319 462 385 501 ille
414 462 515 500 enim
537 461 817 510 indulgentiam
836 462 904 500 tibi
924 466 1122 510 tamquam
1142 463 1250 501 fratri
1273 462 1482 511 praestitit,
1509 473 1578 501 ve—
1621 459 1624 476 ³

320 517 562 555 iterationem
586 522 783 564 tamquam
804 518 970 564 parenti,
991 518 1134 555 cultum
1155 523 1354 565 tamquam
1370 517 1578 565 superiori.

319 572 385 609 ille
405 569 604 609 desiderio
628 571 694 609 tibi
716 581 808 608 esse
827 571 920 617 vult,
940 575 1130 609 tormento
1152 582 1243 609 esse
1262 582 1339 610 non
1357 573 1450 609 vult.
1479 571 1579 618 Quid

319 627 454 673 itaque
481 625 590 662 iuvat
617 625 743 663 dolori
774 624 1037 671 intabescere,
1072 637 1208 673 quem,
1242 619 1386 673 si'qu'is
1407 624 1579 663 defuncti

282 685 305 718 3
323 690 468 717 sensus
490 684 569 726 est,
590 679 692 716 finiri
713 680 832 716 frater
850 683 940 716 tuus
962 679 1095 727 cupit?
1126 681 1184 718 De
1203 679 1280 718 alio
1300 680 1436 726 fratre,
1467 680 1578 718 cuius

320 734 470 771 incerta
490 737 628 780 posset
643 734 825 771 voluntas
841 732 978 778 videri,
998 734 1127 771 omnia
1141 734 1239 771 haec
1257 733 1374 771 dubie
1392 743 1579 781 ponerem

320 793 360 826 et
380 788 572 825 dicerem:
593 787 712 833 „sive
730 792 768 825 te
788 785 971 835 torqueri·
983 787 1152 826 lacrimis
1169 799 1382 834 numquam
1396 788 1578 826 desinen—

319 841 425 879 tibus
459 842 578 879 frater
610 846 700 879 tuus
736 842 861 889 cupit,
899 841 1082 889 indignus
1114 842 1192 880 hoc
1223 842 1381 880 adfectu
1406 847 1474 880 tuo
1504 846 1577 880 est.

320 896 407 934 sive
441 906 520 933 non
557 896 656 943 vult,
694 896 851 943 utrique
890 901 1064 934 vestrum
1098 897 1364 935 inhaerentem
1397 896 1574 935 dolorem

321 949 490 988 dimitte:
513 959 587 987 nec
606 949 737 997 inpius
754 950 872 988 frater
887 949 945 988 sic
961 950 1178 988 desiderari
1194 951 1311 990 debet
1326 961 1399 989 nec
1415 951 1504 998 pius
1521 950 1579 988 sic

320 1005 455 1042 velit.“
483 1003 521 1040 in
541 1003 617 1042 hoc
638 1014 746 1049 vem,
768 1005 879 1041 cuius
899 1008 978 1041 tam
999 1006 1204 1052 explorata
1225 1006 1362 1053 pietas,
1384 1016 1453 1053 pro
1471 1009 1577 1043 certo

320 1057 547 1095 habendum
571 1062 632 1095 est
651 1058 745 1095 nihil
765 1068 857 1095 esse
875 1058 928 1095 illi
950 1069 1072 1105 posse
1092 1059 1272 1097 acerbius
1295 1070 1411 1107 quam
1431 1059 1523 1108 [hic]
1544 1059 1579 1096 si

320 1111 390 1149 tibi
415 1122 533 1149 casus
561 1112 646 1150 eius
675 1112 844 1149 acerbus
872 1116 951 1158 est,
980 1112 1013 1150 si
1041 1117 1078 1150 te
1099 1115 1175 1151 ullo
1200 1114 1318 1152 modo
1339 1118 1514 1162 torquet,
1544 1113 1578 1150 si

322 1167 461 1204 oculos
480 1170 582 1213 tuos,
603 1165 900 1213 indignissimos
921 1166 999 1204 hoc
1020 1168 1135 1215 malo,
1156 1167 1242 1205 sine
1261 1168 1341 1206 ullo
1359 1167 1481 1206 flendi
1499 1168 1578 1205 fine

322 1225 360 1258 et
379 1220 585 1258 conturbat
602 1220 706 1257 idem
725 1224 763 1258 et
781 1219 971 1258 exhaurit.

279 1276 302 1309 4
400 1274 638 1312 Pietatem
667 1274 1578 1323 tamentuamnihilaequealacrimis

321 1334 413 1367 tam
440 1328 709 1366 inutilibus
742 1329 976 1374 abducet,
1013 1340 1152 1377 quam
1186 1330 1227 1367 si
1263 1330 1578 1378 cogitaveris

322 1382 569 1420 frutribus
596 1387 641 1420 te
662 1383 760 1421 tuis
782 1384 1010 1431 exemplo
1031 1394 1148 1421 esse
1167 1384 1352 1422 debere
1372 1384 1579 1422 fortiter

320 1437 446 1475 lianc
465 1437 702 1475 fortunae
722 1437 790 1474 ini
806 1438 958 1475 uriam
980 1438 1284 1476 sustinendi.
1322 1439 1436 1486 Quod
1455 1439 1578 1476 duces

320 1491 453 1538 magni
483 1491 631 1530 faciunt
655 1492 775 1530 rebus
795 1492 978 1539 adfectis,
1006 1496 1049 1530 ut
1067 1492 1299 1531 hilaritatem
1320 1494 1369 1531 de
1388 1493 1579 1531 industria

322 1546 506 1583 simulent
532 1550 570 1583 et
596 1546 786 1584 adversas
813 1556 878 1583 res
905 1546 1136 1584 adumbrata
1155 1547 1299 1585 laetitia
1320 1547 1576 1593 abscondant,

322 1611 371 1638 ne
400 1600 561 1637 militum
589 1600 724 1644 animi,
754 1600 787 1637 si
814 1601 975 1638 fractam
994 1601 1107 1638 ducis
1127 1601 1189 1640 sui
1209 1606 1375 1640 mentem
1398 1601 1576 1648 viderint,

322 1660 360 1693 et
385 1654 462 1702 ipsi
490 1653 751 1692 collabantur:
784 1655 824 1692 id
847 1665 952 1693 nunc
982 1654 1050 1693 tibi
1081 1666 1240 1704 quoque
1264 1656 1483 1694 faciendum
1503 1660 1575 1693 est.

285 1711 305 1742 5
322 1709 446 1746 Indue
473 1708 703 1746 dissimilem
733 1709 862 1747 animo
883 1714 950 1747 tuo
970 1710 1117 1748 voltum
1139 1715 1195 1758 et,
1223 1710 1256 1748 si
1276 1715 1409 1758 potes,
1440 1710 1577 1758 proice

323 1773 479 1802 omnem
500 1773 551 1800 cx
569 1767 651 1801 toto
672 1763 869 1801 dolorem:
891 1764 923 1801 si
940 1764 1080 1811 minus,
1100 1766 1293 1803 introrsus
1311 1764 1412 1801 abde
1428 1769 1466 1802 et
1481 1774 1574 1802 con·

322 1817 422 1865 tine,
450 1826 500 1854 ne
521 1817 728 1865 adpareat,
749 1822 787 1855 et
807 1819 857 1855 da
876 1829 1057 1866 operam,
1078 1823 1121 1857 ut
1138 1820 1276 1857 fratres
1296 1818 1351 1857 tui
1374 1822 1411 1856 te
1427 1818 1575 1856 imiten-

322 1877 401 1918 tur,
434 1871 502 1919 qui
530 1871 737 1910 honestum
765 1871 972 1920 putabunt,
1009 1873 1287 1921 quodcumque
1315 1877 1352 1910 te
1371 1871 1576 1910 facientem

323 1926 492 1963 viderint
511 1926 761 1974 animumque
782 1937 833 1964 ex
852 1928 961 1966 voltu
982 1931 1048 1966 tuo
1066 1931 1229 1966 sument.
1251 1927 1299 1965 Et
1314 1927 1492 1965 solatium
1509 1926 1574 1964 de-

324 1980 396 2017 bes
417 1990 509 2018 esse
529 1980 681 2018 illorum
700 1985 737 2019 et
757 1983 1000 2020 consolator:
1021 1993 1100 2020 non
1118 1981 1265 2030 poteris
1287 1985 1416 2019 autem
1435 1980 1574 2020 horum

327 2035 498 2072 moerori
518 2034 695 2082 obstare,
720 2036 753 2073 si
773 2035 848 2074 tuo·
859 2036 1082 2074 indulseris.

291 2090 310 2122 1
380 2115 382 2117 >
406 2087 472 2125 Vl.
499 2089 585 2137 [25]
627 2089 800 2128 Potest
833 2091 986 2129 etilla
1016 2100 1096 2128 res
1124 2099 1148 2127 a
1174 2090 1312 2127 luctu
1340 2094 1386 2128 te
1407 2088 1573 2137 prohi—

325 2141 442 2179 bere
460 2143 631 2188 nimio,
654 2143 695 2182 si
712 2144 804 2182 tibi
822 2143 935 2192 ipse
952 2143 1337 2192 renuntiaveris,
1354 2143 1476 2181 nihil
1497 2142 1575 2180 ho-

325 2205 438 2242 rum,
462 2207 586 2244 quae
604 2198 751 2246 facis,
770 2209 925 2246 posse
945 2198 1170 2237 subduci.
1199 2197 1380 2245 Magnam
1398 2196 1465 2236 tibi
1487 2207 1573 2245 per-

330 2260 466 2290 sonam
487 2250 686 2292 hominum
701 2263 921 2295 consensus
939 2252 1129 2302 inposuit:
1148 2252 1245 2291 haec
1261 2252 1329 2291 tibi
1342 2251 1487 2292 tuenda
1501 2256 1572 2290 est⁴
