1598 2606
346 167 411 206 DE
438 164 718 205 BENEFICHS
747 165 842 203 LlB.
857 164 903 202 11.
932 169 1105 204 29—-32,
1312 162 1366 203 33

90 273 222 307 mento
250 278 331 316 quo
360 266 559 314 obligatus
589 275 656 312 es,
687 265 720 303 si
751 265 835 312 vis,
867 273 956 302 cum
979 260 1158 313 quolibet
1177 263 1288 312 paria
1311 263 1365 301 l'e·

91 323 195 371 cisti,
224 323 463 372 quoniam
485 321 566 371 qui
585 321 808 360 libenter
828 320 1138 358 beneficium
1158 319 1365 368 accipit,

88 378 328 418 reddidit.

168 434 305 473 XXXI.
344 434 431 472 Hoc
462 442 512 471 ex
540 432 760 481 paradoxis
781 431 942 471 Stoicae
961 436 1098 470 sectae
1117 430 1278 469 minime
1299 429 1366 468 mi-
1388 437 1404 469 l

89 491 231 538 while,
266 495 309 529 ut
333 500 423 527 meu
450 489 525 527 fert
552 488 706 537 opinio,
737 492 805 527 aut
823 487 1056 526 incredibile
1075 492 1157 534 est,
1188 497 1278 525 eum
1301 487 1368 535 qui

87 546 255 585 libenter
281 545 428 594 accipit
455 544 694 582 beneficium
722 543 963 582 reddidisse.
1010 553 1102 581 nam
1125 553 1213 582 cum
1235 542 1369 580 omnia

87 602 138 641 ad
163 601 337 640 animum
358 601 599 646 referamus,
632 599 725 638 fecit
745 599 919 648 quisque
939 604 1129 648 quantum
1149 598 1288 637 voluit.
1331 603 1370 636 ct

88 668 176 697 cum
205 657 353 706 pietas,
386 656 509 702 fides,
541 655 708 701 iustitia,
742 654 872 693 omnis
905 655 1079 703 denique
1110 654 1235 693 virtus
1267 654 1369 692 intra

88 724 134 752 se
163 713 342 762 perfecta
367 713 437 758 sit,
477 711 631 750 etiamsi
658 710 713 749 illi
741 721 900 750 manum
929 720 1118 749 exserere
1138 721 1218 749 non
1246 710 1367 758 licuit,

87 774 223 818 gratus
260 778 422 817 quoque
458 771 591 815 potest
623 777 717 804 esse
750 766 870 805 homo
903 766 1120 804 voluntate.
1176 766 1406 814 Quotiens2

90 825 199 873 quod
234 823 447 872 proposuit
474 823 646 871 quisque
674 822 954 870 consequitur,
994 821 1101 870 capit
1134 821 1270 870 operis
1305 822 1369 860 sui

89 881 268 919 fmctum.
314 878 383 928 qui
411 878 652 916 beneficium
681 878 767 926 dat,
796 878 891 927 quid
915 877 1132 926 proponit?
1170 878 1369 926 prodesse

87 936 123 974 ei
144 935 208 974 cui
229 936 298 974 dat
315 939 354 973 et
370 933 562 982 voluptati
579 933 655 972 sibi
670 944 777 972 esse.
810 933 844 972 si
861 934 970 982 quod
987 934 1112 972 voluit
1129 933 1261 972 effecit
1279 944 1367 982 per-

88 990 274 1039 venitque
294 991 344 1029 ad
365 999 429 1028 me
450 989 604 1028 animus
625 985 712 1028 eius
732 1000 780 1027 ac
800 994 937 1033 mutuo
958 989 1106 1037 gaudio
1130 988 1286 1037 adfecit,
1308 994 1367 1028 tu—

87 1048 128 1085 lit
145 1048 253 1095 quod
274 1046 397 1095 petiit.
428 1055 508 1083 non
525 1044 629 1083 enim
645 1044 722 1083 sibi
737 1045 908 1083 invicem
924 1044 1074 1093 aliquid
1091 1044 1206 1083 reddi
1220 1044 1367 1083 voluit:
1403 1067 1406 1070 -

88 1107 154 1141 aut
175 1113 253 1142 non
276 1101 347 1140 fuit
365 1101 626 1147 beneficium,
656 1100 730 1138 sed
751 1100 981 1149 negotiatio.
1026 1101 1138 1138 Bene
1153 1100 1367 1149 navigavit,
1383 1105 1406 1138 3

89 1159 156 1207 qui
179 1168 296 1207 quem
318 1156 534 1196 destinavit
553 1160 710 1204 portum
730 1155 867 1194 tenuit.
898 1155 963 1194 teli
985 1156 1114 1194 iactus
1135 1160 1267 1194 certae
1285 1167 1366 1194 ma—

87 1225 161 1252 nus
189 1213 344 1262 peregit
371 1212 566 1259 officium,
595 1211 628 1249 si
651 1211 774 1263 petita
794 1211 1006 1260 percussit.
1036 1211 1278 1250 beneficium
1300 1213 1368 1261 qui

87 1270 171 1318 dat,
201 1270 283 1308 vult
312 1267 443 1316 excipi
464 1273 587 1315 grate.
626 1267 747 1305 habet
765 1267 875 1317 quod
896 1267 1040 1313 voluit,
1070 1268 1104 1306 si
1125 1267 1228 1306 bene
1252 1278 1368 1306 acce-

86 1330 194 1374 ptum
215 1328 287 1363 est.
338 1323 418 1362 Sed
439 1322 617 1372 speravit
633 1323 887 1362 emolumenti
903 1322 1075 1371 aliquid:
1106 1335 1186 1362 non
1202 1324 1275 1362 fuit
1289 1323 1368 1363 hoc

88 1381 342 1428 beneficium,
374 1379 486 1418 cuius
515 1379 720 1427 proprium
749 1384 811 1417 est
838 1378 934 1417 nihil
955 1379 1005 1416 de
1027 1379 1156 1418 reditu
1177 1378 1367 1428 cogitare.

87 1436 201 1483 Quod
219 1434 476 1484 accipiebam,
497 1445 546 1473 eo
563 1435 694 1472 animo
712 1435 863 1483 accepi,
882 1445 960 1482 quo
979 1434 1167 1473 dabatur:
1194 1435 1366 1473 reddidi.
1383 1442 1405 1475 4

88 1491 262 1539 alioquin
284 1491 461 1539 pessima
480 1491 653 1539 optimae
673 1490 730 1528 rei
751 1490 935 1528 condicio
957 1495 1038 1528 est:
1067 1495 1111 1528 ut
1125 1495 1261 1539 gratus
1279 1490 1366 1538 sim,

87 1546 138 1583 ad
159 1547 352 1584 fortunam
371 1546 514 1584 mittor.
545 1546 579 1583 si
600 1546 665 1584 illa
684 1545 805 1584 invita
821 1546 1071 1594 respondere
1087 1557 1167 1584 non
1183 1557 1365 1595 possum,

89 1601 236 1654 sufficit
263 1601 418 1639 animus
449 1599 594 1639 animo.
641 1601 742 1649 Quid
769 1606 894 1650 ergo?
936 1612 1036 1648 non,
1071 1601 1264 1651 quicquid
1296 1611 1401 1650 po-—5

87 1662 218 1703 tuero,
250 1662 290 1695 et
318 1656 456 1694 faciam
480 1662 519 1694 et
546 1657 730 1703 reddam,
761 1662 799 1695 et
817 1662 1039 1705 temporum
1062 1668 1277 1706 rerumque
1298 1668 1363 1696 oc-

87 1712 289 1750 casionem
318 1722 465 1760 sequar
493 1717 532 1750 et
558 1712 711 1760 inplere
739 1712 825 1751 eius
848 1713 983 1751 vsinum
1014 1715 1193 1762 cupiam,
1231 1724 1255 1751 a
1282 1725 1363 1762 quo

86 1767 236 1815 aliquid
266 1767 439 1815 accepi?
480 1766 562 1805 Sed
588 1768 695 1806 malo
724 1768 812 1807 loco
841 1768 1079 1808 beneficium
1109 1774 1189 1817 cst,
1222 1769 1298 1807 nisi
1326 1774 1365 1807 et

85 1823 268 1861 excussis
290 1822 473 1860 manibus
493 1833 586 1861 esse
606 1828 718 1870 grato
741 1823 842 1863 licet.

164 1878 318 1916 ΧΧΧΙΙ.
350 1878 448 1925 „Qui
465 1878 640 1926 accepit,
670 1878 818 1928 inquit,
844 1879 1102 1928 beneficium,
1124 1880 1396 1926 licetanin101

84 1932 370 1982 benignissimo
403 1934 621 1982 acciperet,
660 1935 838 1974 nondum
867 1937 1158 1974 consummavit
1186 1936 1360 1974 officium

83 1993 218 2037 suum,
245 1994 367 2028 restat
384 1989 486 2027 enim
506 2000 598 2037 pars
617 1989 822 2028 reddendi.
853 1991 956 2029 sicut
971 1991 1007 2028 in
1026 1993 1118 2030 lusu
1135 1997 1197 2030 est
1211 1991 1361 2040 aliquid

83 2045 203 2092 pilam
224 2045 322 2084 scite
342 2055 389 2083 ac
410 2045 618 2093 diligenter
638 2045 844 2093 excipere,
873 2047 943 2084 sed
966 2057 1044 2085 non
1069 2047 1211 2085 dicitur
1229 2047 1360 2086 bonus

83 2100 213 2147 lusor,
243 2100 320 2139 nisi
342 2100 410 2148 qui
430 2106 522 2148 apte
543 2105 581 2138 et
602 2100 789 2148 expedite
804 2101 956 2140 remisit
972 2113 1090 2150 quam
1107 2108 1359 2151 acceperat.“

83 2154 319 2204 Exemplum
340 2156 418 2194 hoc
439 2156 632 2194 dissimile
653 2161 725 2194 est.
761 2162 914 2204 quare?
942 2159 1036 2205 quia
1057 2157 1174 2196 huius
1195 2159 1251 2196 rei
1271 2160 1358 2197 laus
1375 2167 1395 2199 2

82 2210 119 2247 in
149 2212 331 2260 corporis
359 2217 468 2250 motu
498 2217 559 2250 est
585 2216 624 2249 et
648 2211 685 2248 in
713 2212 904 2259 agilitate,
935 2213 1072 2251 nonin
1095 2214 1258 2253 animo.»
1289 2225 1356 2252 ex-

83 2265 220 2312 plicari
248 2266 383 2315 itaque
404 2272 525 2306 totum
547 2267 686 2314 debet,
715 2267 765 2304 de
787 2278 866 2315 quo
889 2269 1016 2307 oculis
1031 2269 1248 2315 iudicatur,
1281 2282 1355 2309 nec

84 2324 211 2358 tamen
227 2321 317 2360 ideo
334 2333 414 2360 non
430 2323 578 2362 bonum
597 2324 769 2366 lusorem
785 2323 926 2370 dicam,
944 2325 1010 2373 qui
1029 2325 1158 2373 pilam,
1179 2331 1220 2365 ut
1237 2337 1355 2375 oporv

140 2389 269 2413 SENECA
289 2391 377 2414 rint.
399 2381 438 2416 ll.
1118 2386 1140 2420 3

482 2474 495 2494 ἲ
