1592 2580
364 165 432 205 DE
459 163 740 204 BENEFICIIS
767 163 862 205 LlB.
882 164 934 203 V.
962 167 1092 205 3—-6,
1310 161 1368 203 89

86 269 157 310 fuit
183 268 317 309 omnia
342 272 437 307 tunc
469 266 706 316 possidente
725 266 984 305 Alexandro:
1015 266 1108 314 plus
1138 264 1243 304 enim
1271 270 1369 312 erat,

84 325 193 374 quod
210 324 274 362 hic
293 325 417 363 nollet
436 323 622 372 accipere
644 333 763 371 quam
786 322 895 371 quod
914 322 980 361 ille
1000 326 1144 371 posset
1167 322 1277 359 dare.
1382 326 1387 329 ·

159 382 210 419 V.
238 381 409 426 Nonest
428 384 546 428 turpe
566 379 615 416 ab
631 379 694 417 his
714 378 841 416 vinci:
864 388 997 426 neque
1016 378 1121 416 enim
1137 376 1268 417 minus
1289 377 1366 416 for-
1391 388 1411 421 1

83 436 132 476 tis
161 447 275 484 sum,
305 435 340 475 si
368 446 458 475 cum
487 434 766 474 invulnerabili
797 445 861 473 me
887 433 1006 472 hoste
1026 433 1265 479 committis,
1294 442 1370 471 nec

79 492 172 532 ideo
195 492 299 541 ignis
325 491 456 531 minus
485 501 605 530 urere
632 494 784 540 potest,
816 490 851 529 si
871 490 911 528 in
930 490 1136 528 materiam
1154 488 1294 527 incidit
1311 487 1370 527 in-

79 547 308 588 violabilem
340 547 513 587 ssammis
530 577 540 595 ,
575 557 650 586 nec
678 546 770 585 ideo
799 546 946 585 ferrum
975 545 1141 584 secandi
1169 545 1250 583 vim
1279 554 1371 594 per--

80 604 198 652 didit,
228 604 263 642 si
290 615 370 643 non
397 603 600 652 recipiens
628 605 749 642 ictum
777 601 880 650 lapis
901 601 1078 649 solidus,
1107 601 1280 639 invictae
1300 600 1370 639 ad-

79 670 223 699 versus
247 660 348 698 dura
375 664 561 707 naturae,
591 658 832 697 dividendus
864 662 938 696 est.
981 658 1090 696 Idem
1118 656 1188 696 tibi
1220 656 1271 694 de
1298 656 1371 696 ho-

79 716 183 755 mine
205 720 317 764 grato
337 715 589 764 respondeo:
617 726 698 754 non
718 713 885 763 turpiter
902 713 1073 752 vincitur
1091 711 1312 760 beneficiis,
1335 713 1370 751 si

81 771 131 810 ab
158 771 221 810 his
241 771 439 820 obligatus
461 777 541 819 est,
562 771 614 809 ad
635 781 739 819 quos
760 774 830 808 aut
848 770 1030 808 fortunae
1050 768 1281 817 magnitudo
1302 773 1370 807 aut

82 827 228 866 eximia
246 829 371 866 virtus
394 827 545 866 aditum
563 826 756 865 redituris
777 825 830 864 ad
851 836 898 864 se
917 825 1125 864 beneficiis
1147 824 1276 864 clusit.
1333 824 1370 863 A
1385 830 1408 864 2

82 883 316 932 parentibus
349 883 434 922 sere
460 883 668 921 vincimur.
721 892 813 920 nam
833 887 912 920 tam
934 881 1002 920 diu
1021 881 1112 920 illos
1133 880 1227 919 odio
1248 879 1369 919 habe-

79 950 170 977 mus
202 950 322 988 quam
353 939 423 977 diu
449 949 596 988 graves
624 938 847 977 iudicamus
877 941 918 976 et
944 948 1062 986 quam
1084 937 1153 975 diu
1171 935 1373 974 beneficia

80 995 237 1034 illorum
270 1005 350 1033 non
383 994 662 1043 intellegimus.
707 1005 797 1033 cum
834 993 913 1031 iam
946 998 1057 1032 aetas
1090 992 1244 1041 aliquid
1276 1003 1371 1041 pru-

80 1050 239 1090 dentiae
266 1051 426 1099 collegit
452 1055 492 1089 et
517 1050 715 1099 adparere
742 1048 876 1098 coepit
905 1054 1072 1098 propter
1094 1048 1162 1086 illa
1188 1048 1280 1097 ipsa
1297 1058 1371 1086 eos

81 1106 206 1145 amari
224 1117 248 1145 a
266 1106 384 1145 nobis
410 1107 579 1154 debere,
605 1110 772 1154 propter
793 1115 898 1154 quae
918 1116 1000 1143 non
1018 1104 1254 1143 amabantur
1268 1134 1278 1152 ,
1299 1104 1371 1142 ad-

79 1161 339 1208 monitiones,
375 1162 628 1201 severitatem
657 1167 696 1200 et
722 1161 973 1200 inconsultae
994 1160 1294 1212 adulescentiae
1312 1159 1372 1198 di-

79 1219 266 1267 ligentem
294 1218 518 1257 custodiam
534 1248 544 1266 ,
575 1216 784 1266 rapiuntur
812 1216 944 1256 nobis.
988 1226 1144 1265 paucos
1165 1226 1298 1265 usque
1319 1215 1373 1253 ad

79 1285 219 1312 verum
255 1275 427 1313 fructum
459 1285 483 1312 a
519 1273 656 1312 liberis
692 1272 997 1322 percipiendum
1027 1272 1217 1321 perduxit
1245 1277 1370 1318 aetas,

81 1329 202 1368 ceteri
232 1329 337 1370 filios
359 1339 483 1369 onere
503 1333 730 1368 senserunt.
775 1329 864 1368 Non
893 1333 956 1367 est
975 1332 1108 1367 tamen
1128 1333 1248 1376 turpe
1264 1327 1406 1369 vincia

79 1384 286 1424 beneficiis
310 1396 335 1424 a
355 1390 534 1435 parente.
579 1384 719 1434 quidni
746 1395 826 1423 non
855 1384 908 1423 sit
932 1389 1070 1432 turpe,
1103 1394 1193 1422 cum
1215 1394 1240 1422 a
1261 1384 1370 1422 nullo

78 1447 196 1489 turpe
222 1441 302 1480 sit?
343 1442 582 1491 quibusdam
610 1441 716 1480 enim
745 1445 785 1480 et
812 1451 933 1489 pares
957 1444 998 1479 et
1023 1440 1187 1488 inpares
1207 1449 1370 1478 sumus:

84 1506 201 1545 pares
220 1497 376 1546 animo,
408 1507 527 1546 quem
554 1498 684 1535 solum
703 1496 758 1535 illi
778 1496 962 1545 exigunt,
994 1505 1114 1544 quem
1143 1506 1220 1534 nos
1239 1497 1372 1535 solum

82 1551 367 1600 promittimus,
400 1552 564 1601 inpares
592 1553 768 1600 fortuna,
803 1562 908 1601 quae
935 1550 971 1590 si
999 1550 1063 1590 cui
1083 1551 1254 1599 obstitit,
1288 1562 1371 1600 quo

81 1607 212 1646 minus
231 1608 398 1647 referret
414 1607 581 1656 gratiam
595 1637 606 1654 ,
635 1619 715 1647 non
743 1607 836 1646 ideo
857 1607 912 1646 illi
930 1612 1134 1657 tamquam
1151 1607 1259 1646 victo
1281 1618 1370 1646 eru-

80 1663 328 1702 bescendum
356 1667 437 1702 est:
466 1675 547 1702 non
575 1667 638 1702 est
663 1668 781 1711 turpe
802 1674 883 1702 non
907 1663 1123 1712 consequi,
1152 1663 1370 1702 dummodo

82 1719 280 1768 sequaris.
330 1718 462 1768 Saepe
493 1729 663 1758 necesse
683 1723 746 1757 est
764 1723 856 1758 ante
872 1719 950 1757 alia
968 1719 1166 1758 beneficia
1186 1724 1370 1768 petamus
1385 1725 1409 1759 4

83 1785 203 1823 quam
231 1775 365 1823 priora
393 1774 662 1822 reddidimus,
691 1784 766 1813 nec
794 1775 885 1814 ideo
906 1786 987 1814 non
1008 1775 1181 1824 petimus
1202 1779 1271 1813 aut
1289 1779 1368 1813 tur-

82 1829 186 1879 piter
208 1830 433 1881 [petimus],
464 1830 558 1878 quia
576 1842 655 1870 non
675 1830 866 1870 reddituri
885 1830 1143 1878 debebimus,
1174 1830 1269 1879 quia
1288 1841 1369 1870 non

83 1897 154 1935 per
181 1897 256 1925 nos
276 1886 350 1925 erit
370 1897 501 1934 mora,
532 1897 612 1934 quo
641 1886 771 1925 minus
790 1886 1007 1935 gratissimi
1032 1887 1179 1933 simus,
1209 1886 1283 1925 sed
1311 1886 1369 1924 in-

82 1942 276 1981 terveniet
295 1941 446 1991 aliquid
463 1943 734 1989 extrinsecus,
759 1942 867 1991 quod
889 1941 1119 1991 prohibeat:
1140 1953 1216 1981 nos
1236 1946 1370 1980 tamen

82 2008 157 2036 nec
182 2000 388 2037 vincemur
415 1997 548 2037 animo
568 2008 643 2036 nec
662 1997 830 2046 turpiter
848 1997 912 2036 his
929 1998 1052 2037 rebus
1074 1998 1368 2046 superabimur,

84 2063 187 2102 quae
207 2065 288 2093 non
309 2058 403 2093 sunt
421 2054 460 2092 in
481 2058 620 2092 nostra
641 2058 850 2102 potestate.

162 2109 231 2147 VI.
281 2110 514 2148 Alexander
549 2109 815 2148 Macedonum
849 2119 924 2147 rex
956 2108 1118 2158 gloriari
1153 2108 1309 2148 solebat
1345 2119 1368 2147 a
1390 2118 1410 2151 1

83 2164 190 2202 nullo
227 2174 273 2203 se
304 2165 512 2204 beneficiis
539 2166 701 2204 victum.
744 2176 825 2203 non
854 2171 917 2204 est
943 2165 1055 2212 quod
1077 2164 1222 2203 nimius
1251 2164 1367 2204 animi

83 2219 327 2260 Macedonas
363 2226 403 2260 et
439 2221 616 2260 Graecos
651 2225 690 2259 et
720 2220 842 2258 Caras
873 2226 913 2259 et
934 2220 1080 2259 Persas
1113 2225 1154 2259 et
1183 2220 1368 2259 nationes

87 2274 285 2315 districtas
308 2276 395 2315 sine
417 2276 596 2316 exercitu
614 2276 819 2325 suspiciat,
840 2286 915 2315 nec
931 2276 1008 2315 hoc
1024 2275 1100 2315 sibi
1116 2275 1369 2325 praestitisse

85 2339 250 2378 regnum
269 2332 498 2371 aThraciae
518 2333 664 2382 angulo
691 2337 920 2381 porrectum
948 2342 1080 2382 usque
1109 2332 1159 2371 ad
1187 2332 1280 2372 litus
1306 2332 1365 2372 in-
