1624 2626
419 294 464 349 11·
504 291 689 348 ANNAEI
721 291 945 347 SENECAE

339 406 407 441 AD
435 406 703 442 AEBIITIUM
734 404 1036 439 LIBERALEM

127 496 268 560 DE
365 492 1235 560 BENEFlcllS

566 618 744 660 LIBER
778 618 808 659 1.

127 793 157 831 Ι,
185 791 292 831 Inter
311 791 457 830 multos
485 801 532 829 ac
558 789 695 830 varios
724 799 883 828 errores
909 793 1058 828 temere
1083 788 1327 828 inconsulte·
1350 797 1369 831 1

48 858 128 898 que
149 845 367 888 viventium
386 846 482 885 nihil
501 846 795 895 propemodum
817 846 1066 893 [indiqniusL
1100 845 1161 883 vir
1180 845 1329 893 optime

46 904 261 954 Liberalis²
292 902 482 950 dixerim,
511 902 658 952 [quam]
684 901 796 951 quod
814 899 1075 939 beneficia
1098 911 1190 940 nec
1209 901 1330 939 dare

46 960 234 999 scimus
255 968 345 997 nec
365 958 618 1007 accipere.
666 958 850 1007 sequitur
868 956 994 1002 enim,
1025 961 1068 996 ut
1082 957 1186 995 male
1206 957 1329 996 collo-

47 1021 138 1054 cata
156 1016 259 1054 male
279 1014 510 1053 debeantur.
550 1013 612 1052 ade
633 1012 779 1063 quibus
807 1023 887 1052 non
915 1011 1085 1050 redditis
1114 1023 1208 1052 sero
1231 1022 1330 1061 que-

46 1072 190 1110 rimur:
212 1071 288 1109 ista
307 1070 411 1108 enim
432 1069 650 1118 perierunt,
677 1079 768 1107 eum
789 1068 990 1106 darentur.
1038 1068 1136 1107 Nec
1155 1069 1330 1107 mirum
1351 1076 1372 1109 2

48 1132 127 1166 est
163 1127 299 1165 inter
340 1125 559 1175 plurima
603 1125 926 1172 maximaque
967 1122 1093 1162 vitia
1137 1124 1330 1162 nullum

49 1192 166 1222 esse
196 1180 523 1230 frequentius
553 1191 700 1228 quam
728 1179 922 1228 ingrati
953 1178 1115 1218 animi.
1154 1180 1205 1218 id
1223 1190 1330 1218 eve-

51 1238 160 1277 nire
186 1248 247 1276 ex
278 1236 456 1276 causis
497 1236 733 1285 pluribus
774 1235 945 1274 video:
985 1235 1116 1283 prima
1153 1236 1221 1275 illa
1257 1241 1331 1282 est,

50 1293 160 1343 quod
172 1297 255 1332 non
276 1293 456 1342 eligimus
473 1292 630 1341 dignos,
648 1292 794 1340 quibus
811 1290 1046 1330 tribuamus.
1072 1290 1155 1330 Sed
1170 1291 1334 1330 nomina

0 1360 3 1373 ³
49 1350 192 1388 facturi
212 1349 420 1396 diligenter
439 1348 723 1397 patrimonium
743 1351 782 1386 et
801 1347 923 1385 vitam
947 1345 1141 1386 debitoris
1169 1347 1332 1396 inquiri-

49 1416 151 1444 mus.
197 1405 351 1444 semina
369 1404 408 1443 in
429 1404 561 1443 solum
578 1403 742 1442 effetum
761 1407 800 1441 et
820 1403 954 1441 sterile
978 1413 1059 1441 non
1080 1403 1332 1451 spargimus:

50 1460 248 1499 beneficia
267 1460 455 1510 sine-ullo
476 1459 635 1498 delectu
651 1458 780 1507 magis
801 1458 1021 1507 proicimus
1038 1469 1160 1507 quam
1176 1458 1333 1497 damus.

51 1514 134 1554 Nee
154 1516 270 1554 facile
289 1515 477 1562 dixerim,
496 1518 629 1554 utrum
647 1515 804 1563 turpius
825 1514 877 1552 sit
898 1513 1058 1552 infitiari
1079 1525 1130 1552 an
1149 1519 1335 1562 repetere
1354 1522 1378 1557 3

52 1570 304 1609 beneficium.
342 1570 383 1608 id
406 1571 510 1608 enim
529 1580 658 1619 genus
679 1570 797 1609 huius
814 1570 953 1608 crediti
972 1574 1054 1617 est,
1076 1580 1128 1609 ex
1149 1580 1228 1619 quo
1248 1574 1333 1608 tan-

52 1632 134 1665 tum
153 1625 428 1674 recipiendum
448 1625 500 1664 sit
524 1631 715 1674 quantum
742 1627 846 1665 ultro
879 1626 1071 1664 refertur:
1106 1626 1337 1675 decoquere

52 1692 150 1721 vero
171 1680 451 1721 foedissimum
472 1681 524 1720 ob
542 1681 620 1721 hoc
647 1680 800 1730 ipsum,
833 1681 926 1730 quia
951 1692 1032 1720 non
1059 1692 1163 1731 opus
1193 1686 1255 1720 est
1283 1681 1336 1720 ad

53 1737 303 1777 liberandam
332 1737 453 1776 fidem
478 1736 751 1785 facultatibus,
778 1737 852 1775 sed
873 1735 1019 1776 animo.
1068 1737 1201 1776 reddit
1228 1736 1335 1775 enim

53 1793 295 1832 beneficium
314 1793 383 1842 qui
403 1793 572 1832 libenter
592 1793 723 1831 debet.
778 1791 859 1831 Sed
880 1803 970 1831 cum
991 1792 1044 1832 sit
1069 1793 1108 1832 in
1136 1792 1238 1841 ipsis
1260 1793 1335 1831 cri·
1355 1800 1378 1836 4

55 1859 158 1897 men,
179 1849 247 1898 qui
262 1859 314 1888 ne
333 1847 592 1888 consessione
613 1848 775 1897 quidem
789 1847 891 1896 grati
911 1853 1016 1897 sunt,
1040 1848 1081 1887 in
1098 1849 1216 1887 nobis
1235 1859 1335 1897 quo-

57 1915 136 1952 que
151 1909 225 1943 est.
254 1904 400 1944 Multos
417 1904 647 1953 experimur
660 1903 858 1952 ingratos,
878 1904 1016 1952 plures
1035 1903 1218 1951 facimus,
1241 1903 1338 1953 quia

57 1961 156 1999 alias
184 1971 329 2010 graves
359 1960 674 2009 exprobratores
714 1963 1010 2009 exactoresque
1038 1970 1197 2007 sumus,
1235 1959 1337 1999 alias

55 2016 167 2055 leves
196 2021 235 2055 et
263 2025 367 2066 quos
398 2017 517 2065 paulo
547 2020 641 2064 post
669 2015 846 2054 muneris
883 2017 947 2054 sui
974 2015 1196 2064 poeniteat,
1236 2015 1336 2055 alias

59 2071 215 2120 queruli
234 2077 273 2111 et
293 2071 456 2111 minima
477 2076 678 2110 momenta
692 2071 979 2110 calumniantes
996 2071 1163 2120 gratiam
1179 2081 1335 2110 omnem

57 2128 369 2177 corrumpimus,
397 2139 477 2167 non
508 2132 660 2166 tantum
681 2132 894 2176 postquam
921 2127 1108 2166 dedimus
1126 2127 1335 2174 beneficia,

58 2182 133 2221 sed
151 2183 245 2222 dum
265 2184 420 2223 damus.
468 2183 565 2231 Quis
586 2188 767 2222 nostrum
787 2187 1000 2222 contentus
1019 2183 1092 2222 fuit
1110 2187 1180 2222 aut
1196 2182 1336 2223 leviter
1356 2192 1378 2225 5

57 2239 191 2286 rogari
210 2244 278 2278 aut
302 2240 454 2278 semel?
491 2241 582 2288 quis
604 2250 705 2287 non,
734 2249 824 2278 cum
856 2237 1008 2288 aliquid
1036 2249 1062 2278 a
1089 2249 1134 2278 se
1158 2240 1241 2288 peti
1265 2250 1333 2278 su-

60 2293 238 2342 spicatus
259 2300 340 2343 est,
375 2296 545 2335 frontem
578 2294 763 2344 adduxit,
791 2294 943 2335 voltum
969 2295 1130 2344 avertit,
1160 2305 1331 2345 occupa·

114 2362 245 2388 SENECA
262 2364 352 2389 prm..
379 2354 419 2390 11.
1044 2357 1065 2391 1
