1624 2626
318 149 393 190 120
558 149 600 186 L.
628 148 817 187 ANNAEI
848 147 1072 187 SENECAE
1102 148 1232 187 DIAL.
1257 150 1323 187 VI.

271 255 293 289 2
312 252 449 298 Itaque
481 259 560 288 non
597 252 658 287 est
691 247 799 296 quod
837 258 911 286 nos
949 249 1210 297 suspiciamus
1242 254 1439 299 tamquam
1472 250 1571 290 inter

311 309 447 344 nostra
466 301 605 352 positi:
633 307 769 341 mutua
788 302 1026 350 accepimus.
1066 314 1164 342 usus
1185 305 1417 353 fructusque
1436 312 1571 345 noster

310 365 390 408 est,
419 358 531 397 cuius
552 362 708 406 tempus
727 357 792 395 ille
819 357 964 395 arbiter
982 358 1155 397 muneris
1176 359 1236 397 sui
1255 363 1465 408 temperat:
1496 371 1571 399 nos

312 418 468 464 oportet
493 413 533 451 in
563 417 750 461 promptu
776 411 933 450 habere·
953 414 1056 459 quae
1082 412 1121 450 in
1150 413 1341 451 incertum
1360 414 1463 452 diem
1482 416 1574 454 data

310 474 420 515 sunt,
445 473 483 507 et
499 467 547 506 ad
554 468 722 515 pellatos
743 465 830 504 sine
850 467 1011 514 querela
1027 467 1210 505 reddere.
1240 468 1402 516 pessimi
1422 469 1571 509 debito-

272 526 366 568 3ris
388 527 449 563 est
462 522 651 561 creditori
679 523 810 560 facere
837 520 1069 560 convicium.
1108 521 1253 561 Omnes
1284 533 1377 571 ergo
1399 529 1573 571 nostros,

310 585 349 618 et
369 589 470 627 quos
491 576 726 625 superstites
745 577 834 623 lege
853 575 1046 614 nascendi
1075 581 1258 625 optamus
1277 582 1316 615 et
1335 588 1438 626 quos
1458 589 1573 626 prae-

310 634 454 673 cedere
482 631 738 670 iustissimum
763 630 942 678 ipsorum
962 636 1095 670 votum
1115 636 1194 677 est,
1224 631 1282 670 sic
1302 642 1434 671 amare
1454 632 1574 671 debe-

309 699 410 735 mus,
431 692 631 734 tamquam
651 686 746 723 nihil
765 685 880 723 nobis
900 684 951 723 de
973 686 1252 733 perpetuitate,
1273 685 1390 725 immo
1410 687 1504 725 nihil
1524 687 1576 725 de

311 743 561 782 diuturnitate
595 751 733 779 eorum
766 739 1008 788 promissum
1041 741 1103 778 sit.
1145 750 1268 788 saepe
1300 741 1574 780 admonendus

311 803 373 836 est
390 797 543 836 animus
555 825 564 842 ,
595 799 698 833 amet
716 799 759 833 ut
777 804 1008 842 recessura,
1031 793 1148 833 immo
1167 799 1367 843 tamquam
1386 797 1575 834 receden-

310 853 376 892 tia.
421 849 613 899 quicquid
639 860 664 888 a
691 850 846 889 fortuna
865 849 997 887 datum
1020 854 1099 897 est,
1133 854 1331 898 tamquam
1352 856 1578 899 exemptum

274 914 297 948 4
313 911 474 945 auctore
500 905 727 953 possideas.
769 904 910 952 Rapite
936 914 986 942 ex
1013 904 1147 943 liberis
1177 906 1417 953 voluptates,
1444 906 1575 944 fruen-

313 962 388 1000 dos
415 971 490 999 vos
519 959 686 997 invicem
714 958 848 997 liberis
869 959 959 997 date
979 963 1018 997 et
1037 958 1123 997 sine
1144 959 1328 998 dilatione
1349 970 1464 999 omne
1483 971 1575 1008 gau-

312 1015 421 1054 dium
440 1015 608 1053 haurite.
646 1013 741 1051 nihil
761 1014 812 1051 de
831 1012 1023 1052 hodierna
1042 1019 1158 1052 nocte
1179 1013 1424 1061 promittitur.
1462 1014 1577 1053 nimis

310 1080 494 1118 magnam
513 1068 816 1107 advocationem
837 1068 948 1106 dedi:
972 1068 1066 1106 nihil
1086 1069 1136 1106 de
1155 1068 1230 1106 hac
1249 1069 1359 1106 hora.
1390 1069 1576 1108 festinan-

312 1125 406 1163 dum
433 1129 505 1162 est.
548 1122 713 1161 instatur
739 1133 764 1160 a
787 1127 918 1170 tergo:
946 1122 1022 1160 iam
1043 1122 1246 1161 disicietur
1265 1123 1339 1162 iste
1359 1125 1577 1170 comitatus,

311 1180 388 1217 iam
415 1178 672 1218 contubernia
698 1177 774 1215 ista
800 1177 955 1215 sublato
983 1177 1155 1216 clamore
1183 1178 1397 1216 solventur.
1438 1179 1579 1226 rapina

276 1239 297 1272 5
312 1244 444 1272 rerum
466 1233 636 1271 omnium
657 1236 736 1270 est:
765 1231 900 1270 miseri
925 1231 1086 1270 nescitis
1110 1233 1203 1280 fuga
1223 1232 1369 1270 vivere.
1415 1232 1456 1270 Si
1475 1244 1578 1271 inor·

313 1293 422 1327 tuum
449 1288 519 1326 tibi
546 1287 666 1325 filium
688 1286 820 1333 doles,
849 1287 935 1324 eius
955 1287 1144 1334 temporis
1165 1297 1243 1334 quo
1263 1292 1379 1325 natus
1399 1292 1477 1334 est,
1507 1288 1579 1325 cri·

313 1354 402 1381 men
430 1348 502 1381 est.
543 1352 651 1380 mors
671 1341 773 1379 enim
793 1339 848 1378 illi
867 1341 1094 1380 denuntiata
1113 1341 1291 1380 nascenti
1312 1346 1384 1381 est.
1417 1341 1455 1379 in
1476 1342 1579 1380 hanc

314 1399 441 1445 legem
468 1401 597 1435 natus.
638 1396 714 1435 hoc
740 1395 847 1433 illum
868 1395 989 1434 fatum
1009 1396 1058 1434 ab
1078 1401 1189 1434 utero
1210 1396 1338 1434 statim
1358 1406 1578 1444 proseque-

278 1452 441 1491 6batur.
481 1452 524 1489 ln
556 1461 723 1499 regnum
750 1451 930 1488 fortunae
957 1456 996 1489 et
1021 1451 1178 1498 quidem
1208 1451 1348 1488 durum
1376 1454 1495 1498 atque
1521 1452 1577 1488 in-

315 1507 460 1546 victum
493 1506 769 1555 pervenimuS,
801 1505 905 1543 illius
938 1505 1098 1544 arbitrio
1127 1505 1246 1552 digna
1273 1509 1391 1552 atque
1418 1504 1580 1553 indigna

315 1561 486 1610 passuri.
545 1560 782 1608 corporibus
822 1559 968 1598 nostris
1003 1559 1245 1608 inpotenter,
1283 1559 1578 1606 contumeliose,

316 1617 526 1655 crudeliter
553 1615 752 1653 abutetur=
779 1613 879 1652 alios
905 1613 1062 1661 ignibus
1089 1618 1249 1662 peruret
1266 1615 1327 1652 vel
1348 1613 1388 1652 in
1408 1624 1579 1662 poenam

316 1671 484 1710 admotis
514 1670 579 1707 vel
611 1670 651 1707 in
683 1669 914 1708 remedium.
959 1669 1057 1708 alios
1084 1669 1246 1707 vinciet:
1278 1668 1320 1706 id
1345 1679 1448 1706 nunc
1475 1667 1580 1707 hosti

315 1725 466 1773 licebit,
497 1735 603 1763 nunc
623 1724 711 1762 civi.
756 1723 856 1762 alios
877 1734 950 1772 per
967 1724 1116 1762 incerta
1135 1724 1264 1762 nudos
1283 1723 1405 1761 maria
1421 1721 1580 1761 iactabit

316 1786 355 1819 et
379 1780 547 1819 luctatos
576 1789 663 1817 cum
692 1777 879 1817 fluctibus
905 1788 955 1816 ne
981 1778 1019 1816 in
1040 1788 1197 1816 arenam
1218 1777 1376 1825 quidem
1396 1782 1463 1815 aut
1486 1777 1577 1815 litus

315 1835 516 1883 explodet,
536 1834 609 1872 sed
629 1833 668 1872 in
690 1833 854 1871 alicuius
870 1834 1073 1872 inmensae
1087 1837 1261 1871 ventrem
1277 1832 1417 1870 beluae
1433 1832 1578 1870 decon-

316 1890 394 1928 det.
443 1890 545 1928 alios
576 1889 804 1928 morborum
835 1887 956 1926 variis
989 1888 1198 1936 generibus
1233 1890 1477 1925 emaceratos
1512 1886 1580 1925 diu

316 1945 418 1982 inter
435 1945 554 1983 vitam
572 1947 819 1991 mortemque
838 1943 992 1981 medios
1013 1941 1210 1980 detinebit.
1248 1946 1290 1979 ut
1308 1941 1416 1979 varia
1436 1946 1474 1979 et
1494 1940 1578 1978 libi-

318 1999 459 2037 dinosa
493 1998 861 2047 mancipiorumque
901 2008 1065 2036 suorum
1092 1997 1317 2044 ,neglegens
1351 1995 1509 2034 domina
1541 1999 1579 2033 et

317 2053 458 2102 poenis
478 2058 517 2091 et
535 2052 762 2092 muneribus
786 2052 943 2091 errabit.

282 2115 302 2148 1
426 2108 490 2145 XI.
529 2108 629 2155 Quid
654 2118 757 2156 opus
786 2112 847 2146 est
873 2111 1007 2155 partes
1038 2103 1215 2143 deflere?
1247 2111 1358 2144 tota
1384 2102 1577 2142 flebilis

316 2161 420 2200 vita
449 2167 537 2200 est.
574 2163 770 2210 urgebunt
797 2172 903 2200 nova
921 2160 1180 2206 incommoda,
1211 2161 1444 2208 priusquam
1470 2163 1576 2196 vete-

317 2216 428 2255 ribus
452 2217 705 2256 satisfeceris.
743 2216 1024 2255 moderandum
1041 2219 1102 2253 est
1120 2214 1253 2262 itaque
1267 2214 1382 2254 vobis
1396 2213 1576 2258 maxime,

321 2281 423 2320 quae
442 2270 827 2319 inmoderateffertiQ
847 2276 886 2310 et
904 2270 943 2309 in
962 2273 1090 2308 metus
1114 2274 1152 2309 et
1169 2268 1209 2308 in
1229 2270 1388 2309 dolores
1416 2265 1579 2307 humani
