1592 2580
226 343 261 375 ll

242 1466 260 1496 1

276 178 354 219 256
643 179 685 216 L.
715 178 903 218 ANNAEI
936 179 1160 220 SENECAE

278 286 384 322 vem,
414 275 485 314 sed
506 277 621 315 etiam
644 287 736 316 esse
756 282 793 316 et
820 278 943 317 frusta
965 279 1048 318 eius
1067 281 1104 318 in
1134 279 1311 329 scyphos
1333 288 1429 317 suos
1447 278 1527 318 dei-

279 341 367 368 cere
387 330 484 368 inter
499 331 625 378 ipsam
641 331 800 370 bibendi
815 343 977 371 moram.
1008 334 1116 372 Sitim
1131 345 1222 373 esse
1240 337 1381 382 putas?
1408 333 1527 372 febris

275 391 356 435 vest,
377 390 415 422 et
435 386 590 433 quidem
611 397 658 425 eo
680 387 826 434 acrior,
849 388 956 435 quod
977 399 1055 427 non
1075 393 1179 426 tactu
1193 399 1378 426 venarum
1400 398 1529 436 neque

279 438 316 476 in
337 444 462 478 eutem
483 441 610 480 effuso
631 443 764 479 calore
785 442 1110 491 deprehenditur,
1132 443 1203 481 sed
1223 453 1291 481 eor
1311 443 1438 490 ipsum
1461 452 1529 480 ex·-

279 494 413 543 eoquit
431 495 604 543 luxuria,
624 496 807 534 invictum
828 498 970 535 malum
987 484 1031 536 el*
1043 508 1093 535 ex
1111 497 1216 534 molli
1236 497 1438 545 fluidoque
1459 497 1529 535 du·

277 560 362 587 rum
398 554 515 598 atque
543 551 708 599 patiens.
750 561 828 588 non
857 552 1049 599 intellegis
1083 552 1214 591 omnia
1247 551 1529 589 consuetudine

279 604 356 641 vim
376 615 486 642 suam
507 606 700 653 perdere?
720 605 852 652 itaque
871 606 938 643 nix
957 606 1049 653 ista,
1070 607 1107 645 in
1133 616 1211 654 qua
1231 606 1306 644 iam
1326 605 1442 643 etiam
1461 616 1526 643 na-

279 659 386 705 tatis,
408 669 455 697 eo
473 660 651 707 pervenit
669 671 745 698 usu
766 665 804 698 et
823 660 1021 698 cotidiana
1042 661 1232 700 stomachi
1253 661 1458 706 servitute,
1488 664 1530 697 ut

279 724 407 761 aquae
432 715 559 752 locum
588 714 769 753 obtineat.
811 714 972 763 Aliquid
1001 715 1130 754 adhue
1150 715 1324 764 quaerite
1342 714 1407 752 illa
1427 713 1529 761 frigi-

280 768 390 816 dius,
410 769 501 817 quia
519 780 592 817 pro
612 768 732 808 nihilo
755 773 816 807 est
835 770 1032 808 familiaris
1051 769 1170 818 rigor.

652 988 694 1039 t.
725 986 904 1040 ANNAEI
938 986 1157 1039 SENECAE

733 1087 796 1119 AD
834 1086 1077 1120 LUCILIUM

280 1161 850 1227 NATURALIUM
911 1161 1531 1231 QUAESTIONUM

777 1269 948 1310 LIBER
984 1272 1028 1309 V.

358 1453 386 1489 I.
415 1453 605 1492 Ventus
626 1458 702 1492 est
721 1455 884 1492 fluens
905 1464 998 1492 aer.
1027 1454 1190 1501 Quidam
1209 1451 1262 1491 ita
1277 1452 1528 1490 definierunt:

281 1514 459 1546 ventus
488 1513 566 1546 est
593 1519 674 1546 aer
693 1509 857 1547 fluens
877 1509 922 1546 in
943 1519 1084 1547 unam
1105 1512 1305 1556 partem.
1334 1507 1442 1545 Haec
1463 1506 1528 1544 de-

241 1605 250 1619 (
280 1562 403 1600 linitio
433 1561 587 1601 videtur
606 1563 844 1611 diligentior,
873 1562 965 1612 quia
991 1573 1200 1611 numquam
1222 1572 1289 1599 aer
1310 1566 1385 1600 tam
1406 1560 1528 1599 inmo-

240 1900 261 1932 10

239 2166 261 2198 3

280 1617 367 1654 bilis
387 1622 465 1662 est,
493 1621 535 1654 ut
561 1627 638 1655 non
658 1618 696 1655 in
717 1618 847 1666 aliqua
872 1618 922 1656 sit
940 1618 1160 1665 agitatione.
1203 1617 1260 1655 sic
1279 1616 1529 1664 tranquillum

282 1681 388 1709 mare
409 1671 566 1719 dieitur,
588 1682 675 1710 curn
695 1673 832 1711 leviter
846 1678 1024 1711 movetur
1041 1682 1170 1720 neque
1188 1672 1227 1709 in
1245 1681 1362 1708 unam
1379 1675 1528 1718 partem

281 1726 496 1763 inclinatur.
524 1727 660 1774 ltaque
680 1727 713 1764 si
733 1727 894 1774 legeris:

471 1792 556 1820 cum
570 1782 765 1828 placidum
779 1784 895 1820 ventis
912 1785 1031 1819 staret
1046 1792 1163 1827 mare,

280 1836 377 1874 seito
397 1835 491 1874 illud
510 1846 587 1873 non
609 1840 731 1882 stare,
763 1836 835 1874 sed
866 1836 1016 1874 succuti
1035 1835 1172 1873 leviter
1192 1840 1229 1873 et
1248 1833 1324 1873 diei
1342 1831 1528 1880 tranquil-

282 1891 377 1938 lum,
407 1890 498 1939 quia
524 1900 653 1938 neque
680 1889 756 1928 hue
775 1900 904 1939 neque
923 1891 987 1928 illo
1007 1890 1179 1938 inpetum
1200 1888 1326 1927 faciat.
1363 1887 1469 1924 Idem
1490 1893 1528 1925 et

281 1945 330 1982 de
356 1947 447 1982 aere
473 1944 720 1991 iudicandum
749 1949 826 1991 est,
861 1955 938 1983 non
967 1955 1059 1983 esse
1088 1954 1272 1992 umquam
1291 1940 1525 1987 inmobilem,

280 1999 430 2038 etiamsi
462 1999 616 2047 quietus
644 1999 704 2037 sit.
748 1999 855 2047 quod
883 2009 933 2037 ex
959 1998 1036 2037 hoe
1065 1998 1268 2045 intellegas
1296 1996 1404 2034 lieet:
1439 2006 1525 2033 eum

280 2055 340 2091 sol
358 2054 395 2091 in
417 2053 585 2101 aliquem
607 2054 782 2092 clausum
801 2054 929 2091 locum
949 2053 1102 2091 infusus
1123 2056 1206 2099 est,
1235 2051 1410 2089 videmus
1440 2060 1525 2088 eor-

282 2109 448 2155 puscula
462 2108 621 2145 minima
639 2108 675 2146 in
697 2109 907 2147 adversum
927 2107 1018 2145 ferri
1026 2137 1036 2156 ,
1064 2108 1140 2145 alia
1158 2116 1311 2144 sursum
1324 2133 1334 2150 ‚
1363 2105 1439 2142 alin
1458 2103 1524 2142 de-

280 2173 412 2200 orsum
433 2161 538 2200 varie
559 2161 845 2201 concursantia.
872 2162 976 2210 Ergo
995 2166 1037 2201 ut
1054 2171 1192 2210 parum
1212 2159 1414 2207 diligenter
1433 2169 1523 2196 con-

280 2217 514 2264 prehendet,
536 2217 643 2266 quod
659 2218 758 2264 vult,
780 2217 845 2266 qui
861 2216 1020 2255 dixerit:
1038 2215 1213 2264 „fluctus
1230 2219 1289 2252 est
1307 2213 1425 2251 maris
1445 2212 1524 2260 agi-

282 2272 373 2309 tatio
385 2275 420 2318 ‚“
451 2272 542 2320 quia
569 2271 815 2320 tranquillum
836 2281 996 2320 quoque
1013 2270 1196 2319 agitatur,
1223 2274 1261 2308 at
1287 2269 1351 2307 ille
1370 2267 1524 2306 abunde
