1624 2626
172 160 242 199 AD
270 157 512 197 MARCIAM
540 157 606 197 DE
636 154 1031 203 CONSOLATIONE.
1069 161 1206 197 7—10.
1256 155 1339 198 119

48 268 191 302 tamus.
237 264 294 300 tot
320 259 472 298 acerba
493 259 654 298 funera:
688 269 765 299 nos
790 262 926 309 togam
952 264 1183 300 nostrorum
1209 261 1336 300 infan-

48 319 162 365 tium,
189 327 265 356 nos
293 316 470 354 militiam
498 320 538 355 et
567 320 757 364 paternae
777 315 1008 355 hereditatis
1031 317 1338 357 successionem

47 373 241 422 agitamus
270 371 417 411 animo.
454 375 514 410 tot
541 371 708 410 divitum
735 371 1111 421 subitapaupertas
1132 373 1172 411 in
1193 374 1337 413 oeulos

45 427 182 469 incidit
209 433 249 467 et
274 427 393 467 nobis
419 438 639 476 numquam
667 427 707 467 in
728 433 900 466 mentem
917 428 1029 467 venit
1047 434 1210 469 nostras
1236 440 1336 479 quo·

46 495 125 535 que
152 494 255 533 opes
284 493 415 532 aeque
441 482 483 521 in
509 483 664 523 lubrico
693 485 868 533 positast
907 493 1081 523 necesse
1109 490 1172 525 est
1199 486 1338 535 itaque

44 540 173 588 magis
191 550 448 587 corruamus,
477 538 546 588 qui
574 540 691 588 quasi
710 550 765 579 ex
783 539 989 589 inopinato
1010 540 1186 580 ferimur.
1233 552 1338 591 quae

43 596 165 636 multo
185 601 278 635 ante
290 598 435 645 procul
451 597 534 634 visa
555 603 666 643 sunt,
689 595 915 644 languidius
934 596 1155 636 incurrunt.
1200 598 1276 637 Vis
1296 602 1338 637 tu
1352 602 1375 637 3

43 652 149 692 scire
168 656 207 690 te
224 652 277 690 ad
300 651 430 690 omnis
452 652 681 700 expositum
705 651 807 691 ictus
835 653 945 691 stare
964 657 1005 691 et
1022 653 1090 691 illa
1109 664 1215 702 quae
1234 653 1337 693 alios

42 709 122 748 tela
153 707 346 754 fixerunt,
383 707 491 746 circa
522 712 562 746 te
588 708 801 746 vibrasset?
841 708 952 747 velut
977 720 1134 748 murum
1162 709 1338 759 aliquem

44 768 113 803 aut
141 762 362 803 obsessum
394 764 518 802 multo
551 762 672 803 hoste
704 764 837 803 locum
868 768 910 804 et
936 764 1104 804 arduum
1132 766 1338 805 adscensu

45 818 254 858 semermis
275 819 423 866 adeas,
452 823 652 868 exspecta
679 820 826 859 volnus
850 823 892 859 et
913 820 981 858 illa
1000 818 1190 870 superne(
1197 822 1335 861 volan-

44 874 100 914 tia
126 885 216 914 cum
246 875 401 923 sagittis
430 874 607 923 pilisque
633 886 734 914 saxa
762 875 803 914 in
830 880 942 915 tuum
968 881 1067 925 puta
1086 876 1229 917 librata
1249 888 1338 916 cor·

45 941 136 980 pus.
157 931 362 980 *quotiens
389 931 541 980 aliquid
567 930 620 968 ad
647 933 752 971 latus
779 936 849 971 aut
875 942 983 980 pone
1002 935 1158 981 tergum
1179 932 1336 972 cecide-

43 986 112 1033 rit,
142 987 343 1025 exclama:
379 996 488 1034 „non
515 986 696 1035 decipies
725 997 808 1034 me,
837 986 1020 1034 fortuna,
1050 999 1127 1027 nee
1149 999 1338 1028 securum

43 1044 408 1090 aut'neglegentem
433 1041 652 1091 opprimes.
685 1042 773 1082 scio
804 1043 903 1091 quid
927 1053 1069 1092 pares:
1099 1043 1222 1083 alium
1250 1045 1335 1094 qui-

44 1099 136 1137 dem
157 1096 406 1147 percussisti,
429 1098 502 1136 sed
522 1107 586 1135 me
608 1098 782 1146 petisti.“
821 1098 918 1146 Quis
936 1110 1128 1148 umquam
1151 1110 1218 1139 res
1238 1111 1335 1140 suas
1350 1106 1374 1141 4

45 1154 160 1203 quasi
180 1154 383 1203 periturus
403 1152 619 1202 adspexit?
657 1155 748 1203 quis
769 1165 962 1204 umquam
979 1160 1159 1194 vestrum
1178 1156 1231 1195 de
1250 1157 1334 1195 exi-

42 1210 116 1258 lio,
144 1210 196 1248 de
224 1214 422 1258 egestate,
454 1209 505 1247 de
524 1209 634 1248 luctu
655 1209 833 1259 cogitare
851 1221 978 1250 ausus
999 1215 1090 1251 est?
1127 1212 1218 1261 quis
1239 1223 1334 1259 non,

45 1265 80 1304 si
98 1265 361 1305 admoneatur
378 1270 421 1304 ut
439 1264 607 1314 cogitet,
636 1270 842 1315 tamquam
871 1266 1001 1306 dirum
1030 1278 1148 1307 omen
1166 1275 1337 1317 respuat

43 1326 84 1360 et
108 1321 149 1360 in
178 1322 310 1371 capita
336 1321 587 1361 inimicorum
613 1327 682 1361 aut
705 1322 836 1371 ipsius
865 1323 1135 1373 intempestivi
1164 1325 1333 1365 monito·

44 1376 100 1416 ris
120 1376 230 1416 abire
256 1376 324 1416 illa
351 1377 511 1416 iubeat?
549 1377 664 1426 „Non
692 1378 831 1428 putavi
851 1379 1069 1418 futurum.“
1113 1380 1372 1431 Quicquam5

46 1437 89 1472 tu
106 1437 224 1480 putas
245 1444 326 1473 non
345 1434 540 1480 (uturum,
564 1435 675 1482 quod
693 1433 828 1474 multis
846 1435 930 1474 scis
953 1446 1078 1485 posse
1098 1436 1197 1483 fieri,
1221 1438 1334 1487 quod

47 1488 178 1527 multis
198 1489 310 1528 vides
331 1489 549 1529 evenisse?
582 1490 797 1539 Egregium
823 1501 990 1530 versum
1015 1497 1056 1531 et
1078 1491 1244 1541 dignum
1265 1494 1334 1543 qui

46 1554 127 1583 non
144 1554 169 1582 e
188 1545 340 1593 populo
361 1545 503 1584 exiret.-

216 1601 339 1639 cuivis
354 1605 478 1649 potest
493 1602 676 1641 accidere
692 1602 799 1651 quod
813 1603 995 1651 cuiquam
1009 1602 1163 1654 potest!

44 1656 115 1694 Ille
141 1654 274 1695 amisit
301 1655 472 1695 liberos:
509 1661 550 1695 et
573 1661 617 1695 tu
644 1658 823 1697 amittere
851 1663 984 1708 potes.
1027 1660 1094 1700 ille
1122 1660 1333 1700 damnatus

45 1715 128 1750 est:
161 1715 202 1750 et
225 1716 293 1750 tua
318 1711 546 1751 innocentia
571 1712 647 1751 sub
678 1713 760 1753 ictu
785 1718 861 1753 est.
903 1720 1033 1755 terror
1060 1716 1221 1765 decipit.
1268 1716 1333 1756 hic

46 1766 267 1814 effeminat,
297 1767 391 1806 dum
419 1766 589 1816 patimur
617 1779 722 1818 quae
748 1780 965 1820 numquam
993 1772 1075 1821 pati
1102 1783 1178 1812 nos
1208 1781 1334 1822 posse

0 1855 4 1858 ,
45 1823 310 1872 providimus.
362 1824 493 1862 aufert
525 1824 604 1862 vim
636 1825 916 1874 praesentibus
949 1828 1065 1867 malis
1099 1829 1169 1877 qui
1201 1830 1334 1868 futura

24 1921 28 1923 ‚
46 1879 270 1929 prospexit.

125 1934 174 1973 X.
203 1932 402 1983 Quicquid
425 1939 487 1974 est
514 1934 613 1982 hoc,
638 1935 807 1985 Marcia,
838 1938 949 1987 quod
969 1939 1077 1978 circa
1097 1949 1172 1978 nos
1194 1949 1246 1978 ex
1264 1939 1333 1979 ad·
1351 1947 1370 1980 1

45 1990 217 2030 venticio
239 1991 381 2038 fulget,
402 1991 754 2039 liberi‚·honores,
783 2004 907 2043 opes,
933 1996 1068 2043 ampla
1088 1995 1189 2034 atria
1208 2000 1247 2034 et
1265 2005 1332 2035 ex·

46 2046 248 2085 clusomm
267 2046 469 2085 clientium
488 2046 605 2092 turba
623 2048 770 2087 referta
789 2050 1005 2096 vestibula,
1037 2052 1163 2097 clara,
1186 2051 1331 2092 nobilis

46 2107 112 2140 aut
139 2102 317 2141 formosa
344 2103 492 2142 coniux
517 2108 730 2151 ceteraque
757 2115 810 2144 ex
837 2106 990 2144 incerta
1007 2111 1048 2145 et
1065 2106 1201 2146 mobili
1221 2113 1331 2148 sorte

47 2157 263 2206 pendentia
304 2159 422 2198 alieni
464 2158 788 2209 commodatique
828 2161 1048 2209 adparatus
1082 2169 1186 2203 sunt.
1232 2164 1330 2203 nihil

47 2212 188 2252 horum
215 2214 322 2254 dono
351 2215 486 2254 datur:
528 2215 734 2254 collaticiis
765 2220 809 2255 *et
840 2217 892 2255 ad
924 2216 1111 2264 dominos
1141 2220 1329 2259 redituris

47 2269 317 2308 instrumentis
339 2281 464 2309 scena
482 2271 713 2310 adornatur.
740 2271 819 2311 alia
837 2283 890 2311 ex
910 2272 1122 2327 his-Jprimo
1142 2276 1226 2322 die,
1251 2277 1330 2316 alia

48 2326 227 2365 secundo
247 2327 479 2375 reserentur,
502 2337 633 2376 pauca
650 2338 783 2377 usque
797 2328 850 2367 ad
865 2328 1328 2382 {inmerseverabunt
