1624 2626
285 178 339 221 62
658 181 701 219 L.
730 180 920 219 ANNAEI
951 179 1177 219 SENECAE

288 278 394 327 quod
422 289 501 317 non
531 278 703 317 humana
727 289 839 316 mens
866 278 998 316 vincat
1019 284 1057 317 et
1079 279 1117 316 in
1141 277 1438 318 familiaritatem
1464 290 1550 327 per-

287 334 404 371 ducat
423 333 592 371 adsidua
611 332 829 380 meditatio,
857 333 1030 380 nullique
1050 337 1141 371 sunt
1167 338 1245 371 tam
1268 334 1339 371 feri
1359 339 1397 372 et
1415 335 1476 372 sui
1496 334 1551 372 iu-

249 391 271 423 4
286 388 339 425 rIs
360 388 552 435 adfectus,
571 392 706 426 utnon
723 388 931 435 disciplina
947 388 1238 434 perdomentur.
1268 388 1554 436 Quodcumque

287 441 362 479 sibi
381 442 588 489 imperavit
608 442 760 480 anImus
781 442 964 480 obtinuit:
998 442 1157 488 quidam
1178 452 1227 479 ne
1246 453 1431 490 umquam
1449 442 1552 481 ride—

285 501 374 534 rent
396 497 597 535 consecuti
624 502 727 535 sunt.
781 497 871 534 vino
903 495 1081 544 quidam,
1114 495 1178 533 alii
1196 497 1372 543 Venere,
1395 496 1553 544 quidam

288 551 393 588 omni
430 551 594 589 humore
631 551 869 589 interdixere
902 550 1151 598 corporibus.
1208 550 1309 588 alius
1348 556 1556 590 contentus
1614 585 1617 588 .

286 605 399 643 brevi
430 616 571 643 somno
597 605 768 652 vigiliam
802 605 1132 652 indefatigabilem
1165 606 1351 643 extendit.
1407 606 1554 643 didice-

287 664 378 697 runt
395 659 636 702 tenuissimis
664 665 702 698 et
727 660 909 698 adversis
938 659 1096 697 funibus
1125 669 1284 697 currere
1314 664 1352 697 et
1383 659 1556 707 ingentia

286 714 434 762 vixque
453 714 633 751 humanis
652 715 858 752 toleranda
876 713 1026 752 viribus
1055 724 1177 752 onera
1199 719 1355 762 portare
1376 719 1412 752 et
1439 715 1477 751 in
1498 713 1555 751 in-

287 779 465 806 mensam
494 768 733 806 altitudinem
762 770 884 816 mergi
911 779 957 806 ac
985 769 1071 806 sine
1103 769 1182 806 ulla
1214 768 1437 816 respirandi
1469 769 1556 806 vice

254 827 274 859 5
290 823 441 871 perpeti
457 823 597 860 mariaz
617 823 720 860 mille
735 829 827 862 sunt
842 823 929 871 alia,
949 823 986 860 in
1009 823 1150 870 quibus
1171 823 1386 871 pertinacia
1403 822 1556 870 inpedi—

288 882 460 915 mentum
481 887 596 914 omne
614 878 879 915 transscendit
898 877 1150 924 ostenditque
1169 877 1265 915 nihil
1283 888 1375 915 esse
1397 877 1557 915 difficile

289 931 401 970 cuius
435 932 510 969 sibi
542 932 631 979 ipsa
664 942 775 969 mens
808 933 1031 980 patientiam
1065 932 1266 970 indiceret.
1328 932 1417 970 Istis
1453 941 1555 979 quos

288 987 407 1033 paulo
428 990 517 1023 ante
535 987 662 1032 retuli,
682 991 750 1024 aut
773 988 880 1024 nulla
898 991 978 1024 tam
998 986 1208 1034 pertInacis
1236 987 1354 1024 studii
1381 990 1447 1024 aut
1473 995 1553 1023 non

289 1040 409 1088 digna
439 1050 592 1078 merces
626 1040 708 1078 fuit.
766 1041 859 1088 quid
894 1041 996 1078 enim
1024 1041 1273 1088 magnificum
1302 1041 1558 1088 consequitur

289 1093 354 1132 ille
374 1095 440 1142 qui
468 1095 675 1132 meditatus
697 1099 759 1132 est
777 1105 848 1142 per
868 1096 1039 1133 intentos
1060 1097 1173 1132 funes
1194 1096 1277 1132 ire?
1297 1096 1363 1142 qui
1379 1096 1558 1132 sarcinae

288 1148 436 1196 ingenti
456 1150 632 1187 cervices
663 1154 920 1196 supponere?
962 1150 1029 1196 qui
1056 1160 1195 1187 somno
1224 1160 1303 1187 non
1332 1149 1558 1187 submittere

291 1204 460 1241 oculos?
496 1204 562 1251 qui
582 1209 789 1251 penetrare
810 1203 849 1241 in
868 1203 985 1241 imum
1005 1208 1138 1241 mare?
1165 1208 1203 1241 et
1221 1209 1349 1242 tamen
1369 1204 1419 1241 ad
1439 1203 1558 1241 finem

253 1256 275 1290 6
292 1258 424 1306 operis
444 1269 523 1295 non
542 1269 684 1305 magno
705 1262 998 1296 auctoramento
1022 1259 1132 1296 labor
1151 1258 1339 1305 pervenit.
1380 1258 1462 1296 Nos
1478 1269 1558 1296 non

291 1312 576 1351 advocabimus
604 1313 848 1360 patientiam,
880 1323 982 1360 quos
1010 1317 1156 1351 tantum
1178 1313 1394 1360 praemium
1413 1322 1556 1359 exspe-

292 1372 388 1414 ctat,
415 1367 542 1404 felicis
562 1367 680 1405 animi
699 1367 844 1405 inmota
864 1367 1151 1414 tranquillitas?
1194 1368 1386 1414 Quantum
1414 1371 1475 1404 est
1502 1367 1557 1403 es-

291 1423 428 1469 fugere
445 1422 659 1459 maximum
678 1422 821 1460 malum
842 1422 937 1459 iram
963 1426 1002 1459 et
1028 1431 1115 1459 cum
1142 1422 1208 1459 illa
1234 1421 1400 1469 rabiem,
1429 1421 1557 1458 saevi-

290 1477 395 1521 tiam,
423 1477 704 1523 crudelitatem,
725 1477 908 1523 furorem,
929 1476 1029 1514 alios
1050 1476 1213 1514 comites
1230 1475 1346 1514 eius?

256 1529 276 1561 1
372 1531 473 1568 XIII.
513 1531 707 1569 Adfectus
727 1531 813 1569 eius
834 1542 913 1569 non
941 1536 1002 1569 est
1029 1531 1138 1578 quod
1159 1529 1420 1577 patrocinium
1441 1529 1556 1567 nobis

293 1595 531 1634 quaeramus
552 1590 590 1623 et
609 1590 836 1623 excusatam
858 1585 1071 1632 licentiam,
1100 1585 1275 1622 dicentes
1307 1589 1374 1622 aut
1398 1584 1492 1622 utile
1517 1582 1556 1621 id

292 1650 384 1678 csse
404 1645 470 1678 aut
488 1639 730 1678 inevitabile:
761 1640 823 1678 cui
843 1640 945 1677 enim
966 1640 1123 1678 tandem
1139 1639 1232 1677 vitio
1256 1639 1473 1676 advocatus
1490 1638 1556 1675 de-

293 1694 391 1732 fuit?
433 1704 512 1732 non
532 1699 593 1732 est
617 1695 726 1742 quod
746 1694 856 1732 dicas
885 1694 1012 1732 excidi
1033 1705 1113 1732 non
1134 1704 1275 1741 posse:
1315 1691 1557 1731 sanabilibus

293 1753 544 1796 aegrotamus
564 1748 676 1787 malis
696 1749 863 1797 ipsaque
882 1759 956 1787 nos
985 1749 1022 1786 in
1050 1753 1199 1786 rectum
1225 1748 1379 1795 genitos
1407 1751 1556 1791 natura,

295 1804 328 1842 si
348 1802 548 1841 emendari
569 1803 746 1851 velimus,
769 1804 886 1841 iuvat.
928 1813 1012 1850 nec,
1034 1808 1076 1841 ut
1093 1803 1327 1850 quibusdam
1342 1803 1468 1840 visum
1484 1807 1555 1846 est,

294 1858 459 1895 arduum
488 1858 526 1895 in
553 1857 717 1896 virtutes
737 1864 775 1897 et
795 1869 978 1906 asperum
998 1859 1070 1896 iter
1090 1861 1169 1895 est:
1204 1857 1322 1904 plano
1350 1857 1555 1894 adeuntur.

257 1912 279 1945 2
294 1913 379 1950 Non
398 1923 524 1950 vanae
543 1913 659 1951 vobis
678 1918 815 1951 auctor
839 1913 896 1950 rei
915 1913 1044 1951 venio.
1084 1911 1210 1950 facilis
1238 1916 1299 1949 est
1325 1911 1376 1948 ad
1403 1911 1555 1948 beatam

295 1967 414 2004 vitam
432 1968 515 2004 via:
550 1967 643 2005 inite
670 1968 788 2005 modo
815 1967 930 2005 bonis
959 1966 1147 2015 auspiciis
1167 1965 1347 2013 ipsisque
1373 1965 1435 2002 dis
1454 1965 1556 2002 bene

295 2022 530 2059 iuvantibus.
572 2023 692 2060 multo
721 2022 918 2060 difficilius
947 2027 1008 2061 est
1034 2023 1164 2059 facere
1191 2019 1266 2057 ista
1294 2029 1395 2067 quae
1414 2018 1554 2057 facitis.

296 2075 397 2123 Quid.
415 2081 476 2114 est
494 2077 610 2114 animi
633 2078 763 2125 quiete
782 2077 960 2123 otiosius,
982 2075 1076 2123 quid
1093 2076 1152 2113 ira
1170 2074 1434 2111 laboriosius?
1461 2073 1555 2121 quid

297 2131 503 2168 clementia
521 2131 740 2179 remissius,
765 2132 859 2180 quid
879 2131 1104 2169 crudelitate
1122 2128 1396 2175 negotiosius?
1439 2132 1555 2166 vacat

297 2184 495 2233 pudicitia,
516 2185 636 2223 libido
657 2186 963 2234 occupatissima
981 2189 1053 2223 est.
1095 2182 1264 2221 omnium
1285 2182 1457 2230 denique
1475 2181 1552 2218 vir-

261 2243 419 2280 3tutum
445 2240 565 2278 tutela
592 2240 717 2279 facilis
744 2246 824 2288 est,
846 2241 940 2279 vitia
957 2247 1098 2286 magno
1115 2238 1306 2276 coluntur.
1352 2236 1477 2275 Debet
1494 2236 1552 2273 ira

297 2294 500 2334 removeri.
542 2294 619 2334 hoc
651 2305 700 2333 ex
731 2300 843 2344 parte
877 2296 1044 2334 fatentur
1068 2292 1183 2331 ctiam
1212 2292 1278 2340 qui
1306 2291 1438 2330 dicunt
1460 2300 1551 2328 esse
