1592 2580
301 172 485 212 NATUR.
507 171 721 221 QUAEST.
750 172 844 211 Lis.
861 172 929 211 iv.
957 177 981 213 3
994 151 1039 201 -4
1053 177 1087 214 7.
1255 170 1336 212 251

58 273 246 313 credibile
274 280 337 313 est
365 284 461 323 ergo
490 275 659 323 frigidos
688 274 852 323 spiritus
875 273 970 312 inde
996 272 1134 313 inferri
1154 279 1194 314 et
1211 284 1336 314 verno

56 331 170 382 coelo
192 330 411 369 remisceri.
440 331 543 369 illud
564 341 728 380 quoque
748 330 940 377 adiciunt,
962 331 1072 379 quod
1096 340 1229 379 neque
1249 341 1337 369 sum
1357 336 1380 371 3

55 390 245 435 expertus
273 396 408 435 neque
429 386 605 436 experiri
634 387 781 435 cogito.
825 391 865 425 tu
886 397 1070 435 quoque,
1102 396 1273 434 censeo,
1302 386 1337 425 si

55 442 227 481 volueris
247 452 386 480 verum
406 443 636 491 exquirere,
659 443 791 482 nivem
811 443 849 480 in
871 442 972 481 Care
993 440 1239 491 experiaris:
1266 441 1337 480 mi·

54 507 128 537 nus
149 498 283 546 algere
303 498 414 537 aiunt
435 499 562 548 pedes
577 509 735 547 eorum,
758 497 828 548 qui
847 497 969 537 fixam
987 503 1027 538 et
1046 499 1187 537 duram
1203 497 1336 537 nivem

10 569 11 572 ¹
53 553 208 592 calcant
227 565 346 603 quam
366 565 522 602 eorum,
541 555 610 604 qui
629 559 807 594 teneram
822 559 862 592 et
879 554 1130 594 labefactam.
1150 554 1257 603 Ergo
1270 584 1279 600 ,
1305 553 1340 593 si
1356 559 1380 594 4

52 619 133 648 non
154 610 415 658 mentiuntur,
438 611 631 660 quicquid
652 622 703 650 ex
723 610 800 650 illis
820 609 1215 659 septemtrionalibus
1234 610 1337 650 locis

8 670 9 689 ³
53 666 131 704 iam
152 665 376 704 disturbata
394 666 486 705 nive
509 671 548 705 et
566 668 695 716 glacie
723 667 932 716 frangente
949 676 995 705 se
1015 666 1157 715 fertur,
1185 666 1227 705 id
1254 676 1337 704 me-

51 721 232 760 ridianae
260 722 385 770 partis
413 726 615 771 tepentem
640 723 719 761 iam
746 722 1036 771 humidumque
1062 724 1157 761 aera
1188 721 1340 771 adligat

6 809 7 812 ,
52 782 92 816 et
113 778 378 828 praestringit.
415 778 550 828 itaque
575 789 665 818 cum
684 779 821 828 pluvia
840 778 972 817 futura
992 783 1096 826 erat,
1119 777 1275 828 grando
1294 778 1339 816 fit

53 833 196 872 iniuria
221 833 396 882 frigoris.

134 889 203 927 VI.
230 888 318 928 Non
336 895 520 939 tempero
544 889 659 938 nuhi,
692 901 772 940 quo
793 891 925 929 minus
947 899 1088 928 omnes
1110 895 1339 929 nostrorum
1358 891 1377 924 l

53 945 223 995 ineptias
244 946 460 994 proferam.
490 946 741 994 Quosdam
763 947 964 996 peritos
985 945 1338 984 observanda»

53 1002 226 1040 darum
253 1002 461 1040 nubium
495 1012 611 1041 esse
644 1003 919 1041 adfirmant
935 1007 981 1040 et
1016 1002 1338 1050 praedicere,

53 1068 161 1096 cum
188 1058 382 1105 grando
407 1062 629 1097 :ventura
658 1058 737 1098 sit.
781 1058 861 1097 hoc
889 1058 1120 1106 intellegere
1147 1068 1228 1096 usu
1246 1057 1338 1106 ipso

53 1118 284 1162 potuerunt,
306 1124 397 1153 cum
417 1115 592 1154 colorem
613 1113 776 1153 nubium
795 1118 1026 1161 notassent,
1047 1123 1167 1162 quem
1181 1113 1338 1162 grando

52 1169 197 1208 totiens
230 1169 533 1219 insequebatur.
582 1169 681 1209 illud
713 1169 947 1209 incredibile
962 1199 973 1216 ,
1015 1169 1174 1209 Cleonis
1209 1169 1337 1222 fuisse
1356 1173 1378 1207 2

54 1224 210 1274 publice
238 1225 495 1276 praepositos
520 1220 898 1277 χαλαζοφύλακας,
934 1226 1212 1274 speculatores
1233 1225 1337 1264 futu·

51 1291 121 1319 rae
139 1281 359 1329 grandinis.
388 1281 429 1320 hi
450 1292 540 1321 cum
555 1281 715 1330 signum
729 1281 939 1320 dedissent
958 1281 1107 1320 adesse
1126 1282 1204 1320 iam
1219 1291 1338 1330 gran-

53 1336 204 1384 dinem,
228 1337 326 1386 quid
346 1341 592 1387 exspectas?
610 1342 651 1376 ut
671 1336 856 1376 homines
876 1338 928 1376 ad
946 1338 1116 1386 penulas
1138 1338 1338 1376 discurre-

52 1397 142 1430 rent
159 1397 227 1431 aut
245 1393 298 1431 ad
317 1397 529 1432 scorteas?
565 1392 686 1432 immo
710 1403 783 1442 pro
804 1403 850 1431 se
872 1393 1046 1442 quisque
1065 1393 1168 1432 alius
1191 1402 1336 1441 agnum

54 1447 290 1496 inmolabat,
321 1449 424 1487 alius
445 1448 616 1497 pullum:
645 1449 829 1497 protinus
851 1449 943 1487 illae
962 1448 1093 1488 nubes
1116 1448 1195 1488 alio
1216 1448 1338 1487 decli—

55 1503 225 1551 nabant,
255 1514 345 1543 cum
374 1503 526 1553 aliquid
554 1508 790 1553 gustassent
819 1502 1042 1552 sanguinis.
1085 1504 1174 1543 Hoc
1201 1504 1381 1546 rides‘33

55 1558 195 1608 accipe
223 1559 334 1608 quod
359 1559 495 1599 rideas
522 1559 672 1608 magis:
704 1560 738 1598 si
762 1559 853 1609 quis
876 1570 1010 1608 neque
1036 1570 1184 1609 agnum
1204 1569 1339 1608 neque
1394 1560 1398 1563 ’

55 1615 207 1664 pullum
233 1614 425 1661 habebat,
454 1615 566 1665 quod
593 1615 680 1654 sine
708 1615 855 1655 damno
879 1615 968 1655 fieri
986 1621 1160 1664 poterat,
1193 1625 1338 1655 manus

56 1669 133 1710 sibi
159 1670 384 1719 adferebat,
418 1676 476 1719 et,
510 1681 564 1710 ne
589 1675 631 1710 tu
657 1671 799 1710 avidas
828 1675 896 1710 aut
922 1671 1108 1710 crudeles
1131 1672 1339 1711 existimes

54 1726 204 1774 nubes,
225 1726 389 1776 digitum
407 1738 524 1766 suum
542 1727 647 1766 bene
661 1731 779 1766 acuto
795 1727 963 1776 graphio
984 1727 1189 1776 pungebat
1206 1732 1246 1767 et
1260 1727 1340 1766 hoc

55 1782 251 1831 sanguine
265 1783 414 1822 litabat.
436 1793 511 1822 nec
526 1782 657 1821 minus
673 1783 723 1821 ab
738 1782 856 1822 huius
872 1784 1000 1832 agello
1017 1784 1171 1832 grando
1187 1793 1233 1822 se
1251 1793 1338 1822 ver-

54 1837 162 1876 tebat
185 1837 303 1887 Quam
320 1839 370 1877 ab
390 1839 476 1887 illo,
497 1839 537 1877 in
559 1849 640 1887 quo
660 1838 878 1878 maioribus
898 1838 1039 1878 hostiis
1056 1844 1222 1878 exorata
1241 1843 1338 1878 erat.

134 1894 222 1932 VII.
250 1894 460 1933 Rationem
487 1894 578 1933 huis
596 1894 654 1933 rei
684 1899 898 1943 quaerunt:
929 1894 1060 1941 alteri,
1086 1899 1130 1933 ut
1150 1894 1335 1934 homines
1358 1902 1379 1935 1

57 1947 379 1998 sapientissimos
395 1950 530 1998 decet,
552 1954 699 1998 negant
714 1961 838 1999 posse
853 1950 960 1998 fieri,
981 1955 1024 1988 ut
1039 1960 1128 1988 cum
1145 1950 1338 1999 grandine

58 2004 202 2054 aliquis
237 2005 466 2054 paciscatur
506 2011 544 2044 et
575 2010 835 2054 tempestates
873 2006 1122 2045 munusculis
1156 2006 1336 2054 redimat,

61 2062 242 2109 quamvis
271 2072 437 2101 munera
466 2066 505 2100 et
531 2061 632 2100 deos
650 2061 822 2100 vincant.
870 2061 982 2101 alteri
1004 2061 1204 2110 suspicari
1222 2062 1352 2111 ipsos-

59 2115 167 2156 aiunt
185 2127 278 2156 esse
295 2118 334 2156 in
353 2118 443 2166 ipso
464 2117 660 2165 sanguine
677 2116 758 2155 vim
775 2118 988 2166 quamdam
1008 2121 1208 2166 potentem
1224 2128 1337 2157 aver-

59 2171 203 2222 tendae
227 2174 345 2212 nubis
373 2184 420 2212 ac
448 2173 718 2222 repellendae.
757 2172 839 2212 Sed
866 2173 1070 2222 quomodo
1098 2174 1136 2211 in
1156 2179 1234 2212 tam
1256 2174 1337 2212 exi-
1356 2177 1379 2211 2

61 2236 139 2274 guo
161 2230 355 2278 sanguine
381 2234 515 2278 potest
541 2238 635 2267 esse
652 2229 715 2267 vis
735 2233 863 2276 tanta,
891 2235 933 2268 ut
955 2230 994 2267 in
1016 2230 1137 2268 altum
1157 2234 1337 2279 penetret

62 2285 102 2320 ct
124 2281 232 2322 illam
251 2286 421 2325 sentiant
439 2285 598 2323 nubes?
642 2283 797 2332 Quanto
826 2284 1052 2333 expeditius
1075 2290 1160 2324 erat
1188 2285 1335 2333 dicere,

62 2338 311 2379 mendacium
339 2345 378 2380 et
400 2341 534 2380 fabula
557 2345 630 2379 est.
673 2341 726 2379 At
752 2341 991 2380 decuriones
1018 2340 1166 2380 iudicia
1191 2341 1335 2381 redde—
