1624 2626
346 173 427 214 210
608 172 651 210 L.
680 171 869 210 ANNAEI
898 172 1122 213 SENECAE
1142 174 1277 214 DIAL.
1296 175 1343 214 X.

348 283 507 323 quoque
535 272 680 311 invasit
704 272 822 311 inane
850 272 1022 311 studium
1041 284 1290 322 supervacua
1310 274 1509 313 discendi:
1543 275 1606 315 his

347 329 487 367 diebus
506 327 641 366 audivi
663 328 871 374 quemdam
891 328 1134 376 referentem,
1152 339 1254 376 quae
1270 329 1418 377 primus
1437 328 1606 378 quisque

346 394 397 422 ex
415 382 605 421 Romanis
627 381 794 420 ducibus
816 381 995 420 fecisset:
1015 383 1164 431 primus
1180 384 1311 420 navali
1332 383 1483 431 proelio
1499 384 1606 422 Duil-

345 438 422 476 lius
441 437 553 485 vicit,
582 436 732 484 primus
755 436 893 474 Curius
913 436 1101 475 Dentatus
1121 437 1160 475 in
1180 437 1376 485 triumpho
1398 438 1509 476 duxit
1527 440 1606 476 ele-

346 492 529 540 phantos.
559 491 791 529 Etiamnunc
810 490 905 537 ista,
925 491 999 529 etsi
1019 491 1070 529 ad
1087 502 1222 529 veram
1243 492 1406 539 gloriam
1426 503 1503 531 non
1524 497 1606 531 ten-

347 547 462 593 dunt,
492 546 598 584 cirea
625 544 796 583 civilium
822 549 952 582 tamen
981 556 1145 594 operum
1175 547 1357 594 exempla
1384 552 1606 586 versantur.

347 612 427 639 non
457 604 519 638 est
546 600 752 648 profutura
778 599 867 638 talis
894 599 1078 647 scientia,
1110 604 1172 638 est
1189 604 1339 647 tamen,
1375 611 1477 650 quae
1498 605 1604 648 [nos]

306 659 329 694 4
349 654 536 703 speciosa
553 665 685 692 rerum
705 653 874 691 vanitate
895 654 1078 693 detineat.
1106 654 1191 692 Hoc
1211 665 1370 702 quoque
1384 656 1604 703 quaerenti-

346 710 422 748 bus
442 709 696 755 remittamus,
719 707 808 756 quis
829 708 1019 747 Romanis
1037 707 1185 757 primus
1206 709 1449 756 persuaserit
1463 719 1605 747 navem

347 764 645 802 conscendere?
677 762 863 801 Claudius
890 762 924 801 is
955 764 1043 809 fuit,
1069 763 1271 801 Caudex
1299 763 1350 801 ob
1377 764 1455 802 hoc
1473 763 1605 811 ipsum

346 819 587 866 adpetimus,
619 817 712 865 quia
738 817 908 864 plurium
932 818 1151 856 tabularum
1181 822 1389 856 contextus
1410 818 1606 856 caudex

346 873 453 920 apud
472 872 657 919 antiquos
679 876 862 919 vocatur,
893 873 999 910 unde
1019 872 1202 920 publicae
1221 872 1376 910 tabulae
1396 871 1604 911 codices

345 927 528 965 dicuntur
548 931 587 964 et
605 936 728 964 naves
748 937 853 964 nunc
876 937 1048 974 quoque,
1068 936 1171 974 quae
1195 937 1244 964 ex
1262 926 1422 974 antiqua
1437 937 1604 966 consue-

344 982 480 1020 tudine
500 985 742 1019 commeatus
760 981 1037 1028 [perTiberim]
1055 981 1290 1029 subvehunt,
1312 981 1605 1019 codicariae

307 1045 329 1077 5
345 1040 548 1074 vocantur.
593 1034 698 1072 Sane
725 1039 763 1072 et
781 1034 857 1072 hoc
875 1035 927 1072 ad
946 1045 1030 1072 rem
1052 1034 1263 1082 pertineat,
1293 1035 1399 1083 quod
1418 1034 1603 1073 Valerius

346 1090 539 1128 Corvinus
562 1088 711 1137 primus
731 1088 956 1126 Messanam
979 1089 1068 1126 vicit
1083 1094 1121 1126 et
1137 1090 1283 1136 primus
1300 1100 1349 1127 ex
1366 1090 1510 1127 familia
1523 1089 1604 1127 Va-

344 1144 526 1182 leriorum
554 1143 663 1181 urbis
693 1147 832 1190 captae
860 1143 899 1180 in
919 1153 964 1181 se
983 1144 1171 1181 translato
1194 1143 1350 1182 nomine
1369 1144 1500 1182 Mess
1513 1154 1567 1181 an
1581 1154 1603 1181 a

345 1198 566 1246 adpellatus
583 1202 643 1235 est
660 1197 926 1244 paulatimque
943 1198 1060 1244 volgo
1076 1202 1321 1245 permutante
1337 1199 1468 1236 literas
1482 1197 1553 1235 Me
1565 1208 1602 1235 s-

311 1259 331 1293 6
347 1263 365 1290 s
376 1253 474 1291 alla
489 1253 629 1290 dictus.
649 1252 747 1289 Num
764 1256 803 1289 et
817 1252 893 1289 hoc
909 1251 1093 1299 cuiquam
1110 1262 1248 1290 curare
1265 1253 1476 1299 permittes,
1494 1252 1603 1300 quod

343 1307 494 1354 primus
513 1306 555 1343 L.
574 1305 683 1344 Sulla
701 1305 740 1342 in
761 1305 865 1343 circo
887 1307 1024 1344 leones
1046 1307 1198 1344 solutos
1216 1306 1333 1354 dedit,
1350 1317 1438 1344 cum
1453 1307 1601 1353 alioqui

345 1361 504 1408 adligati
524 1361 726 1407 darentur,
746 1359 797 1397 ad
817 1360 1087 1398 conficiendos
1111 1371 1182 1399 eos
1203 1360 1335 1398 missis
1355 1371 1378 1398 a
1391 1371 1486 1408 rege
1500 1361 1601 1399 Boc-

345 1415 419 1453 cho
440 1414 749 1453 iaculatoribus?
775 1419 813 1452 et
831 1414 907 1453 hoc
928 1425 1024 1452 sane
1042 1414 1270 1453 remittatur.
1312 1415 1412 1452 Num
1432 1420 1470 1453 et
1488 1415 1601 1454 Pom-

343 1470 477 1517 peium
487 1469 654 1517 primum
665 1469 703 1506 in
715 1468 820 1506 circo
837 1468 1134 1516 elephantorum
1150 1468 1419 1516 duodeviginti
1430 1479 1601 1517 pugnam

346 1523 523 1562 edidisse
550 1523 772 1562 commissis
791 1533 902 1560 more
921 1524 1060 1571 proelii
1078 1524 1208 1561 noxiis
1229 1523 1453 1562 hominibus
1472 1524 1523 1562 ad
1541 1526 1600 1562 ul-

342 1578 421 1615 lam
446 1588 529 1615 rem
548 1577 693 1615 bonam
710 1578 904 1625 pertinet?
934 1578 1120 1626 princeps
1142 1578 1308 1616 civitatis
1328 1582 1367 1616 et
1384 1577 1485 1616 inter
1503 1579 1598 1616 anti-

345 1643 447 1680 quos
469 1632 687 1680 principes,
716 1636 758 1670 ut
777 1633 879 1669 fama
897 1631 1076 1678 tradidit,
1097 1632 1281 1670 bonitatis
1307 1631 1493 1678 eximiae,
1517 1642 1598 1669 me—

343 1686 532 1725 morabile
553 1686 702 1734 putavit
720 1686 936 1733 spectaculi
956 1696 1081 1734 genus
1102 1697 1206 1725 novo
1222 1697 1330 1724 more
1345 1686 1512 1734 perdere
1529 1686 1598 1724 ho-

343 1742 482 1779 mines.
525 1741 778 1788 depugnant?
796 1751 935 1788 parum
955 1746 1026 1779 est.
1068 1740 1342 1779 lancinantur?
1361 1751 1496 1788 parum
1519 1746 1597 1779 est:

308 1800 328 1835 7
345 1796 492 1844 ingenti
524 1796 628 1834 mole
656 1795 879 1832 animalium
906 1800 1144 1837 exterantur,
1187 1794 1317 1834 Satius
1348 1799 1431 1832 erat
1457 1795 1533 1832 ista
1558 1795 1598 1832 in

344 1849 583 1889 oblivionem
601 1850 676 1897 ire,
699 1859 749 1887 ne
769 1850 857 1897 quis
878 1854 1020 1897 postea
1039 1855 1183 1897 potens
1203 1849 1374 1887 disceret
1388 1849 1597 1887 invideret-

345 1915 423 1953 que
443 1905 499 1942 rei
518 1903 675 1942 minime
694 1904 902 1942 humanae.
947 1903 976 1942 Ο
999 1909 1185 1953 quantum
1204 1903 1381 1951 caliginis
1401 1903 1596 1941 mentibus

344 1961 489 1998 nostris
519 1958 638 1997 obicit
655 1969 799 2005 magna
818 1958 1001 1998 felicitas!
1045 1959 1114 1996 Ille
1133 1968 1177 1997 se
1197 1968 1319 2005 supra
1337 1968 1466 1996 rerum
1485 1962 1596 1995 natu-

343 2024 427 2051 ram
446 2023 538 2052 esse
556 2018 649 2052 tunc
670 2013 854 2060 credidit,
876 2024 964 2051 cum
983 2017 1040 2052 tot
1057 2013 1290 2051 miserorum
1308 2011 1510 2050 hominum
1530 2022 1594 2049 ca-

344 2073 476 2106 tervas
506 2068 579 2106 sub
605 2067 680 2106 alio
714 2067 826 2106 coelo
853 2068 955 2106 natis
974 2067 1100 2106 beluis
1120 2065 1309 2113 obiceret,
1344 2077 1432 2104 cum
1450 2066 1596 2104 bellum

345 2122 445 2159 inter
463 2127 540 2159 tam
563 2122 739 2169 disparia
758 2122 939 2160 animalia
959 2121 1230 2167 committeret,
1261 2131 1348 2158 cum
1367 2121 1406 2158 in
1427 2131 1596 2168 conspe-

347 2180 411 2214 etu
441 2177 577 2223 populi
595 2175 762 2215 Romani
787 2178 948 2215 multum
975 2175 1175 2223 sanguinis
1194 2174 1374 2212 funderet
1392 2185 1485 2213 mox
1505 2176 1595 2222 plus
1623 2196 1624 2203 κ

346 2230 477 2277 ipsum
510 2231 674 2269 sundere
706 2236 935 2270 coacturus:
968 2234 1008 2268 at
1037 2230 1142 2267 idem
1168 2233 1310 2277 postea
1327 2229 1596 2267 Alexandrina
1621 2209 1624 2260 l

346 2283 512 2333 perfidia
552 2285 741 2335 deceptus
780 2286 914 2325 ultimo
947 2283 1143 2332 mancipio
1177 2283 1515 2323 transfodiendum
1549 2293 1594 2321 se
