1624 2626
324 189 395 231 'DE
411 191 702 232 BREVITATE
723 191 893 230 VITAE.
925 196 1083 232 18-20.
1266 190 1349 232 217

58 304 191 333 rerum
211 293 343 343 quies.
373 291 556 331 Omnium
578 292 741 341 quidem
762 297 1054 341 occupatorum
1074 291 1262 331 condicio
1277 292 1348 331 mi-
1363 297 1387 332 3

60 360 154 389 sera
172 354 254 397 est,
274 359 412 388 eorum
433 353 567 387 tamen
588 348 832 394 miserrima,
854 348 989 396 quine
1007 348 1093 387 suis
1111 348 1277 398 quidem
1291 348 1348 387 la-

57 404 201 444 borant
221 404 576 454 occupationibus,
595 404 648 442 ad
663 404 836 442 alienum
851 404 1054 443 dormiunt
1069 414 1276 452 somnum,
1297 403 1351 442 ad

59 461 232 500 alienum
252 460 457 500 ambulant
475 460 666 522 gradum,
688 469 822 499 amare
841 464 881 499 et
903 459 1064 508 odisse,
1084 469 1152 499 res
1171 459 1351 500 omnium

59 507 295 564 liberrimas,
317 515 516 555 iubentur.
544 516 583 554 hi
606 515 639 555 si
659 516 798 554 volent
816 515 921 555 scire
942 526 1065 565 quam
1083 515 1248 555 brevis
1238 525 1351 565 ipso-

58 582 146 611 rum
168 570 249 610 vita
268 572 339 620 sit,
363 573 538 621 cogitent
558 582 611 610 ex
632 576 755 620 quota
775 576 889 620 parte
911 582 988 611 sua
1008 571 1071 611 sit.

141 627 225 667 XX.
269 627 367 667 Cum
392 627 543 666 videris
571 628 708 676 itaque
730 632 976 675 praetextam
997 637 1124 676 saepe
1144 627 1222 666 iam
1244 637 1350 666 sum·
1370 629 1389 663 l

59 688 190 732 ptam,
211 694 302 722 cum
323 684 482 722 celebre
502 684 541 722 in
562 684 650 722 soro
672 693 830 731 nomen,
853 694 933 722 non
954 683 1169 722 invideris:
1194 683 1274 722 ista
1294 683 1350 720 vi—

59 744 126 778 tae
154 738 301 778 damno
330 745 534 788 parantur.
576 743 619 778 ut
644 750 752 778 unus
779 739 830 777 ab
857 739 935 778 illis
956 743 1188 778 numeretur
1206 749 1351 786 annus,

60 795 193 833 omnis
213 805 343 834 annos
364 805 464 834 suos
486 799 704 834 conterent.
737 794 938 843 quosdam
954 800 1058 842 ante,
1080 805 1172 833 cum
1186 793 1226 833 in
1244 805 1352 833 sum-

62 861 171 889 mum
199 850 427 890 ambitionis
456 850 722 898 eniterentur,
750 849 855 890 inter
881 850 1012 899 prima
1029 849 1218 889 luctantis
1238 854 1352 888 aetas

61 906 236 956 reliquit.
266 907 467 955 quosdam
486 917 578 945 cum
597 906 637 944 In
653 905 1042 945 consummationem
1058 905 1264 955 dignitatis
1281 916 1355 955 per

61 961 171 1001 mille
202 961 458 1012 indignitates
487 962 736 1011 erupissent,
771 961 920 1000 misera
949 962 1058 1001 subit
1087 961 1277 1010 cogitatio
1297 962 1354 1000 la—

61 1018 235 1057 borasse
254 1017 368 1066 ipsos
389 1018 429 1056 in
450 1017 605 1056 titulum
624 1018 813 1066 sepulcri.
845 1018 1113 1066 quorumdam
1129 1017 1269 1056 ultima
1290 1027 1354 1056 se-

63 1078 228 1122 nectus,
262 1073 357 1112 dum
385 1072 424 1111 in
453 1083 583 1112 novas
598 1083 702 1122 spes
723 1077 767 1112 ut
786 1073 950 1112 iuventa
970 1073 1218 1122 disponitur,
1253 1073 1356 1112 inter

27 1148 31 1150 -
65 1133 236 1168 conatus
257 1139 425 1177 magnos
443 1133 484 1168 et
497 1129 693 1177 mprobos
710 1128 888 1166 invalida
903 1128 1063 1167 defecit.
1090 1127 1253 1168 Foedus
1276 1129 1353 1176 ille,
1374 1130 1397 1164 2

63 1194 185 1233 quem
217 1183 257 1222 in
291 1155 441 1224 inedieio
470 1195 544 1233 pro
574 1183 839 1233 ignotissimis
867 1183 1135 1232 litigatoribus
1158 1184 1354 1233 grandem

62 1245 160 1279 natu
179 1243 218 1279 et
236 1239 431 1289 inperitae
452 1250 629 1279 coronae
649 1240 918 1279 adsensiones
940 1245 1167 1289 captantem
1187 1241 1355 1289 spiritus

63 1295 189 1345 liquit.
232 1296 360 1344 turpis
389 1296 475 1344 ille,
510 1296 580 1345 qui
607 1295 782 1335 vivendo
803 1297 939 1335 lassus
961 1295 1079 1335 citius
1101 1307 1222 1346 quam
1242 1296 1355 1335 labo-

62 1352 192 1390 rando
219 1351 321 1391 inter
347 1351 438 1400 ipsa
467 1351 603 1391 officia
622 1353 843 1401 conlapsus
865 1355 939 1390 est.
967 1351 1118 1401 turpis,
1148 1362 1269 1401 quem
1289 1362 1355 1390 ac-

65 1406 263 1456 cipiendis
291 1407 568 1447 inmorientem
596 1408 820 1447 rationibus
850 1407 919 1446 diu
945 1412 1097 1447 tractus
1117 1408 1206 1447 risit
1223 1407 1357 1446 heres.

64 1462 285 1502 Praeterire
322 1464 433 1512 quod
465 1463 562 1502 mihi
592 1463 768 1503 occurrit
796 1465 1027 1512 exemplum
1054 1475 1134 1502 non
1166 1474 1357 1512 possum:
1376 1467 1400 1501 3

64 1518 291 1557 Turannius
311 1518 383 1558 fuit
401 1524 568 1558 exactae
588 1520 819 1568 diligentiae
840 1530 980 1568 seneX,
1003 1519 1071 1568 qui
1093 1523 1188 1568 post
1209 1529 1359 1558 annum

67 1575 394 1622 nonagesimum,
417 1586 508 1614 cum
526 1576 779 1615 vacationem
801 1575 1097 1624 procurationis
1119 1575 1170 1614 ab
1192 1575 1232 1615 C.
1258 1575 1358 1614 Cae-

68 1640 162 1668 sare
182 1630 285 1669 ultro
306 1631 555 1679 accepisset,
585 1633 761 1680 conponi
782 1642 829 1671 se
848 1632 888 1670 in
908 1632 1013 1671 lecto
1036 1636 1075 1670 et
1094 1634 1203 1671 velut
1222 1631 1359 1670 exani-

68 1695 160 1724 nem
179 1696 204 1723 a
224 1686 506 1726 circumstante
533 1686 682 1725 familia
702 1686 839 1736 plangi
858 1688 988 1726 iussit.
1030 1688 1193 1736 lugebat
1212 1688 1359 1727 domus

69 1741 194 1780 otium
215 1740 366 1780 domini
387 1742 496 1783 senis
516 1753 592 1781 nec
611 1743 739 1782 finivit
757 1749 850 1782 ante
869 1742 1080 1791 tristitiam,
1103 1755 1222 1793 quam
1244 1743 1361 1782 labor

66 1797 122 1835 illi
149 1808 249 1836 suus
277 1797 484 1837 restitutus
513 1803 587 1837 est.
628 1798 799 1837 Adeone
827 1799 938 1838 iuvat
963 1805 1205 1848 occupatum
1233 1799 1362 1838 mmi?

67 1843 180 1892 Idem
201 1853 409 1902 plerisque
432 1854 589 1892 animus
610 1859 690 1893 est·
720 1854 868 1893 diutius
890 1855 1090 1904 cupiditas
1110 1855 1188 1894 illis
1210 1854 1361 1894 laboris
1376 1861 1400 1896 4

69 1919 190 1957 quam
219 1909 388 1948 facultas
419 1914 494 1948 est.
550 1920 640 1948 cum
667 1909 922 1949 inbecillitate
950 1910 1137 1960 corporis
1167 1915 1361 1960 pugnant.

69 1969 316 2004 senectutem
352 1965 483 2014 ipsam
517 1966 626 2004 nullo
661 1966 739 2004 alio
772 1966 935 2005 nomine
968 1977 1135 2015 gravem
1161 1966 1360 2015 iudicant,

71 2031 193 2069 quam
213 2021 324 2069 quod
343 2021 434 2061 illos
455 2020 629 2070 seponit.
657 2021 741 2059 Lex
762 2032 786 2060 a
807 2022 1144 2071 quinquagesimo
1166 2032 1272 2061 anno
1289 2023 1361 2061 mi—

69 2076 178 2116 litem
199 2087 280 2116 non
301 2077 416 2126 legit,
439 2088 462 2116 a
487 2077 744 2126 sexagesimo
765 2083 997 2117 senatorem
1015 2089 1098 2117 non
1119 2078 1234 2117 citat:
1257 2078 1360 2118 diffi-

71 2131 188 2172 cilius
206 2131 392 2172 homines
412 2144 436 2172 a
456 2145 502 2172 se
524 2133 646 2172 otium
666 2131 866 2182 inpetrant
888 2144 1010 2182 quam
1025 2144 1050 2171 a
1067 2133 1171 2182 lege.
1200 2133 1360 2173 Interim
1378 2137 1400 2172 ὃ

71 2187 166 2226 dum
199 2189 411 2238 rapiuntur
444 2194 484 2229 et
515 2189 695 2238 rapiunt,
732 2189 827 2228 dum
865 2190 965 2228 alter
992 2189 1156 2229 alterius
1185 2190 1362 2239 quietem

70 2244 240 2293 rumpit,
261 2245 356 2284 dum
374 2250 511 2284 mutuo
532 2244 668 2284 miseri
689 2249 795 2293 sunt,
813 2244 897 2283 vita
918 2248 981 2284 est
999 2245 1087 2283 sine
1107 2245 1249 2293 fructu,
1273 2245 1362 2285 sine

71 2300 299 2349 voluptate,
334 2301 422 2340 sine
450 2302 530 2340 ullo
552 2301 739 2350 profectu
760 2300 902 2339 animi:
935 2311 1054 2339 nemo
1075 2301 1114 2339 in
1135 2301 1361 2351 conspicuo

73 2360 241 2401 mortem
267 2356 408 2406 habet,
435 2368 555 2397 nemo
584 2367 665 2396 non
686 2357 831 2406 procul
852 2366 951 2406 spes
972 2356 1153 2397 intendit.
1196 2357 1362 2407 quidam
