1624 2626
272 163 350 203 156
506 163 548 203 L.
574 163 761 207 ANNAEI
788 164 1013 204 SENECAE
1041 165 1171 204 DIAL.
1196 164 1282 203 VII.

270 265 364 303 nihil
378 264 475 303 novi
498 263 638 303 facitis.
672 270 761 303 nam
789 269 828 303 et
855 265 980 303 solem
1004 263 1150 302 lumina
1177 273 1295 311 aegra
1314 261 1523 302 formidant

271 325 310 358 et
334 324 565 358 aversantur
589 319 691 358 diem
711 319 960 367 splendidum
979 323 1169 358 nocturna
1189 317 1389 364 animalia,
1419 329 1521 366 quae

227 384 230 389 ·
270 374 320 412 ad
353 374 518 422 primum
552 374 638 412 eius
674 379 798 412 ortum
830 378 988 421 stupent
1017 377 1055 412 et
1086 372 1246 410 latibula
1274 382 1347 426 sua
1372 374 1519 420 passim

264 432 416 475 petunt,
436 428 631 466 abduntur
648 427 687 466 in
707 428 859 476 aliquas
879 429 996 466 rimas
1016 427 1149 466 timida
1168 426 1277 466 lucis.
1322 427 1463 474 gemite
1482 431 1521 465 et

266 483 461 520 infelicem
486 482 658 531 linguam
692 482 886 520 bonorum
919 487 1101 521 exercete
1134 480 1333 528 convicio,
1366 480 1517 527 hiscite,

267 536 538 575 conmordete=
576 536 691 575 citius
725 537 846 576 multo
875 537 1062 585 frangetis
1090 536 1228 574 dentes
1256 546 1373 584 quam
1401 535 1518 584 inpri—

266 591 392 629 metis.

229 650 248 682 1
342 644 443 683 XXI.
483 645 678 694 „Quare
715 645 807 683 ille
847 644 1210 694 philosophiae
1252 644 1517 684 studiosus

264 704 341 738 est
359 704 575 738 ettamen
596 699 738 738 dives
766 700 911 739 vitam
933 699 1061 748 agit?
1089 709 1241 747 quare
1261 709 1382 747 opes
1402 709 1516 738 con-

262 754 558 792 temnendas
591 754 713 792 dicit
745 760 791 793 et
821 753 998 793 habet?
1042 755 1159 792 vitam
1194 753 1517 792 contemnendam

263 812 373 856 putat
391 813 430 847 et
443 811 569 846 tamen
585 808 707 846 vivit?
728 808 977 847 valitudinem
994 809 1317 848 contemnendam
1334 813 1515 847 ettamen

260 864 365 907 illam
399 862 693 910 diligentissime
724 867 853 902 tuetur
884 868 1003 911 atque
1039 863 1224 912 optimam
1256 864 1428 902 mavult?
1478 868 1518 902 et

260 916 419 955 exilium
446 928 590 956 vanum
618 927 760 956 nomen
786 922 896 965 putat
921 923 960 956 et
985 917 1055 956 ait:
1086 917 1182 965 quid
1209 917 1311 955 enim
1339 921 1398 956 est
1425 918 1515 955 mali

259 977 409 1010 mutare
435 972 645 1019 regiones?
681 976 720 1010 et
738 976 888 1019 tamen,
917 972 950 1010 si
978 973 1088 1019 licet,
1116 972 1289 1010 senescit
1306 972 1343 1011 in
1365 972 1516 1019 patria?

260 1031 298 1064 ct
315 1027 415 1064 inter
432 1026 588 1074 longius
610 1031 763 1073 tempus
784 1030 822 1064 et
841 1026 998 1064 brevius
1019 1026 1113 1064 nihil
1140 1026 1332 1066 interesse
1357 1026 1512 1073 iudicat,

259 1086 409 1127 tamen,
442 1081 476 1118 si
508 1080 600 1118 nihil
635 1080 835 1128 prohibet,
870 1081 1044 1119 extendit
1075 1086 1240 1119 aetatem
1268 1085 1305 1118 et
1332 1081 1368 1118 in
1395 1082 1515 1118 multa

222 1142 244 1175 2
259 1139 460 1173 senectute
479 1135 658 1183 placidus
676 1135 830 1173 viret2“
857 1135 924 1173 Ait
939 1135 1014 1173 ista
1030 1134 1176 1173 debere
1192 1134 1399 1181 contemni,
1420 1145 1511 1181 non,

258 1200 308 1227 ne
326 1189 487 1235 habeat,
517 1189 589 1228 sed
608 1199 658 1227 ne
684 1189 874 1228 sollicitus
894 1189 1046 1227 habeat.
1083 1200 1162 1228 non
1188 1189 1307 1236 abigit
1329 1189 1394 1227 illa
1414 1200 1437 1226 a
1457 1199 1513 1236 se,

258 1243 332 1282 sed
358 1242 540 1282 abeuntia
569 1253 733 1282 securus
768 1244 1031 1292 prosequitur.
1073 1243 1235 1282 Divitias
1264 1243 1420 1291 quidem
1448 1243 1513 1282 ubi

257 1299 375 1336 tutius
396 1299 550 1336 fortuna
570 1298 743 1346 deponet
762 1309 878 1346 quam
905 1298 979 1345 ibi,
1008 1298 1112 1336 unde
1138 1298 1223 1336 sine
1244 1298 1403 1345 querela
1423 1298 1511 1336 red·

220 1357 242 1390 3
259 1352 386 1391 dentis
413 1357 621 1400 receptura
652 1357 740 1391 est?
775 1352 826 1390 Μ.
857 1352 948 1391 Cato
977 1362 1064 1390 cum
1090 1353 1267 1390 laudaret
1295 1351 1448 1390 Curium
1475 1357 1513 1389 et

259 1407 544 1445 Coruncanium
565 1411 603 1445 et
622 1407 717 1445 illud
737 1408 933 1453 seculum,
963 1406 1000 1444 in
1023 1418 1101 1455 quo
1123 1406 1345 1444 censorium
1367 1407 1510 1446 crimen

257 1466 340 1499 crat
358 1471 509 1509 paucae
528 1462 678 1509 argenti
697 1462 884 1508 lamellae,
916 1461 1150 1509 possidebat
1166 1461 1252 1508 ipse
1273 1461 1511 1508 quadragies

257 1516 498 1562 sestertium,
525 1517 654 1554 minus
681 1516 768 1555 sine
788 1515 908 1555 dubio
930 1527 1047 1564 quam
1068 1516 1254 1561 Crassus,
1284 1516 1373 1563 plus
1395 1525 1512 1563 quam

257 1571 468 1608 Censorius
490 1570 596 1609 Cato.
624 1571 773 1609 maiore
792 1571 941 1618 spatio,
965 1570 998 1608 si
1019 1574 1298 1618 conparentur,
1320 1579 1508 1617 proavum

255 1624 421 1672 vicerat,
443 1635 559 1672 quam
580 1636 604 1663 a
623 1625 767 1664 Crasso
787 1625 1028 1672 vinceretur,
1050 1629 1106 1672 et,
1127 1624 1160 1662 si
1180 1624 1348 1662 maiores
1368 1624 1420 1661 illi
1441 1623 1511 1662 ob-

215 1686 239 1719 4
255 1680 456 1718 venissent
474 1689 593 1727 opes,
623 1691 708 1717 nonv
724 1680 954 1727 sprevisset.
972 1710 975 1713 .
992 1690 1067 1717 nec
1086 1678 1187 1717 enim
1209 1688 1252 1717 se
1273 1677 1431 1726 sapiens
1451 1678 1508 1715 in-

255 1733 414 1781 dignum
433 1733 522 1771 ullis
541 1734 768 1772 muneribus
789 1735 954 1773 fortuitis
975 1738 1096 1782 putat.
1126 1744 1202 1774 non
1225 1736 1327 1770 amat
1340 1732 1507 1778 divitiaS,

255 1789 326 1826 sed
346 1788 504 1826 mavult
540 1799 620 1826 non
648 1788 687 1826 in
709 1789 878 1826 animum
898 1788 1005 1835 illas,
1034 1789 1105 1827 sed
1125 1788 1161 1826 in
1182 1788 1338 1829 domum
1357 1787 1507 1834 recipit.

253 1853 326 1880 nec
357 1842 510 1890 respuit
539 1853 772 1891 possessas,
805 1843 878 1881 sed
907 1819 1079 1882 continet
1103 1847 1142 1882 et
1168 1842 1354 1880 maiorem
1379 1841 1508 1880 virtuti

254 1907 350 1935 suae
369 1897 570 1936 materiam
590 1897 875 1936 subministrari
896 1899 987 1936 vult.

218 1954 235 1986 1
330 1951 447 1989 ΧΧΙΙ.
477 1951 575 1999 Quid
597 1957 726 1991 autem
746 1952 852 1990 dubii
873 1957 951 1999 est,
974 1951 1067 2000 quin
1086 1951 1185 1990 haec
1203 1949 1327 1990 maior
1345 1950 1507 1988 materia

252 2006 420 2053 sapienti
438 2005 524 2044 viro
545 2007 595 2045 sit
614 2007 782 2046 anImum
803 2006 1028 2055 explicandi
1045 2016 1156 2045 suum
1172 2005 1210 2042 in
1227 2004 1371 2043 divitiis
1388 2015 1504 2052 quam

251 2059 290 2098 in
320 2066 569 2108 paupertate,
600 2072 687 2099 cum
713 2060 750 2099 in
778 2061 853 2100 hac
880 2073 999 2100 unum
1026 2069 1148 2108 genus
1172 2059 1324 2097 virtutis
1351 2057 1402 2096 sit
1426 2069 1504 2097 non

250 2114 426 2152 inclinari
446 2126 518 2153 nec
539 2115 722 2164 deprimi,
756 2116 794 2154 in
816 2115 960 2155 divitiis
979 2120 1017 2155 et
1035 2113 1290 2161 temperantia
1308 2117 1346 2150 et
1363 2112 1502 2154 libera—

250 2169 337 2206 litas
365 2173 403 2206 et
430 2169 628 2216 diligentia
657 2175 695 2208 et
723 2170 932 2219 dispositio
960 2174 998 2208 et
1016 2167 1302 2216 magnificentia
1322 2176 1502 2215 campum

213 2222 391 2264 2habeat
422 2227 630 2270 patentem.
679 2225 765 2263 Non
803 2227 1023 2264 contemnet
1056 2233 1101 2260 se
1137 2222 1316 2270 sapiens,
1351 2221 1501 2260 etiamsi

251 2276 366 2317 fuerit
389 2276 569 2316 minimae
594 2283 784 2328 staturae,
812 2289 905 2319 esse
930 2283 1059 2318 tamen
1085 2278 1132 2316 'se
1157 2285 1366 2325 procerum
1383 2277 1499 2315 volet.
