1624 2626
281 142 414 182 DIAL.
433 142 485 181 V.
523 141 590 181 DE
609 141 698 180 IRA
717 141 813 180 LIB.
829 140 896 180 111.
915 145 1074 182 31—34.
1242 139 1323 181 105

44 245 145 285 haec
179 248 242 284 est
268 242 465 293 sanguine
492 247 631 283 nostro
659 242 847 282 delibuta.
893 246 1059 291 propter
1089 241 1196 281 hanc
1222 251 1325 280 uxo-

43 313 132 341 rum
163 301 474 350 maritorumque
500 303 641 339 noctes
669 302 852 347 strepunt
883 298 1018 337 litibus
1046 301 1087 336 et
1113 297 1327 336 tribunalia

44 357 345 405 magistratuum
365 356 508 406 premit
526 355 653 402 turba,
673 364 792 403 reges
813 354 998 393 saeviunt
1015 353 1261 403 rapiuntque
1285 358 1326 392 et

44 413 224 452 civitates
246 412 364 460 longo
386 412 613 451 seculorum
635 410 774 449 labore
794 413 1046 449 constructas
1067 414 1262 455 evertunt,
1282 414 1327 448 ut

44 478 184 508 aurum
204 473 493 517 argentumque
514 467 555 506 in
583 466 717 505 cinere
751 465 908 505 urbium
936 469 1175 504 scrutentur.
1211 464 1327 503 Libet
1345 472 1367 506 2

42 524 185 563 intueri
213 524 338 563 fiscos
364 523 403 562 in
430 523 576 571 angulo
604 523 801 561 iacentes:
837 521 878 560 hi
906 525 1000 570 sunt
1027 525 1192 569 propter
1221 531 1327 568 quos

44 580 149 619 oculi
171 581 345 618 clamore
374 579 658 628 exprimantur,
687 576 843 616 fremitu
867 577 1106 616 iudiciorum
1133 576 1327 615 basilicae

42 639 246 684 resonent,
273 635 429 674 evocati
450 644 502 672 ex
521 634 752 682 longinquis
779 632 1011 682 regionibus
1030 631 1186 671 iudices
1209 632 1325 671 sede-

43 697 111 731 ant
129 691 357 738 iudicaturi,
384 690 513 730 utrius
536 690 678 729 iustior
696 689 862 728 avaritia
884 689 948 728 sit.
985 688 1086 737 Quid
1109 688 1143 727 si
1162 698 1214 727 ne
1234 697 1326 737 pro·
1344 696 1367 730 3

41 751 132 797 pter
146 746 288 785 fiscum
305 747 479 795 quidem,
490 746 564 785 sed
575 755 752 795 pugnum
762 745 866 784 aeris
883 749 951 784 aut
965 744 1187 793 inputatum
1203 754 1227 782 a
1242 754 1326 782 ser-

42 814 96 842 vo
118 803 324 842 denarium
353 812 480 840 senex
509 802 597 841 sine
624 801 773 839 herede
796 801 1011 839 moriturus
1039 799 1248 839 stomacho
1268 799 1327 838 di·

41 858 270 907 rumpitur?
305 858 402 906 quid
430 858 465 896 si
486 862 651 907 propter
669 858 863 896 usuram*
885 861 953 895 aut
978 855 1241 894 milensimam
1260 865 1329 894 va-

43 913 308 974 litudinariuQ
316 914 517 952 fenerator
531 912 709 952 distortis
730 912 901 961 pedibus
917 917 957 951 et
971 911 1154 950 manibus
1165 911 1218 949 ad
1233 921 1329 950 con·

44 970 268 1020 parendum
296 980 377 1008 non
403 973 572 1008 retentus
602 969 745 1007 clamat
770 978 819 1006 ac
847 978 920 1016 per
946 966 1177 1006 vadimonia
1211 976 1328 1005 asses

45 1036 144 1064 suos
165 1025 204 1064 in
224 1025 325 1074 ipsis
344 1025 472 1063 morbi
492 1023 796 1063 accessionibus
815 1023 1019 1062 vindicat?
1039 1021 1082 1060 Si
1100 1026 1223 1061 totam
1233 1020 1372 1061 mihist}

45 1091 97 1120 ex
115 1081 299 1120 omnibus
320 1079 503 1128 metallis,
524 1090 629 1129 quae
649 1089 738 1117 cum
760 1079 933 1117 maxime
955 1078 1227 1127 deprimimus,
1257 1088 1327 1126 pe-

45 1137 201 1175 cuniam
213 1137 407 1186 proferas,
429 1135 465 1175 si
484 1136 522 1174 in
544 1134 718 1175 medium
738 1134 914 1183 proicias
936 1133 1131 1183 quicquid
1148 1133 1327 1173 thesauri

43 1197 183 1241 tegunt
191 1190 356 1231 avaritia
372 1191 512 1231 iterum
526 1191 601 1230 sub
610 1195 739 1229 terras
749 1191 959 1238 referente,
971 1200 1076 1239 quae
1091 1190 1195 1228 male
1210 1199 1328 1238 eges·

45 1252 171 1287 serat:
199 1259 356 1287 omnem
372 1248 486 1287 istam
509 1246 737 1295 congeriem
759 1257 839 1285 non
869 1251 1004 1295 putem
1031 1245 1193 1294 dignam
1221 1256 1327 1294 quae

46 1304 213 1343 frontem
239 1304 313 1343 viri
341 1303 436 1343 boni
464 1303 682 1342 contrahat.
735 1302 890 1350 Quanto
918 1302 1004 1342 risu
1038 1301 1328 1352 prosequenda

0 1359 1 1362 ’
46 1365 139 1399 sunt
158 1370 260 1408 quae
284 1360 401 1399 nobis
421 1359 606 1398 lacrimas
627 1358 829 1397 educunt?

122 1416 296 1454 XXXIV.
336 1415 443 1455 Cedo
464 1425 583 1462 nunc,
605 1425 853 1463 persequere
874 1418 1020 1462 cetera,
1051 1414 1176 1461 cibos,
1200 1414 1327 1463 potio·
1348 1424 1366 1456 1

48 1481 121 1510 nes
135 1471 358 1520 horumque
370 1481 495 1510 causa
514 1475 691 1519 paratam
709 1470 975 1516 ambitionem,
995 1470 1222 1518 munditias,
1239 1480 1327 1508 ver-

46 1526 120 1573 ba,
149 1527 428 1575 contumelias,
457 1531 587 1565 motus
611 1537 824 1574 corporum
844 1537 986 1575 parum
1016 1526 1263 1565 honorificos
1291 1531 1330 1565 et

49 1581 317 1630 suspiciones,
338 1586 378 1620 et
392 1581 639 1621 contumacia
658 1581 832 1620 iumenta
851 1587 891 1621 et
908 1582 1023 1631 pigra
1041 1582 1250 1630 mancipia,
1269 1580 1330 1620 in*-

48 1637 353 1686 terpretationes
374 1637 568 1686 malignas
586 1637 700 1676 vocis
722 1637 887 1685 alienae,
916 1637 1063 1687 quibus
1084 1637 1266 1685 efficitur,
1286 1641 1331 1676 ut

47 1693 150 1732 inter
177 1692 341 1731 iniurias
371 1693 565 1744 [naturae]
592 1698 821 1732 numeretur
847 1704 981 1732 sermo
1008 1692 1161 1733 homini
1189 1693 1328 1732 datus:

49 1749 169 1788 crede
189 1748 294 1794 mihi,
316 1748 420 1786 levia
439 1752 532 1787 sunt
547 1753 711 1797 propter
733 1759 837 1797 quae
858 1760 939 1788 non
958 1750 1101 1788 leviter
1128 1749 1329 1788 excande-

48 1805 211 1850 seimus,
233 1805 365 1853 qualia
377 1814 479 1852 quae
492 1814 642 1852 pueros
661 1803 700 1842 in
720 1805 850 1843 rixam
869 1809 908 1843 et
926 1804 1095 1854 iurgium
1117 1805 1328 1844 concitant.

47 1860 151 1898 Nihil
175 1870 226 1898 cx
253 1860 315 1898 his
346 1870 452 1908 quae
477 1865 556 1898 tam
583 1859 716 1898 tristes
744 1860 920 1909 agimus,
948 1860 1099 1899 serium
1126 1865 1207 1906 est,
1235 1858 1330 1898 nihil
1349 1862 1371 1896 2

48 1926 255 1964 magnum:
274 1916 380 1963 inde,
397 1916 571 1963 inquam,
590 1915 708 1954 vobis
722 1915 782 1954 ira
801 1921 840 1954 et
856 1917 1012 1955 insania
1027 1921 1100 1962 est,
1120 1916 1231 1964 quod
1245 1915 1329 1954 exi-

49 1981 128 2020 gua
147 1981 292 2019 magno
313 1971 545 2010 aestimatis.
589 1972 760 2009 Auferre
779 1971 843 2010 hic
862 1972 957 2010 mihi
977 1972 1237 2010 hereditatem
1255 1982 1328 2011 vo·

48 2026 133 2066 luit.
171 2027 236 2065 hic
263 2038 326 2065 me
346 2027 413 2065 diu
432 2028 471 2065 in
493 2037 606 2076 spem
627 2037 855 2075 supremam
876 2026 1119 2076 captatus**
1145 2026 1327 2066 crimina·

0 2123 2 2135 ,
49 2087 115 2122 tus
139 2087 213 2121 est.
250 2082 315 2121 hic
343 2087 520 2121 scortum
547 2092 679 2120 meum
700 2082 944 2131 concupivit.
984 2082 1100 2130 Quod
1127 2083 1327 2122 vinculum
1347 2091 1370 2125 3

50 2138 198 2177 amoris
218 2148 312 2177 esse
328 2138 510 2186 debebat,
531 2137 738 2176 seditionis
757 2142 878 2187 atque
888 2138 969 2176 odii
987 2148 1110 2177 causa
1128 2142 1201 2185 cst,
1221 2138 1327 2178 idem

49 2193 166 2231 velle.
198 2194 278 2232 Iter
291 2199 506 2242 angustum
524 2194 634 2232 rixas
648 2194 938 2232 transeuntium
957 2194 1148 2234 concitat:
1178 2193 1329 2233 diffusa

51 2253 91 2287 et
112 2249 190 2287 late
210 2254 353 2298 patens
373 2250 438 2288 via
457 2260 508 2288 ne
530 2250 704 2298 populos
725 2249 886 2298 quidem
906 2250 1066 2288 collidit.
1110 2250 1192 2289 Ista
1222 2260 1328 2298 quae

52 2304 251 2353 adpetitis,
281 2305 375 2355 quia
395 2306 541 2354 exigua
559 2309 654 2344 sunt
676 2315 751 2344 nec
778 2310 952 2354 possunt
975 2305 1027 2344 ad
1055 2307 1222 2346 alterum
1251 2305 1328 2344 nisi
