1592 2580
353 170 539 211 NATUR.
560 170 772 219 QUAEST.
800 171 895 213 ΠΒ.
910 173 961 212 V.
991 177 1046 212 15.
1066 178 1122 214 16.
1290 171 1374 215 265

151 274 286 312 Eurus
301 273 360 312 ad
374 272 570 312 Auroram
586 274 865 322 Nabataeaque
882 286 1007 323 reqna
1024 277 1183 316 recessit

152 330 392 378 Persidaque
409 334 447 368 et
463 330 591 367 radiis
607 331 702 377 iuqa
719 330 872 368 subdita
891 333 1099 370 matutinis.

144 408 146 410 -
162 386 307 434 Vesper
324 389 362 424 et
378 386 537 423 occiduo
555 396 656 432 quae
673 387 790 424 litora
808 388 886 425 sole
905 390 1111 436 tepescunt,

114 457 117 459 ·
151 441 341 480 Proxima
358 446 448 479 sunt
465 441 660 489 zephyris.
705 441 904 490 Scythiam
920 446 1139 491 septemque
1156 434 1301 483 ffiones

82 527 85 530 ,
119 527 133 532 ,,
151 496 342 543 Hor-riser
359 498 502 534 invasit
517 496 675 535 boreas:
702 499 903 536 contraria
922 499 1033 536 tellus
1222 535 1225 539 Α

150 552 324 590 Nubibus
341 552 520 590 adsiduis
533 554 740 601 pluvioque
757 553 944 592 madescit
960 553 1010 591 ab
1026 558 1172 592 austro.
1268 584 1271 585 ν

92 609 173 646 Vel
200 607 235 646 si
261 607 425 645 brevius
452 607 542 645 illos
567 608 764 656 conplecti
783 608 930 654 mavis,
960 608 998 646 in
1019 619 1138 647 unam
1158 611 1409 657 tempesta-2

94 668 194 709 tem,
226 663 334 710 quod
355 663 463 711 nullo
484 662 606 701 modo
626 662 713 701 fieri
734 668 883 712 potest,
915 669 1228 712 congregentur:

146 729 232 821 23⁶⁰
250 719 457 767 Eurusque
474 718 670 767 Notusque
687 724 808 758 ruunt
822 720 1032 768 creberque
1046 721 1228 768 procellis
1287 749 1290 751 Α
1332 747 1333 751 ,

206 785 312 813 meus
748 809 752 812 Α

95 835 152 876 et,
183 829 252 878 qui
269 830 402 868 locum
421 828 460 867 in
482 829 548 868 illa
568 839 701 878 pugna
720 839 800 868 non
819 828 976 878 habuit,
1001 830 1163 879 Aquilo.
1208 827 1372 876 Quidam
1388 830 1411 865 3

94 884 187 924 illos
207 885 423 924 duodecim
450 885 618 923 faciunt:
649 886 943 934 quatuor-enim
963 886 1064 924 coeli
1083 890 1219 934 partes
1238 884 1279 922 in
1298 889 1373 923 ter-

95 951 171 979 nas
199 941 380 979 dividunt
406 944 447 979 et
467 940 634 988 singulis
652 940 783 979 ventis
803 941 920 980 binos
941 941 1246 989 subpraesectos
1267 939 1374 979 dant.

95 996 182 1034 Hac
199 1001 282 1035 arte
294 997 437 1043 Varro,
456 996 517 1034 vir
532 996 720 1044 diligens,
741 997 832 1034 illos
848 996 1021 1044 ordinat,
1042 1006 1117 1034 nec
1134 995 1221 1035 sine
1238 1003 1373 1034 causa.

95 1062 178 1091 non
204 1052 309 1090 enim
337 1052 479 1090 eodem
498 1053 589 1090 loco
612 1062 773 1100 semper
794 1053 858 1090 sol
878 1052 1001 1091 oritur
1019 1056 1088 1091 aut
1106 1050 1270 1098 occidit,
1301 1049 1376 1089 sed

96 1108 198 1146 alius
227 1112 289 1146 est
314 1112 425 1146 ortus
450 1117 704 1156 occasusque
724 1107 1047 1156 aequinoctialis,
1076 1106 1139 1146 bis
1159 1111 1290 1146 autem
1309 1115 1374 1144 ae-

96 1163 342 1211 quinoctium
369 1168 448 1209 est,
488 1163 589 1201 alius
624 1163 842 1202 solstitialis
855 1193 864 1210 ,
903 1164 1005 1201 alius
1038 1163 1240 1200 hibernus.
1302 1159 1374 1208 Qui
1389 1164 1413 1199 4

95 1219 223 1267 surgit
249 1217 299 1256 ab
327 1219 479 1257 oriente
499 1217 798 1266 aequinoctiali,
829 1218 1140 1256 subsolanus
1170 1215 1277 1265 apud
1298 1227 1373 1254 nos

95 1274 257 1321 dicitur,
291 1274 432 1312 Graeci
459 1274 567 1312 illum
606 1273 903 1322 aphelioten
941 1278 1100 1312 vocant.
1143 1272 1193 1311 ab
1221 1271 1375 1310 oriente

93 1329 261 1367 hiberno
283 1339 434 1367 eurus
455 1329 554 1376 exit,
576 1339 694 1378 quem
711 1329 835 1367 nostri
854 1333 1052 1367 vocavere
1075 1328 1373 1366 volturnum.

94 1389 134 1423 et
157 1384 296 1423 Livius
324 1384 401 1422 hoe
428 1385 535 1422 illum
557 1385 716 1423 nomine
737 1384 912 1431 adpellat
931 1383 967 1422 in
989 1384 1054 1422 illa
1079 1393 1210 1431 pugna
1229 1382 1373 1421 Roma-

24 1458 28 1460 >
94 1440 157 1477 nis
186 1450 327 1488 parum
354 1450 571 1487 prospera,
608 1440 647 1477 in
677 1450 757 1487 qua
782 1439 979 1478 Hannibal
1006 1443 1045 1476 et
1076 1443 1215 1476 contra
1247 1437 1374 1475 solem

95 1494 290 1533 orientem
314 1495 532 1533 exercitum
560 1499 740 1533 nostrum
761 1500 800 1532 et
823 1499 960 1532 contra
978 1498 1139 1532 ventum
1160 1492 1372 1538 constituit,

83 1555 174 1589 -tum
195 1550 303 1588 venti
323 1550 519 1588 adiutorio
539 1561 587 1588 ac
608 1549 774 1598 fulgoris
797 1549 1122 1597 praestringentis
1143 1549 1283 1588 oculos
1302 1547 1373 1586 ho-

95 1605 214 1644 stium
239 1606 345 1644 vicit.
390 1606 522 1644 Varro
553 1615 717 1654 quoque
743 1605 821 1644 hoc
849 1614 994 1643 nomen
1023 1608 1204 1652 usurpat.
1243 1603 1317 1641 sed
1337 1607 1376 1641 et

94 1670 246 1700 eurus
279 1662 355 1699 iam
386 1661 544 1699 civitate
570 1661 741 1699 donatus
770 1664 832 1698 est
854 1665 898 1698 >et
922 1664 1061 1698 nostro
1090 1659 1265 1698 sermoni
1292 1668 1373 1696 non

92 1720 292 1765 tamquam
322 1716 476 1754 alienus
504 1716 726 1754 intervenit.
765 1716 815 1754 ab
836 1716 986 1754 oriente
1009 1714 1204 1754 solstitiali
1225 1713 1372 1751 excita-

92 1776 175 1810 tum
201 1771 420 1811 καικίαν
448 1771 590 1809 Graeci
619 1771 839 1819 adpellant,
870 1770 979 1818 apud
1006 1780 1081 1808 nos
1106 1769 1193 1808 sine
1214 1769 1373 1807 nomine

93 1831 168 1866 est.
214 1827 534 1875 Aequinoctialis
566 1827 754 1865 occidens
793 1825 1050 1864 favonium
1086 1824 1217 1871 mittit,
1255 1834 1373 1872 quem
1389 1832 1411 1865 5

94 1882 317 1933 zephyrum
337 1891 430 1920 esse
450 1882 584 1920 dicent
602 1881 671 1919 tibi
692 1882 827 1928 etiam,
858 1880 926 1929 qui
947 1880 1098 1918 Graece
1118 1878 1301 1919 nesciunt
1314 1880 1370 1918 lo—

94 1937 176 1986 qui.
206 1949 231 1976 a
250 1937 447 1976 solstitiali
468 1937 676 1975 occidente
701 1946 852 1975 corus
878 1937 1004 1982 venit,
1034 1935 1102 1984 qui
1125 1934 1233 1982 apud
1250 1944 1372 1983 quos-

93 1993 187 2032 dam
206 1998 444 2042 argestes
473 1992 635 2030 dicitur:
663 1991 758 2030 mihi
775 2003 854 2030 non
875 1990 1044 2038 videtur,
1071 1989 1165 2038 quia
1185 1990 1268 2028 cori
1287 1990 1374 2028 vio-

85 2049 199 2088 lenta
216 2050 278 2088 vis
299 2054 361 2087 est
380 2053 419 2086 et
437 2048 476 2086 in
497 2058 616 2087 unam
637 2053 787 2095 partem
806 2057 954 2095 rapu,
982 2050 1161 2094 argestes
1177 2045 1262 2083 sere
1274 2045 1373 2084 mol·-

93 2103 144 2142 lis
168 2110 232 2143 est
257 2111 296 2144 et
322 2109 401 2142 tam
423 2102 607 2141 euntibus
631 2102 853 2141 communis
873 2112 993 2150 quam
1012 2099 1286 2140 redeuntibus.
1322 2099 1373 2138 ab

94 2159 303 2198 occidente
332 2159 498 2197 hiberno
534 2158 731 2196 africus
764 2157 999 2195 furibundus
1025 2161 1066 2195 et
1091 2166 1236 2203 ruens,
1265 2154 1372 2204 apud

97 2213 274 2254 Graecos
303 2215 406 2263 lips
436 2213 591 2252 dicitur.
638 2213 676 2251 A
703 2211 1016 2260 septemtrionali
1044 2212 1167 2252 latere
1195 2214 1411 2253 summusfi

95 2274 159 2307 est
189 2270 385 2318 aquilo,
421 2269 576 2308 medius
607 2267 928 2316 septemtrio,
962 2266 1064 2305 imus
1093 2264 1372 2306 thrascias:

93 2322 188 2363 huic
206 2324 323 2364 deest
336 2325 442 2373 apud
461 2335 535 2363 nos
554 2323 804 2363 vocabulum.
843 2323 880 2361 A
896 2321 1115 2360 meridiano
1130 2331 1208 2360 axe
1226 2331 1371 2360 euro—
