1592 2580
347 175 415 230 DE
442 174 723 214 BENEFIcns
751 175 931 214 ΜΕΝ.
959 181 1088 217 5—7.
1305 174 1360 215 63
1388 152 1398 163 “

81 279 194 320 aliter
209 277 383 318 interdiu
400 278 579 327 fulgens:
609 287 736 326 negas
755 281 795 316 te
812 277 936 316 ullum
955 287 1102 316 munus
1123 277 1364 327 accepisse?

79 336 238 375 Etcum
256 334 353 382 ista,
386 343 491 384 quae
511 332 659 382 habes,
690 343 836 382 magno
853 333 1064 381 aestimes,
1093 333 1205 382 quod
1225 338 1289 372 est
1306 333 1364 372 in·
1380 340 1403 375 3
1476 332 1485 337 '

80 392 182 441 grati
207 390 401 436 hominis,
437 390 534 428 nulli
556 389 705 428 debere
725 394 763 428 te
791 388 977 428 iudicas?
1019 389 1137 428 Unde
1156 388 1227 428 tibi
1246 389 1368 428 istum

82 457 202 497 quem
220 446 346 486 trahis
367 445 578 494 spiritum?
603 446 712 484 unde
730 445 869 493 istam,
890 455 964 494 per
985 455 1107 494 quam
1126 450 1241 484 actus
1261 445 1369 484 vitae

81 502 362 552 tuaedisponis
383 507 503 551 atque
518 501 701 550 ordinas,
721 502 880 540 lucem?
902 501 1013 540 unde
1027 501 1279 550 sanguinem,
1300 511 1369 540 cu—

80 560 143 598 ius
161 569 284 598 cursu
298 558 430 597 vitalis
447 558 672 597 continetur
681 558 820 596 calor?
845 557 953 596 unde
969 557 1047 596 ista
1061 558 1241 606 palatum
1258 562 1370 596 tuum

81 614 296 664 saporibus
326 615 539 663 exquisitis
570 614 673 652 ultra
700 613 922 652 satietatem
949 612 1220 652 lacessentia?
1260 612 1371 651 unde

79 671 181 710 haee
206 670 459 710 inritamenta
485 670 564 709 iam
583 671 719 708 lassae
734 669 983 718 voluptatist
1010 669 1119 708 unde
1138 669 1216 708 ista
1237 668 1370 717 quies,

81 727 120 766 in
140 737 222 777 qua
241 726 441 776 putrescis
462 736 510 765 ac
528 729 716 764 marces?
758 725 923 772 Nonne,
943 724 979 764 si
993 730 1130 774 gratus
1150 735 1216 774 es,
1237 724 1371 763 dices:
1386 731 1409 766 4

351 783 457 821 Deus
474 782 582 821 nobis
600 782 699 820 haec
717 783 796 820 otia
810 781 922 829 fecit.

191 839 369 888 Namque
387 840 463 878 erit
481 840 546 877 ille
563 838 663 876 mihi
679 848 834 886 semper
851 838 967 885 deus,
995 837 1101 875 illius
1119 847 1235 875 aram

191 895 320 944 Saepe
339 899 448 934 tener
466 895 608 932 nostris
625 894 676 932 ab
695 894 856 932 ovilibus
873 894 1004 932 inbuet
1022 903 1161 941 aquus.

191 951 270 990 Ille
288 962 395 990 meas
416 961 556 989 errare
576 950 702 996 boves,
732 954 776 988 ut
791 951 939 997 cernis,
966 953 1005 987 et
1022 950 1150 998 ipsum

190 1007 347 1046 Ludere
370 1017 471 1055 quae
490 1008 625 1045 vellem
647 1007 801 1045 calamo
815 1007 996 1054 permisit
1012 1006 1171 1052 αρν-θεῖτ’.

82 1063 153 1101 llle
181 1062 284 1101 deus
311 1066 375 1101 est
403 1072 484 1100 non
513 1061 582 1110 qui
609 1071 764 1111 paucas
791 1061 943 1108 boves,
971 1060 1045 1098 sed
1066 1060 1135 1108 qui
1156 1070 1230 1109 per
1249 1065 1409 1100 totum5

84 1118 223 1158 orbem
251 1123 430 1157 armenta
456 1116 624 1165 dimisit,
656 1117 724 1166 qui
744 1116 936 1165 gregibus
956 1116 1109 1164 ubique
1130 1116 1284 1165 passim
1305 1127 1372 1154 va—

82 1173 266 1223 gantibus
294 1173 486 1223 pabulum
514 1177 713 1222 praestat,
745 1173 814 1221 qui
844 1182 998 1221 pascua
1016 1171 1198 1211 hibernis
1218 1172 1374 1210 aestiva

82 1229 305 1278 substituit,
342 1229 410 1278 qui
437 1240 517 1268 non
543 1230 697 1268 calamo
717 1233 869 1268 tantum
890 1233 1053 1267 cantare
1075 1233 1115 1267 et
1134 1233 1296 1276 agreste
1316 1233 1371 1266 at-

84 1296 161 1335 que
180 1285 426 1324 inconditum
446 1295 606 1324 carmen
624 1285 678 1323 ad
697 1285 872 1334 aliquam
891 1289 1023 1323 tamen
1046 1283 1373 1323 observationem

85 1342 282 1381 modulari
302 1341 456 1388 docuit,
488 1340 564 1380 sed
587 1346 644 1380 tot
663 1346 793 1388 artes,
821 1345 881 1380 tot
894 1351 1042 1379 vocum
1058 1340 1296 1387 varietates,
1316 1345 1376 1379 tot

85 1408 232 1446 sonOS‚
260 1397 362 1436 alios
383 1395 526 1446 spiritu
546 1402 683 1436 nostro
696 1428 705 1445 ,
730 1397 832 1436 alios
849 1401 1015 1435 externo
1032 1401 1173 1435 cantus
1191 1394 1372 1434 edituros

85 1458 334 1493 commentus
354 1458 429 1491 est.
474 1453 617 1502 Neque
636 1453 741 1491 enim
760 1457 901 1492 nostra
920 1453 999 1491 ista
1018 1462 1124 1500 quae
1143 1452 1372 1490 invenimus
1388 1456 1410 1490 6

86 1510 236 1548 dixeris
247 1527 268 1555 ,ν
294 1519 375 1547 non
396 1509 545 1556 magis,
576 1519 696 1557 quam
717 1509 829 1558 quod
848 1509 1090 1555 crescimus,
1119 1518 1240 1556 quam
1262 1508 1373 1556 quod

86 1565 139 1603 ad
157 1564 414 1604 constitutum
430 1569 654 1612 temporum
668 1575 742 1603 sua
757 1563 920 1613 corpori
943 1563 1078 1603 officia
1098 1563 1352 1612 respondent
1363 1578 1373 1598 ε

86 1631 192 1660 nunc
214 1619 425 1669 puerilium
446 1618 623 1659 dentium
646 1620 811 1670 lapsus,
840 1631 947 1659 nunc
968 1619 1021 1659 ad
1040 1624 1271 1668 surgentem
1293 1619 1373 1657 iam

87 1680 258 1716 aetatem
285 1680 325 1714 et
350 1675 389 1713 in
409 1675 678 1715 robustiorem
697 1676 866 1724 gradum
886 1680 1159 1714 transeuntem
1179 1675 1373 1724 pubertas

88 1737 127 1771 et
153 1732 315 1771 ultImus
343 1731 409 1770 ille
437 1731 538 1770 dens
558 1732 738 1780 surgenti
758 1731 947 1771 iuventae
965 1731 1177 1770 terminum
1199 1741 1372 1780 ponens.

86 1788 211 1828 Insita
230 1793 324 1827 sunt
341 1786 460 1826 nobis
481 1788 655 1827 omnium
676 1792 850 1826 aetatum
869 1787 1127 1836 omniumque
1147 1788 1289 1826 artium
1309 1796 1372 1826 se-

87 1844 194 1883 mina
212 1843 486 1893 magisterque
505 1853 556 1882 ex
578 1844 736 1883 occulto
758 1843 859 1883 deus
880 1844 1068 1893 producit
1086 1843 1261 1892 ingenia.

168 1899 256 1938 VlI.
292 1899 487 1948 „Natura‚
518 1899 668 1948 inquit,
695 1899 797 1938 haec
823 1899 920 1938 mihi
940 1903 1160 1948 praestat.“
1204 1899 1294 1937 Non
1313 1897 1407 1938 in-.l

88 1955 241 2004 tellegis
255 1960 317 2005 te,
337 1965 429 1994 cum
447 1954 526 1994 hoe
546 1954 668 2003 dicis,
687 1959 839 1994 mutare
855 1966 1002 1994 nomen
1018 1954 1127 1994 deo?
1155 1954 1253 2003 quid
1267 1953 1375 1992 enim

89 2011 198 2051 aliud
225 2015 288 2051 est
318 2016 461 2050 natura
488 2021 609 2060 quam
636 2010 738 2050 deus
765 2015 806 2050 et
831 2011 968 2050 divina
991 2010 1094 2049 ratio
1122 2010 1195 2049 toti
1221 2010 1378 2048 mundo:

91 2067 353 2117 partibusque
382 2067 469 2106 eius
494 2067 675 2107 inserta?
723 2065 917 2114 Quotiens
934 2067 1071 2114 voles,
1100 2065 1171 2105 tibi
1189 2066 1284 2105 licet
1302 2065 1372 2104 ali—

90 2127 150 2161 ter
166 2122 273 2162 hunc
289 2127 496 2162 auctorem
509 2133 643 2162 rerum
657 2127 886 2162 nostrarum
902 2122 1132 2171 conpellare
1143 2137 1154 2158 a
1180 2126 1220 2161 et
1233 2122 1375 2161 Iovem

91 2178 200 2218 illum
220 2179 412 2228 optimum
431 2189 480 2218 ac
498 2179 715 2217 maximum
731 2178 807 2217 rite
825 2178 937 2217 dices
957 2183 996 2216 et
1013 2182 1219 2217 tonantem
1238 2183 1278 2217 et
1291 2182 1374 2216 sta-

93 2237 232 2274 torem.
277 2234 346 2284 qui
375 2246 475 2284 non,
501 2239 548 2275 ut
572 2234 752 2273 historici
783 2233 1052 2281 tradiderunt,
1088 2244 1142 2272 ex
1176 2244 1226 2273 eo
1260 2233 1373 2283 quod

94 2294 188 2337 post
208 2294 345 2330 votum
363 2295 596 2339 susceptum
618 2290 728 2329 acies
746 2290 1020 2329 Romanorum
1039 2288 1270 2338 fugientium
1291 2288 1374 2328 ste-

95 2344 158 2393 tit,
187 2346 261 2395 sed
280 2346 391 2396 quod
406 2351 512 2386 stant
523 2345 722 2387 beneficio
738 2345 826 2386 eius
841 2345 992 2397 omnia,
1016 2350 1141 2386 stator
1157 2344 1374 2386 stabilitor-
