1624 2626
327 190 380 229 96
697 192 739 230 L.
767 191 955 230 ANNAEI
982 165 1206 231 SENECAE

329 295 401 338 est,
423 291 530 339 quod
550 295 681 339 patres
698 302 858 340 quoque
878 290 1098 330 occisorum
1117 292 1255 330 eadem
1271 295 1385 330 no‘cte
1405 291 1577 332 dimissis

328 355 400 393 per
420 345 560 384 domos
581 347 872 385 centurionibus
900 345 1089 384 confecitt
1125 345 1166 383 id
1185 350 1263 393 est,
1289 346 1406 385 homo
1427 347 1576 386 miseri-

328 409 418 438 cors
448 401 554 439 luctu
579 399 768 439 liberavit.
806 411 883 438 non
912 399 1014 437 enim
1034 399 1114 437 Caii
1141 399 1358 446 saevitiam,
1388 402 1460 440 sed
1485 402 1578 445 irae,

327 454 575 502 propositum
596 460 657 494 est
671 455 917 493 describere:
944 464 1045 501 quae
1064 464 1143 492 non
1163 457 1309 492 tantum
1318 455 1459 493 viritim
1478 456 1578 503 l'urit,

328 509 401 547 sed
419 513 556 557 gentes
579 513 680 548 totas
701 509 879 555 lancinat,
905 508 979 546 sed
998 508 1115 546 urbes
1136 513 1174 547 et
1188 508 1348 547 flumina
1367 514 1405 548 et
1429 513 1511 548 tuta
1529 510 1577 548 ab

328 563 432 602 omni
453 574 575 602 sensu
594 564 743 602 doloriS
765 563 1033 602 converberat.

287 615 305 648 1
404 618 486 656 XX.
516 617 581 656 Sic
608 629 680 656 rex
697 618 903 656 Persarum
927 617 1048 655 totius
1073 617 1208 665 populi
1235 627 1350 656 nares
1377 617 1514 655 recidit
1540 617 1576 654 in

328 671 456 722 Syria,
476 672 856 711 undeRhinocolura
871 673 957 710 loco
969 681 1109 709 nomen
1128 676 1199 710 est.
1227 671 1458 720 Pepercisse
1472 672 1577 709 illum

325 726 489 772 iudicas,
513 727 620 775 quod
632 737 709 765 non
720 731 801 765 tota
821 726 950 774 capita
963 726 1177 773 praecidit?
1203 737 1307 765 novo
1323 736 1467 774 genere
1482 736 1575 774 poe-

285 779 307 812 2
328 792 400 819 nae
421 781 637 819 delectatus
659 786 731 819 est.
776 782 868 819 Tale
896 779 1044 828 aliquid
1070 780 1179 828 passi
1204 780 1330 819 forent
1347 780 1575 828 Aethiopes,
1621 791 1624 794 ⁴

328 836 394 883 qui
415 836 464 873 ob
485 836 756 883 longissimum
783 836 886 874 vitae
906 834 1075 883 spatium
1093 834 1359 873 Macrobiotae
1377 835 1574 882 adpellan-

325 895 398 927 tur.
429 889 465 927 in
488 890 562 928 hos
584 890 698 937 enim,
729 890 820 938 quia
845 900 925 928 non
954 888 1105 937 supinis
1133 890 1312 928 manibus
1341 893 1577 936 exceperant

326 945 553 982 servitutem
588 945 803 992 missisque
834 944 972 992 legatis
1007 944 1129 981 libera
1154 953 1348 992 responsa
1376 943 1574 987 dederant,

325 1009 427 1046 quae
446 999 731 1037 contumeliosa
755 1009 871 1046 reges
897 1002 1051 1043 vocant,
1082 998 1297 1048 Cambyses
1326 998 1512 1035 fremebat
1539 1002 1576 1035 et

323 1064 402 1091 non
424 1053 596 1100 provisis
617 1053 912 1100 commeatibus,
940 1063 1019 1090 non
1039 1052 1252 1100 exploratis
1272 1052 1483 1099 itineribus,
1504 1062 1575 1100 per

323 1107 440 1155 invia,
460 1117 531 1156 per
545 1107 693 1146 arentia
713 1107 1049 1145 trahebatomnem
1063 1107 1166 1145 bello
1181 1108 1309 1145 utilem
1329 1106 1492 1153 turbam,
1512 1106 1574 1144 cui
1622 1101 1624 1116 ²

324 1161 424 1200 intra
445 1162 610 1210 primum
637 1162 709 1200 iter
728 1161 890 1199 deerant
907 1162 1133 1199 necessaria
1162 1171 1234 1199 nec
1255 1161 1462 1209 quicquam
1482 1160 1574 1198 sub·
1622 1200 1624 1202 ,

326 1216 568 1254 ministrabat
595 1215 738 1254 sterilis
757 1220 796 1254 et
820 1216 964 1253 inculta
988 1215 1239 1264 humanoque
1258 1216 1390 1262 ignota
1407 1215 1573 1262 vestigio

284 1278 306 1311 3
324 1270 446 1318 regio.
496 1269 749 1309 Sustinebant
770 1270 909 1308 famem
938 1269 1061 1319 primo
1090 1271 1296 1308 tenerrima
1322 1269 1517 1307 frondium
1537 1274 1575 1307 et
1622 1275 1624 1278 ⁴

325 1326 528 1363 cacumina
548 1324 743 1371 arborum,
763 1329 843 1362 tum
858 1324 965 1363 coria
984 1323 1072 1372 igne
1087 1324 1231 1362 mollita
1246 1328 1283 1362 et
1300 1324 1487 1372 quicquid
1507 1333 1572 1361 ne-

325 1379 491 1418 cessitas
520 1378 649 1417 cibum
677 1379 834 1417 fecerat.
887 1384 1094 1427 postquam
1121 1379 1219 1417 inter
1245 1388 1385 1416 arenas
1417 1378 1572 1416 radices

325 1444 486 1482 quoque
518 1437 556 1471 et
587 1433 732 1471 herbae
767 1433 992 1472 defecerant
1026 1433 1282 1481 adparuitque
1314 1431 1430 1479 inops
1459 1431 1573 1469 etiam

324 1487 547 1526 animalium
568 1487 752 1535 solitudo,
778 1487 971 1526 decimum
991 1497 1187 1536 quemque
1205 1485 1329 1525 sortiti
1349 1487 1570 1524 alimentum

283 1547 305 1580 4
325 1542 546 1581 habuerunt
564 1543 666 1580 fame
686 1542 856 1580 saevius.
902 1542 1055 1590 Agebat
1074 1542 1201 1579 adhuc
1226 1540 1284 1579 ira
1309 1551 1442 1589 regem
1462 1550 1571 1588 prae-

325 1597 493 1645 cipitem,
515 1607 602 1635 cum
618 1601 766 1645 partem
781 1596 977 1634 exercitus
993 1595 1198 1642 amisisset,
1218 1600 1364 1643 partem
1380 1595 1572 1634 comedis-

323 1656 394 1698 set,
422 1652 550 1690 donec
575 1650 710 1696 timuit,
737 1661 787 1689 ne
809 1655 848 1689 et
873 1651 962 1699 ipse
981 1655 1187 1688 vocaretur
1212 1649 1263 1687 ad
1290 1653 1453 1688 sortem:
1492 1653 1572 1687 tum

323 1706 480 1744 demum
506 1706 660 1754 signum
686 1704 863 1753 receptui
889 1705 1007 1743 dedit.
1046 1705 1302 1743 servabantur
1325 1703 1477 1742 interim
1505 1713 1572 1751 ge-

323 1770 492 1799 nerosae
511 1760 564 1798 illi
586 1770 680 1798 aves
702 1764 740 1798 et
764 1760 1021 1798 instrumenta
1039 1760 1239 1807 epularum
1267 1759 1426 1796 camelis
1453 1757 1570 1796 vehe-

323 1815 477 1861 bantur,
505 1825 594 1853 cum
622 1814 852 1854 sortirentur
879 1814 1019 1853 milites
1048 1813 1144 1861 eius,
1174 1813 1260 1862 quis
1288 1814 1388 1850 male
1416 1811 1570 1861 periret,

325 1870 413 1917 quis
436 1869 547 1918 peius
567 1869 728 1908 viveret.

284 1925 302 1957 1
402 1923 502 1962 XXI.
529 1924 601 1962 Hic
616 1923 737 1962 iratus
762 1924 832 1962 suit
844 1924 948 1971 genti
967 1928 1006 1962 et
1023 1923 1176 1971 ignotae
1191 1927 1228 1960 et
1245 1921 1454 1968 inmeritae,
1482 1931 1570 1959 sen-

324 1988 441 2016 surae
464 1983 611 2017 tamen:
648 1978 775 2028 Cyrus
795 1977 957 2017 flumini.
999 1978 1095 2016 Nam
1115 1987 1202 2015 cum
1219 1976 1426 2026 Babylona
1445 1986 1567 2023 oppu-

323 2037 511 2080 gnaturus
540 2032 742 2071 festinaret
776 2033 826 2071 ad
853 2033 1015 2081 bellum,
1044 2031 1154 2070 cuius
1181 2031 1571 2068 maxima-momenta

324 2087 363 2124 in
391 2087 668 2126 occasionibus
684 2092 791 2135 sunt,
832 2088 990 2136 Gynden
1016 2087 1094 2125 latev
1123 2086 1254 2124 fusum
1290 2094 1443 2123 amnem
1467 2084 1569 2122 vado
1621 2081 1623 2124 j

323 2140 490 2179 transire
507 2143 720 2190 temptavit,
740 2142 848 2191 quod
868 2142 931 2180 vix
949 2145 1071 2180 tutum
1089 2143 1158 2185 est,
1189 2140 1303 2178 etiam
1331 2149 1418 2177 cum
1446 2138 1571 2177 sensit
1620 2146 1624 2182 ὲ,

283 2200 305 2234 2
323 2199 511 2234 aestatem
538 2196 645 2234 etad
670 2197 869 2235 mtnimum
899 2196 1088 2234 deductus
1108 2198 1180 2232 est.
1229 2194 1286 2234 lbi
1314 2202 1415 2232 unus
1444 2202 1495 2230 ex
1520 2192 1569 2230 iis
1618 2211 1620 2234 ÷

324 2249 449 2297 equis,
471 2249 538 2298 qui
559 2251 710 2289 trahere
725 2251 883 2299 regium
897 2260 1050 2300 currum
1071 2247 1147 2286 albi
1167 2248 1358 2295 solebant,
1379 2247 1565 2295 abreptus
1616 2249 1619 2273 ὲ

324 2303 575 2344 vehementer
602 2306 809 2345 commovit
835 2311 986 2353 regern:
1018 2303 1156 2342 iuravit
1183 2303 1313 2351 itaque
1343 2312 1387 2340 se
1415 2311 1567 2339 amnem
