1592 2580
298 161 484 200 NATUR.
504 159 718 210 QUAEST.
741 159 838 200 LIB.
853 160 942 199 VII.
969 165 1098 201 1—4.
1261 159 1346 202 299

63 263 232 302 invecta.
278 261 530 300 Democritus
542 271 738 310 quoque,
775 260 1060 300 subtilissimus
1087 261 1344 311 antiquorum

63 318 258 365 omnium,
294 317 494 366 suspicari
522 327 568 356 se
593 316 647 356 ait
667 317 803 366 plures
826 326 920 355 esse
940 317 1097 364 stellas,
1129 327 1233 365 quae
1252 327 1344 356 cur-

60 378 167 421 rant,
195 372 270 411 sed
289 383 364 411 nec
384 382 591 411 numerum
609 373 763 411 illarum
787 372 923 421 posuit
942 382 1017 411 nec
1037 372 1217 419 nomina,
1242 383 1342 412 non-

61 429 156 468 dum
183 428 474 476 conprehensis
495 427 674 476 quinque
702 426 879 466 siderum
899 427 1098 467 cursibus.
1145 427 1342 468 Eudoxus

59 484 211 534 primus
232 483 281 522 ab
296 486 487 534 Aegypto
508 483 584 522 hos
603 487 736 522 motus
755 483 795 521 in
812 483 1018 521 Graeciam
1039 482 1248 523 transtulit.
1277 483 1343 523 hic

58 545 191 580 tamen
220 540 270 578 de
297 539 464 578 cometis
491 538 588 577 nihil
616 537 723 577 dicit.
767 548 819 576 ex
846 549 926 587 quo
954 538 1123 588 adparet
1149 549 1200 578 ne
1232 540 1344 588 apud

57 596 284 645 Aegyptios
317 594 497 643 quidem,
538 593 686 643 quibus
714 594 840 633 maior
867 594 969 633 coeli
993 604 1089 633 cura
1107 595 1200 643 suit,
1237 595 1342 634 hanc

57 656 213 700 partem
240 650 497 689 elaboratam.
546 650 683 689 Conon
713 655 876 698 postea,
905 648 1077 698 diligens
1107 654 1147 689 et
1171 649 1261 699 ipse
1282 651 1379 693 ἱππ-3

59 707 239 755 quisitor,
272 706 517 745 defectiones
539 705 702 754 quidem
730 705 829 744 solis
852 710 1035 745 servatas
1058 705 1108 744 ab
1126 705 1342 757 Aegyptiis

59 762 238 810 collegit,
269 762 418 800 nullam
443 766 575 801 autem
595 761 836 800 mentionem
857 761 951 800 fecit
970 766 1234 810 cometarum,
1260 773 1342 801 non

57 818 434 868 praetermissurus,
473 818 510 856 si
547 817 646 866 quid
677 816 875 866 explorati
918 817 1029 866 apud
1065 817 1157 857 illos
1190 828 1341 867 conpe—

56 874 190 913 risset.
933 891 952 915 a
973 895 975 897 ·

137 930 207 967 IV.
242 929 331 968 Duo
360 933 486 976 certe,
517 928 584 978 qui
605 928 713 977 apud
737 927 961 968 Chaldaeos
990 926 1198 968 studuisse
1217 939 1263 968 se
1282 928 1339 968 di·
1357 933 1376 966 1

59 989 172 1031 cunt,
202 984 402 1034 Epigenes
431 990 471 1024 et
490 984 732 1033 Apollonius
751 984 963 1034 Myndius,
995 984 1261 1032 peritissimus
1282 983 1342 1023 in-

58 1041 358 1090 spiciendorum
377 1041 666 1088 nat[ur]alium,
696 1040 798 1078 inter
818 1049 864 1078 se
885 1039 1100 1079 dissident:
1129 1040 1193 1079 hic
1210 1045 1343 1079 autem

57 1097 112 1136 ait
139 1102 316 1136 cometas
343 1096 383 1134 in
410 1106 575 1135 numero
604 1097 808 1135 stellarum
832 1095 1048 1134 errantium
1069 1095 1165 1145 poni
1184 1107 1208 1135 a
1228 1095 1343 1135 Chal·

57 1152 171 1191 daeis
200 1152 406 1200 tenerique
435 1162 577 1191 cursus
609 1162 762 1191 eorum.
815 1150 1073 1200 Epigenes
1103 1157 1243 1191 contra
1277 1151 1344 1190 ait

59 1207 282 1247 Chaldaeos
310 1207 406 1246 nihil
427 1208 478 1246 de
499 1208 666 1246 cometis
686 1207 837 1246 habere
857 1206 1146 1256 conprehensi,
1176 1207 1251 1246 sed
1269 1207 1342 1245 vi·

58 1263 167 1302 deri
192 1262 314 1302 illos
345 1264 559 1302 accendi
588 1262 790 1302 turbine
821 1262 1036 1311 quodam
1061 1261 1198 1301 aeris
1223 1273 1341 1302 con-

57 1317 205 1358 citati
242 1323 289 1358 et
325 1317 518 1358 intorti.
571 1318 785 1357 Primum
820 1327 964 1367 ergo,
1004 1317 1039 1356 si
1070 1317 1141 1357 tibi
1172 1319 1380 1366 videtur,2

58 1374 332 1423 opiniones
362 1374 512 1414 huius
534 1385 779 1424 ponamus
802 1384 858 1412 ac
876 1373 1192 1412 refellamus.
1239 1373 1344 1413 Huic

56 1430 215 1469 videtur
233 1429 445 1478 plurimum
464 1431 604 1470 virium
626 1430 775 1468 habere
791 1429 842 1468 ad
860 1439 1000 1467 omnes
1018 1429 1243 1468 sublimium
1258 1439 1342 1468 mo—

56 1490 122 1524 tus
141 1486 257 1524 stella
277 1484 456 1524 Saturni:
485 1486 612 1533 „haec
632 1482 723 1524 cu‘m
743 1484 926 1533 proxima
941 1484 1057 1532 signa
1071 1484 1188 1524 Marti
1201 1485 1344 1534 premit

59 1546 127 1580 aut
154 1540 225 1588 [in]
255 1542 375 1580 lunae
403 1541 586 1580 viciniam
614 1541 756 1581 transit
775 1545 842 1579 aut
859 1541 899 1579 in
921 1540 1019 1579 solis
1038 1540 1176 1579 incidit
1193 1540 1342 1589 radios,

59 1601 201 1635 natura
218 1602 389 1636 ventosa
403 1602 442 1635 et
455 1596 598 1645 frigida
613 1595 810 1636 contrahit
825 1595 1004 1645 pluribus
1020 1596 1121 1635 locis
1138 1598 1232 1635 aera
1247 1606 1341 1635 con-

58 1652 288 1702 globatque.
326 1652 473 1691 deinde
500 1652 535 1691 si
564 1652 702 1692 radios
729 1652 828 1691 solis
855 1651 1099 1701 adsumpsit,
1129 1656 1240 1691 tonat
1266 1652 1341 1691 ful-

57 1712 274 1757 guratque=
303 1708 338 1746 si
365 1708 532 1747 Martem
560 1718 723 1758 quoque
752 1708 1067 1747 consentientem
1093 1707 1233 1754 habet,
1267 1708 1342 1747 ful-

58 1764 192 1802 minat.
238 1763 468 1810 Praeterea‚
501 1764 648 1813 inquit,
678 1762 795 1802 aliam
816 1764 1018 1802 materiam
1041 1762 1189 1803 habent
1214 1763 1340 1802 fulmi-
1356 1770 1380 1805 3

58 1830 132 1867 na,
158 1819 276 1858 aliam
303 1819 607 1867 fulgurationes.
645 1830 840 1868 aquarum
861 1818 967 1857 enim
987 1825 1025 1858 et
1044 1819 1173 1858 omnis
1191 1819 1343 1858 humidi
1392 1866 1397 1870 ,

59 1875 290 1924 evaporatio
322 1875 560 1924 splendores
587 1880 740 1914 tantum
769 1875 871 1914 coeli
897 1875 995 1913 citra
1020 1874 1141 1913 ictum
1164 1875 1342 1914 minaces

58 1935 212 1970 movet:
248 1931 316 1969 illa
343 1936 474 1970 autem
494 1931 660 1970 calidior
681 1930 909 1979 sicciorque
930 1935 1124 1969 terrarum
1143 1930 1342 1970 exhalatio

59 1986 223 2025 fulmina
248 1986 443 2025 extundit.
487 1987 638 2025 Trabes
663 1997 761 2025 vero
783 1991 822 2025 et
848 1986 979 2034 faces,
1010 1996 1115 2034 quae
1134 1986 1244 2025 nullo
1264 1984 1343 2025 alio

58 2042 160 2080 inter
177 2052 223 2081 se
243 2053 363 2091 quam
383 2042 654 2090 magnitudine
673 2042 842 2090 distant,
865 2041 943 2080 hoc
963 2041 1083 2081 modo
1105 2042 1223 2081 fiunt:
1253 2052 1342 2080 cum
1356 2050 1380 2085 4

58 2096 222 2136 humida
253 2103 492 2146 terrenaque
526 2098 564 2136 in
599 2108 646 2136 se
680 2097 824 2146 globus
860 2097 1008 2147 aliquis
1046 2098 1151 2136 aeris
1186 2096 1340 2146 clausit,

61 2162 181 2201 quem
197 2153 394 2193 turbinem
414 2153 604 2201 dicimus,
627 2163 882 2202 quacumque
902 2154 1036 2200 fertur,
1066 2153 1231 2202 praebet
1249 2163 1341 2202 spe-

61 2208 163 2246 ciem
188 2208 292 2257 ignis
320 2209 489 2256 extenti,
520 2219 624 2257 quae
651 2213 731 2247 tam
759 2209 827 2247 diu
847 2209 983 2255 durat,
1014 2208 1205 2257 quamdiu
1231 2219 1347 2248 man--

62 2262 235 2359 sithaeris
254 2265 320 2304 illa
340 2264 554 2314 conplexio
573 2263 724 2305 humidi
742 2263 846 2304 intra
864 2274 910 2304 se
930 2265 1160 2315 terrenique
1178 2264 1342 2305 multum

61 2328 112 2359 ve
141 2321 254 2358 ens.“
