1624 2626
243 145 312 184 AD
338 143 581 184 MARCIAM
607 143 674 183 DE
705 141 1102 182 CONSOLATIONE.
1129 148 1241 185 4-7.
1302 141 1381 183 117

101 245 263 287 horrida
296 245 367 293 sit,
403 244 595 294 quicquid
630 250 746 293 potes
777 244 974 293 congeris.
1018 235 1107 291 Nes
1131 244 1302 284 obsecro
1328 248 1380 290 te,
1398 251 1419 285 5

102 302 355 351 concupieris
385 300 733 351 perversissimam
755 300 920 349 gloriam
947 299 1223 339 infelicissima
1239 299 1382 340 videri.

102 358 220 398 simul
248 357 381 406 cogita
405 367 487 396 non
513 366 609 396 esse
636 367 823 405 magnum
851 356 974 395 rebus
1002 357 1212 405 prosperis
1240 357 1385 396 sortem

101 424 147 453 se
165 423 323 463 gerere,
352 412 420 453 ubi
440 412 620 451 secundo
642 422 763 451 cursu
779 411 860 451 vita
879 412 1073 461 procedit.
1110 422 1161 450 ne
1186 413 1383 461 guberna—

100 469 198 509 toris
225 469 387 518 quidem
415 473 541 507 artem
566 468 821 517 tranquillum
848 478 958 507 mare
977 472 1016 506 et
1035 468 1267 516 obsequens
1286 478 1383 507 ven—

99 531 163 565 tus
183 525 377 564 ostendit=
404 523 567 563 adversi
595 524 745 573 aliquid
765 524 939 563 incurrat
956 528 1138 573 oportet,
1169 524 1279 573 quod
1299 522 1384 562 ani—

100 592 208 620 mum
230 579 385 630 probet.
419 580 592 620 Proinde
611 590 663 619 ne
682 580 916 619 submiseris
935 585 988 629 te,
1007 580 1128 619 immo
1148 585 1288 619 contra
1306 580 1386 628 fige
1401 582 1423 618 6

101 637 283 676 stabilem
313 637 482 685 gradum
508 641 549 676 et
576 636 769 685 quicquid
805 646 971 676 onerum
999 647 1124 685 supra
1147 636 1292 675 cecidit
1319 646 1386 674 su-

101 693 226 740 stine,
247 691 376 741 primo
397 693 604 732 dumtaxat
622 693 791 741 strepitu
810 691 1037 731 conterrita.
1070 693 1178 731 nulla
1195 702 1240 730 re
1260 691 1389 730 maior

101 747 252 787 invidia
271 749 453 787 fortunae
472 748 516 788 fit
536 759 655 797 quam
676 758 807 797 aequo
824 748 997 787 animo.“
1024 747 1121 787 Post
1134 748 1236 787 haec
1253 753 1387 787 osten-

103 804 162 843 dit
180 803 237 843 illi
255 804 379 844 filium
399 803 653 851 incolumem,
674 804 850 843 ostendit
868 814 920 843 ex
939 804 1090 843 amisso
1112 809 1297 852 nepotes.

159 860 228 898 Vl.
263 859 388 899 Tuum
415 860 513 908 illic,
547 859 719 907 Marcia,
755 861 958 909 negotium
983 865 1134 908 actum,
1167 859 1239 899 tibi
1258 860 1388 898 Areus
1406 867 1425 900 1

105 915 274 955 adsedit.
318 921 428 955 muta
458 926 696 965 personam:
725 920 765 955 te
791 916 1025 955 consolatus
1053 921 1126 954 est.
1171 914 1253 954 Sed
1281 920 1389 964 puta,

103 971 274 1019 Marcia,
299 977 480 1020 ereptum
508 971 577 1012 tibi
605 971 778 1020 amplius
808 982 928 1021 quam
956 972 1038 1010 ulla
1055 981 1246 1020 umquam
1266 976 1391 1010 mater

105 1027 297 1066 amiserit..
344 1038 438 1069 non,
466 1027 696 1076 permulceo
730 1032 770 1065 te
808 1037 885 1066 nec
918 1032 1093 1066 extenuo
1126 1026 1391 1065 calamitatem

104 1089 232 1122 tuam:
261 1083 297 1122 si
323 1081 484 1122 fletibus
513 1084 594 1122 fata
611 1083 844 1129 vincuntur,
869 1083 1136 1122 conseramus.
1177 1087 1241 1121 eat
1260 1081 1390 1121 omnis
1406 1091 1428 1124 2

104 1139 207 1178 inter
233 1139 363 1178 luctus
391 1138 493 1178 dies.
536 1142 696 1178 noctem
719 1139 807 1178 sine
827 1149 970 1179 somno
990 1140 1148 1178 tristitia
1167 1143 1391 1177 consumat.

104 1195 337 1243 ingerantur
367 1195 542 1234 lacerato
578 1194 734 1243 pectori
765 1205 908 1234 manus
942 1199 982 1234 et
1013 1195 1052 1233 in
1086 1195 1217 1244 ipsam
1249 1194 1393 1232 faciem

105 1251 267 1299 inpetus
294 1250 365 1289 fiat
391 1255 512 1300 atque
540 1250 647 1290 omni
677 1261 723 1289 se
753 1261 902 1299 genere
926 1251 1117 1290 saevitiae
1138 1251 1392 1300 proiecturus

107 1316 268 1346 moeror
285 1312 489 1346 exerceat:
520 1307 595 1346 sed
622 1307 657 1346 si
684 1307 803 1346 nullis
825 1306 1050 1356 planctibus
1071 1308 1258 1346 defuncta
1275 1316 1394 1344 revo-

109 1366 268 1410 cantur,
295 1362 330 1401 si
357 1373 448 1402 sors
472 1363 622 1402 inmota
650 1368 689 1402 et
715 1363 754 1401 in
782 1368 986 1402 aeternum
1005 1364 1087 1402 fixa
1105 1364 1213 1402 nulla
1233 1361 1394 1401 miseria

110 1422 282 1457 mutatur
308 1422 348 1457 et
376 1429 485 1458 mors
512 1419 653 1458 renuit.
669 1419 861 1468 quicquid
881 1419 1061 1468 abstulit,
1097 1419 1254 1458 desinat
1280 1419 1397 1457 dolor

113 1472 182 1522 qui
209 1473 323 1522 perit.
366 1474 496 1522 Quare
521 1485 709 1524 regamur
734 1479 811 1513 nec
837 1485 914 1514 nos
942 1475 1019 1514 ista
1047 1475 1110 1514 vis
1138 1478 1433 1514 transversos3

111 1528 276 1569 auferat.
313 1530 440 1578 turpis
461 1536 523 1570 est
541 1531 688 1580 navigii
706 1535 851 1579 rector,
874 1531 937 1570 cui
959 1531 1228 1579 gubernacula
1249 1530 1396 1569 fluctus

112 1583 277 1633 eripuit,
308 1584 377 1633 qui
406 1585 599 1625 fluitantia
624 1588 714 1625 vela
735 1587 932 1635 deseruit,
967 1588 1147 1636 permisit
1168 1585 1397 1635 tempestati

111 1645 258 1680 ratem:
297 1645 336 1679 at
367 1639 434 1679 ille
461 1642 526 1680 vel
553 1642 593 1680 in
620 1643 827 1691 naufragio
855 1643 1083 1682 laudandus
1118 1653 1237 1692 quem
1266 1641 1399 1681 obruit

114 1696 255 1746 [mare]
276 1707 420 1735 navem
440 1701 639 1736 tenentem
660 1703 699 1736 et
718 1698 922 1737 obnixum.

195 1752 282 1791 Vll.
307 1753 402 1798 „At
429 1752 558 1791 enim
584 1754 819 1792 naturale
848 1754 1164 1794 desiderium
1194 1760 1434 1793 suoruml

114 1810 230 1848 est.“
261 1807 358 1856 Quis
378 1814 517 1856 negat,
540 1809 730 1857 quamdiu
748 1810 950 1850 modicum
970 1815 1055 1850 est?
1083 1822 1175 1850 nam
1197 1811 1397 1857 discessu,

114 1874 195 1903 non
223 1864 353 1903 solum
382 1864 599 1903 amissione
628 1865 924 1905 carissimorum
950 1868 1207 1906 necessarius
1237 1875 1398 1904 morsus

115 1924 178 1958 est
197 1924 238 1958 et
253 1919 573 1960 firmissimorum
594 1931 757 1969 quoque
785 1921 1007 1962 animorum
1028 1921 1262 1962 contractio.
1306 1932 1326 1960 s
1339 1921 1399 1960 ed

116 1975 230 2024 plus
258 1981 334 2014 est
363 1976 497 2024 quod
525 1976 701 2024 opinio
723 1977 882 2018 adicit
902 1990 1046 2027 quam
1068 1979 1198 2027 quod
1219 1982 1398 2016 natura

115 2030 396 2080 imperavit.
430 2032 614 2080 Adspice
640 2037 840 2071 mutorum
867 2035 1094 2072 animalium
1125 2045 1244 2083 quam
1264 2032 1396 2073 conci·
1413 2042 1436 2076 2

117 2091 198 2126 tata
217 2086 298 2126 sint
323 2086 527 2127 desideria
547 2093 586 2125 et
605 2093 737 2126 tamen
758 2099 877 2137 quam
897 2090 1047 2128 brevia.
1085 2100 1296 2129 vaccarum
1316 2099 1398 2128 uno

118 2142 183 2182 die
202 2143 379 2185 alterove
399 2144 573 2192 mugitus
594 2144 765 2191 auditur,
795 2154 869 2183 nec
890 2145 1038 2185 diutius
1059 2155 1251 2194 equarum
1271 2155 1399 2194 vagus

117 2198 184 2238 ille
211 2208 432 2248 amensque
460 2200 668 2240 discursus
698 2204 772 2238 est.
814 2201 924 2238 serae
951 2211 1042 2239 cum
1060 2202 1229 2250 vestigia
1249 2201 1399 2240 catulo-

119 2264 206 2292 rum
233 2259 487 2294 consectatae
515 2260 609 2295 sunt
640 2261 679 2294 et
709 2255 783 2294 silv
786 2266 831 2294 as
860 2262 1119 2313 pervagatae,
1156 2268 1245 2297 cum
1275 2267 1399 2306 saepe

121 2309 171 2348 ad
191 2309 337 2349 cubilia
355 2311 531 2360 expilata
549 2310 758 2360 redierint,
788 2311 940 2351 rabiem
967 2310 1071 2360 ima
1090 2313 1279 2363 exiguum
1301 2318 1398 2353 tem-
