1598 2606
345 163 412 204 DE
436 161 719 203 BENEFICIIS
745 161 827 202 LIB
845 162 875 200 I.
905 169 938 202 l.
959 168 994 203 2.
1286 161 1313 202 3

36 267 164 307 fuisse
180 265 360 315 mallent,
390 274 484 304 esse
502 262 661 314 patitur.
697 263 786 304 Hoc
806 267 846 303 et
862 263 997 313 magni
1018 261 1138 303 animi
1157 268 1196 304 et
1214 264 1313 304 boni
1323 271 1367 306 12

36 320 241 372 proprium
260 325 341 370 est,
361 331 443 360 non
463 320 634 360 fructum
651 319 940 359 beneficiorum
960 320 1096 369 sequi,
1118 320 1194 359 sed
1208 320 1312 370 ipsa,

37 383 76 419 et
93 381 187 428 post
204 377 332 417 malos
357 386 520 426 quoque
538 376 688 416 bonum
717 385 926 424 quaerere.
977 375 1082 424 Quid
1108 375 1314 426 magnifici

37 438 121 474 erat
137 432 271 472 multis
290 432 510 482 prodesse,
529 432 564 471 si
585 442 703 471 nemo
724 431 958 481 deceperit?
974 443 1082 472 nunc
1104 437 1167 471 est
1184 433 1312 472 virtus

38 490 134 529 dare
153 489 348 528 beneficia
362 499 442 527 non
456 488 596 537 utique
610 488 799 536 reditura,
820 485 991 539 quorum
1006 498 1030 527 a
1046 488 1132 527 viro
1149 489 1313 538 egregio

36 545 168 585 statim
202 545 353 584 fructus
381 549 598 594 perceptus
627 549 700 583 est.
746 544 863 583 Adeo
885 544 1046 593 quidem
1070 544 1148 583 ista
1165 554 1233 583 res
1254 545 1313 583 fu·
1328 547 1369 582 13

34 611 131 650 gare
158 611 234 640 nos
262 606 301 640 et
328 599 527 650 pig-riores
555 601 608 639 ad
626 609 711 638 rem
738 599 1043 649 pulcherrimam
1071 601 1206 639 facere
1233 611 1314 640 non

35 657 173 705 debet,
203 661 247 696 ut
274 657 308 695 si
338 666 434 705 spes
454 655 548 694 mihi
578 655 831 705 praecidatur
848 660 1003 704 gratum
1029 656 1232 695 hominem
1251 667 1313 694 re·

34 713 236 761 periendi‚
260 712 394 751 malim
410 723 492 751 non
518 712 702 761 recipere
728 711 927 750 beneficia
948 722 1066 760 quam
1091 722 1173 751 non
1201 712 1311 758 dare,

37 769 130 817 quia
151 769 219 818 qui
240 778 319 806 non
340 768 426 815 dat,
453 767 592 807 vitium
619 767 761 816 ingrati
785 767 998 806 antecedit.
1043 767 1182 807 Dicam
1204 769 1313 817 quod

37 824 189 863 sentio·
227 824 296 873 qui
322 823 563 862 beneficium
595 834 677 863 non
703 823 855 873 reddit,
893 823 1023 872 magis
1050 829 1213 872 peccat.
1245 825 1313 872 qui

35 890 115 919 non
136 881 222 928 dat,
249 879 376 918 citius.
415 886 418 888 ’

91 935 139 973 lI.
196 936 398 983 Beneficia
419 938 459 975 in
477 938 609 984 volqus
633 946 720 975 cum
747 937 894 985 larqim·
913 937 1134 983 institueris,
1173 980 1177 983 ,
1335 946 1354 978 1

201 992 411 1030 Perdenda
433 997 523 1030 sunt
540 994 682 1040 multa,
712 995 756 1030 ut
777 994 895 1031 semel
906 1003 1035 1042 ponas
1053 993 1159 1031 bene.

35 1049 79 1085 In
100 1047 235 1096 priore
256 1057 378 1086 versu
396 1052 611 1097 utrumque
631 1047 930 1096 reprehendas:
963 1058 1056 1086 nam
1074 1057 1151 1086 nec
1169 1047 1209 1086 in
1229 1050 1314 1086 vol—

34 1114 110 1152 gus
131 1102 376 1142 effundenda
395 1108 488 1142 sunt
507 1107 547 1142 et
561 1103 709 1142 nulllus
730 1103 808 1151 rei,
838 1103 1000 1142 minime
1022 1103 1314 1142 beneficiorum

34 1159 206 1198 honesta
224 1159 379 1207 largitio
401 1163 474 1197 est.
525 1158 671 1208 quibus
693 1158 729 1197 si
749 1159 973 1198 detraxeris
994 1159 1206 1206 iudicium,
1244 1159 1313 1198 de-

34 1215 170 1254 sinunt
189 1225 282 1254 esse
301 1214 517 1262 beneficia,
538 1215 579 1253 in
599 1213 710 1253 aliud
729 1215 937 1264 quodlibet
954 1215 1133 1254 incident
1152 1226 1312 1255 nomen.

35 1270 220 1320 Sequens
239 1281 385 1310 sensus
407 1270 598 1309 mirificus
618 1274 699 1319 est,
721 1271 790 1320 qui
810 1281 891 1310 uno
914 1271 1018 1310 bene
1038 1271 1172 1320 posito
1192 1272 1313 1310 bene·
1337 1279 1358 1312 2

32 1326 126 1366 ficio
147 1328 360 1366 multorum
384 1328 624 1365 amissorum
651 1327 798 1365 damna
826 1327 990 1366 solatur.
1022 1327 1150 1375 Vide,
1171 1338 1243 1367 oro
1264 1333 1314 1375 te,

33 1393 86 1421 ne
108 1383 186 1422 hoc
206 1388 246 1422 et
263 1383 399 1422 verius
421 1383 471 1421 sit
493 1388 532 1421 et
550 1382 813 1430 magnitudini
834 1383 939 1421 bene
958 1381 1144 1422 facientis
1166 1381 1313 1432 aptius,

33 1437 204 1477 utillum
223 1438 428 1478 hortemur
449 1438 500 1476 ad
529 1437 683 1486 danda,
712 1438 869 1477 etiamsi
893 1439 1048 1477 nullum
1074 1438 1179 1477 bene
1202 1438 1314 1487 posi-

35 1499 148 1532 turus
168 1499 242 1532 est:
284 1494 383 1533 illud
408 1493 513 1532 enim
540 1493 685 1532 falsum
720 1497 783 1532 est
807 1494 1021 1544 perdenda
1049 1499 1139 1533 sunt
1170 1496 1313 1533 multa.-

36 1550 185 1587 nullum
214 1549 334 1603 perit,
362 1548 456 1598 quia
483 1549 550 1597 qui
577 1549 710 1598 perdit
737 1554 1041 1599 conputaverat.
1087 1550 1313 1589 Beneficio·
1333 1557 1355 1591 3

34 1616 123 1643 rum
143 1604 314 1653 simplex
341 1605 440 1644 ratio
461 1608 545 1643 est:
563 1609 714 1644 tantum
739 1610 940 1655 erogatur.
972 1606 1007 1644 si
1026 1605 1130 1644 redit
1148 1606 1312 1655 aliquid,

34 1661 190 1699 lucrum
210 1664 284 1699 est.
330 1660 365 1699 si
398 1670 479 1699 non
509 1661 630 1708 redit,
654 1661 843 1700 damnum
875 1672 959 1700 non
987 1667 1061 1701 est.
1107 1662 1194 1711 Ego
1214 1662 1313 1701 illud

36 1716 148 1764 dedi,
178 1721 222 1754 ut
249 1716 399 1754 darem.
447 1725 564 1754 nemo
600 1715 796 1755 beneficia
828 1717 869 1755 in
895 1717 1124 1756 calendario
1160 1717 1310 1764 scribit,

35 1782 110 1810 nec
144 1781 291 1810 avarus
323 1774 488 1810 exactor
509 1771 562 1810 ad
586 1770 726 1811 horam
755 1777 795 1812 et
821 1772 926 1811 diem
956 1773 1145 1821 adpellat.
1191 1774 1311 1812 Num-

37 1838 155 1876 quam
174 1827 243 1866 illa
266 1828 326 1865 vir
352 1827 484 1866 bonus
512 1826 659 1874 cogitat
684 1827 762 1866 nisi
788 1828 1016 1867 admonitus
1050 1840 1073 1867 a
1095 1829 1311 1868 reddente:

35 1883 211 1932 alioquin
231 1884 270 1921 in
295 1884 459 1922 formam
480 1882 618 1921 crediti
636 1887 856 1923 transeunt.
883 1884 1012 1933 turpis
1033 1885 1226 1924 feneratio
1251 1890 1314 1924 est

34 1939 273 1978 beneficium
291 1949 516 1987 expensum
531 1939 648 1976 ferre.
670 1938 982 1989 Qualiscumque
997 1941 1178 1989 priorum
1193 1950 1311 1979 even·
1331 1949 1354 1983 4

34 1999 100 2033 tus
120 1999 199 2042 est,
231 2005 449 2044 persevera
468 1995 508 2032 in
529 1994 629 2033 alios
650 1995 852 2034 conferre:
879 1996 1023 2034 melius
1043 1997 1154 2045 apud
1180 1996 1310 2045 ingra-

36 2054 100 2089 tos
133 2051 338 2100 iacebunt,
369 2061 473 2101 quos
510 2054 579 2088 aut
605 2050 737 2098 pudor
765 2057 832 2090 aut
859 2051 1022 2090 occasio
1053 2057 1120 2091 aut
1147 2051 1310 2091 imitatio

37 2106 252 2155 aliquando
286 2111 423 2155 gratos
456 2106 601 2155 poterit
628 2106 800 2145 efficere.
846 2108 905 2146 Ne
928 2108 1175 2156 cessaveris,
1205 2119 1309 2157 opus

35 2166 146 2201 tuum
174 2172 325 2212 perage
357 2167 396 2201 et
431 2167 568 2212 partes
600 2161 696 2200 boni
723 2162 798 2200 viri
827 2173 1065 2212 exsequere.
1111 2163 1229 2203 alium
1251 2175 1309 2212 re,

38 2218 157 2256 alium
187 2218 287 2265 fide,
326 2217 446 2257 alium
477 2218 623 2266 gratia,
661 2217 780 2256 alium
814 2219 1002 2267 consilio,
1040 2219 1159 2259 alium
1192 2230 1308 2269 prae-

39 2274 164 2322 ceptis
195 2273 421 2314 salubribus
451 2274 623 2312 adiuva:
667 2274 802 2313 officia
834 2275 952 2314 etiam
984 2275 1094 2314 serae
1125 2276 1308 2319 sentiunt,
1329 2284 1350 2317 5

38 2337 112 2367 nec
135 2330 258 2369 ullum
284 2335 362 2369 tam
389 2330 681 2370 inmansuetum
706 2330 847 2370 animal
869 2335 950 2380 est,
981 2331 1091 2379 quod
1110 2343 1191 2373 non
1212 2342 1309 2372 cura

987 2385 1037 2427 11*
