1592 2580
287 166 366 208 190
655 166 697 204 L.
725 167 913 206 ANNAEI
945 167 1169 207 SENECAE

281 269 326 313 sit
349 267 395 306 ob
421 265 764 305 dissimilitudinem
789 266 954 304 nubium.
982 265 1132 314 quare?
1158 269 1262 306 aliae
1280 269 1460 306 maiorem
1480 270 1539 307 si-

282 332 373 359 num
391 321 547 367 habent,
568 322 670 358 aliae
686 322 881 358 minorem.
917 325 1082 359 ceterum
1100 323 1168 360 illa
1187 323 1241 359 vis
1259 324 1436 370 expressi
1453 324 1538 371 spi—

282 378 379 414 ritus
405 377 504 422 {quis
530 378 602 420 est,
630 377 698 422 qui
714 375 991 422 sulyurtttionis
1009 386 1141 413 nomen
1159 376 1288 422 habet,
1320 379 1393 414 levi
1410 378 1539 425 inpetu

282 440 466 468 aecensus
492 432 529 468 et
553 440 687 467 vanus.
733 430 829 467 Ante
864 434 989 467 autem
1017 430 1184 468 videmus
1204 430 1399 477 fulqorem
1425 441 1538 478 quam

281 495 414 522 sonum
433 484 653 529 audiamus,
674 485 765 531 quia
782 485 976 522 oculorum
994 485 1155 523 velocior
1172 495 1302 523 seusus
1318 489 1426 524 estet
1442 487 1539 523 mul-

282 543 360 576 tum
380 549 494 576 aures
513 539 714 576 antecedit.

247 604 265 635 1
361 592 461 630 Xlll.
490 592 647 630 Falsum
681 590 906 640 opinionem
939 602 1031 630 esse
1064 602 1217 640 eorum,
1251 592 1318 641 qui
1345 593 1471 640 ignem
1499 594 1537 631 in

283 646 452 685 nubibus
487 651 665 692 servant,
697 656 766 695 per
792 647 913 685 multa
940 646 1069 694 colligi
1097 651 1236 695 potest.
1278 647 1320 685 Si
1348 648 1397 685 de
1425 648 1536 686 coelo

284 701 406 748 cadit,
437 702 636 748 quomodo
666 712 743 738 non
765 701 909 740 cotidie
929 701 989 748 fit,
1018 711 1104 739 cum
1123 702 1359 739 tantumdem
1381 712 1538 750 semper

282 756 360 794 illic
379 755 542 793 ardeat?
582 754 734 793 Deinde
750 755 895 793 nullam
913 756 1101 794 rationem
1120 755 1395 802 reddiderunt,
1416 767 1537 803 quare

282 810 403 858 ignis,
426 820 542 858 quem
560 815 698 848 natura
714 821 872 848 sursum
887 815 1022 855 vocat,
1044 809 1203 848 defluat.
1233 809 1308 848 alia
1324 810 1424 848 enim
1445 821 1536 848 con-

283 864 386 903 dicio
415 870 639 903 nostrorum
666 864 812 912 ignium
840 870 920 911 est,
948 875 999 902 ex
1028 864 1170 912 quibus
1198 864 1353 902 favillae
1379 865 1535 911 cadunt,

285 929 387 967 quae
414 920 603 968 ponderis
631 919 777 967 aliquid
807 929 940 957 secum
961 918 1122 957 habent:
1156 919 1208 956 ita
1231 930 1308 957 non
1334 920 1538 958 descendit

246 973 405 1021 2ignis,
433 975 507 1012 scd
543 974 820 1022 praecipitatur
842 978 880 1011 et
907 973 1114 1013 diducitur.
1163 973 1263 1011 Huic
1291 974 1416 1012 simile
1444 974 1536 1012 nihil

282 1029 422 1066 accidit
441 1028 478 1066 in
500 1029 564 1067 illo
585 1029 674 1075 igne
699 1028 953 1076 purisssimo,
984 1029 1020 1066 in
1050 1038 1129 1076 quo
1149 1027 1242 1065 nihil
1264 1034 1326 1067 est
1346 1028 1451 1076 quod
1470 1028 1535 1066 de—

281 1083 488 1130 primatur:
509 1087 574 1120 aut
593 1082 626 1121 si
641 1083 719 1120 ulla
738 1094 831 1131 pars
851 1082 936 1120 eius
953 1082 1160 1130 exciderit,
1180 1083 1217 1120 in
1238 1083 1411 1130 periculo
1431 1087 1536 1121 totus

281 1143 362 1181 est,
401 1138 492 1184 quia
528 1143 650 1175 totum
688 1142 818 1184 potest
858 1137 1061 1183 excidere,
1105 1137 1211 1184 quod
1243 1142 1376 1184 potest
1415 1138 1535 1184 carpi.

280 1191 430 1230 Deinde
450 1191 563 1237 illud,
586 1191 691 1239 quod
713 1192 856 1230 cadere
874 1191 1012 1229 levitas
1033 1191 1231 1238 prohibet,
1253 1190 1273 1214 *
1291 1192 1385 1229 illud
1405 1203 1478 1230 suo
1497 1191 1534 1229 in

282 1246 516 1284 abscondito
536 1250 659 1283 tenet:
691 1255 811 1293 grave
833 1245 1032 1294 quomodo
1053 1245 1128 1283 illic
1145 1256 1236 1284 esse
1258 1246 1401 1293 potuit,
1429 1246 1534 1283 unde

245 1306 266 1339 3
283 1301 468 1339 caderet?
498 1329 520 1347 ,‚
534 1299 634 1347 Quid
657 1310 750 1347 ergo
764 1305 783 1338 ‘3
810 1310 888 1338 non
906 1300 1025 1347 aliqui
1044 1300 1158 1347 ignes
1178 1299 1215 1337 in
1239 1299 1424 1338 inferiora
1444 1301 1534 1337 ferri

286 1355 432 1402 solent,
453 1354 555 1392 sicut
575 1355 674 1392 haec
691 1354 800 1403 ipsa,
820 1355 870 1393 de
891 1354 1034 1402 quibus
1055 1354 1300 1402 quaerimus,
1319 1355 1479 1392 fulmina
1490 1358 1534 1391 ‘3⁴‘

281 1409 439 1448 Fateor:
465 1420 542 1447 non
559 1413 650 1447 eunt
666 1414 790 1447 tamen
801 1439 811 1456 ,
828 1410 901 1448 scd
916 1410 1100 1447 feruntur.
1130 1409 1260 1456 aliqua
1275 1419 1346 1447 eos
1363 1410 1535 1456 potentia

283 1463 483 1512 deprimit,
506 1474 607 1511 quae
627 1474 704 1502 non
722 1469 784 1502 est
801 1464 839 1501 in
859 1463 1029 1502 aethere.
1063 1462 1155 1500 nihil
1176 1463 1278 1500 enim
1292 1463 1373 1506 'illic
1395 1463 1534 1500 iniuria

246 1524 268 1557 4
284 1518 436 1565 cogitur
447 1548 457 1565 ,
475 1518 567 1556 nihil
582 1517 792 1566 rumpitur,
807 1517 901 1556 nihil
918 1523 1073 1566 praeter
1092 1518 1248 1555 solitum
1264 1517 1411 1555 evenit:
1435 1518 1532 1556 ordo

281 1583 412 1611 rerum
439 1578 501 1611 est
526 1577 565 1611 et
589 1577 778 1621 purgatus
805 1572 906 1621 ignis
933 1573 971 1610 in
1000 1572 1181 1610 custodia
1206 1571 1341 1610 mundi
1361 1583 1533 1610 summas

282 1628 442 1666 sortitus
471 1637 563 1665 oras
593 1627 727 1674 operis
755 1626 1012 1675 pulcherrime
1032 1627 1217 1664 circumit.
1252 1626 1342 1665 hinc
1369 1627 1531 1664 descen-

282 1683 376 1720 dere
402 1692 480 1720 non
512 1686 660 1729 potest,
695 1682 766 1719 sed
795 1692 846 1719 ne
869 1682 919 1720 ab
952 1687 1113 1720 externo
1142 1682 1299 1729 quidem
1332 1681 1533 1728 conprimi,

283 1735 376 1784 quia
401 1736 438 1773 in
460 1735 618 1773 aethere
637 1736 730 1774 nulli
749 1736 896 1775 incerto
917 1735 1075 1785 corpori
1093 1736 1222 1774 locus:
1251 1739 1356 1774 certa
1372 1740 1410 1774 et
1429 1736 1530 1773 ordi-

282 1795 373 1829 nata
392 1801 470 1828 non
490 1796 680 1838 pugnant.

246 1855 263 1886 1
361 1845 463 1883 XIV.
498 1845 637 1893 „Vos,
675 1843 819 1892 inquit,
853 1843 1000 1893 dicitis,
1033 1855 1121 1883 cum
1155 1855 1298 1883 causas
1332 1844 1530 1882 stellarum

280 1899 604 1938 transvolantium
630 1898 813 1945 redditis,
848 1909 972 1946 posse
1003 1899 1159 1947 aliquas
1193 1899 1294 1937 aeris
1321 1903 1453 1946 partes
1481 1898 1528 1935 ad

282 1965 326 1993 se
346 1954 499 1993 trahere
518 1954 646 2001 ignem
665 1963 716 1991 ex
734 1953 833 1991 locis
850 1954 1122 2001 superioribus
1145 1953 1287 1991 ardore
1314 1956 1352 1990 et
1379 1952 1436 1989 sic
1464 1961 1527 1989 ac-

281 2008 437 2047 cendi.“
458 2008 535 2046 Sed
552 2008 759 2056 plurimum
775 2007 955 2054 interest,
976 2013 1102 2046 utrum
1122 2007 1263 2055 aliquis
1279 2006 1382 2044 dicat
1400 2005 1529 2054 ignem

280 2073 331 2102 ex
358 2062 516 2101 aethere
543 2061 746 2109 decidere,
784 2063 890 2110 quod
918 2067 1056 2100 natura
1073 2073 1150 2100 non
1170 2061 1330 2110 patitur,
1361 2071 1409 2098 an
1427 2060 1529 2098 dicat

281 2128 332 2155 cx
360 2117 476 2165 ignea
501 2117 539 2155 vi
567 2117 738 2156 calorem
764 2115 803 2154 in
832 2127 898 2163 ea,
927 2126 1029 2164 quae
1049 2116 1268 2161 subiacent,
1299 2114 1527 2153 transsilire.

280 2182 356 2210 non
378 2172 481 2210 enim
497 2172 599 2209 illinc
620 2171 719 2220 ignis
740 2170 861 2218 cadit,
883 2171 991 2218 quod
1011 2181 1087 2209 non
1103 2174 1233 2218 potest
1251 2169 1353 2217 fieri,
1374 2169 1446 2207 sed
1465 2168 1527 2205 hic

243 2226 464 2264 2nascitur.
499 2226 691 2264 Videmus
718 2230 822 2263 certe
848 2226 953 2273 apud
981 2236 1055 2264 nos
1085 2225 1159 2262 late
1187 2224 1368 2262 incendio
1387 2232 1524 2272 perva-

279 2286 396 2328 gante
422 2281 611 2330 quasdam
638 2281 806 2328 insulas,
842 2290 944 2328 quae
972 2279 1038 2319 diu
1071 2279 1368 2326 concaluerunt,
1403 2287 1454 2315 ex
1481 2286 1525 2314 se
