1624 2626
171 203 242 243 AD
274 201 567 243 GALLIONEM
595 202 662 243 DE
690 202 815 243 VITA
841 201 1026 243 ΒΕΑΤΑ.
1057 205 1201 244 13-15
1259 199 1337 243 151

0 313 4 355 g
59 309 104 345 ut
117 302 273 343 illarum
291 303 460 353 vestigia
481 307 646 353 premat,
669 303 828 352 potiora
847 302 997 342 deserit
1014 302 1230 352 multisque
1251 302 1340 344 offi-

1 357 4 370 ”
61 360 132 399 ciis
159 361 378 399 renuntiat:
406 360 460 398 ita
488 360 556 410 qui
583 364 759 398 sectatur
783 359 1040 408 voluptatem,
1070 360 1202 398 omnia
1228 363 1339 408 post-

7 461 14 467 *
59 415 173 465 ponit
192 420 230 454 et
255 416 420 466 primam
441 415 660 454 libertatem
677 414 851 464 neglegit
871 425 918 454 ac
939 425 1012 464 pro
1031 419 1168 453 ventre
1190 415 1340 464 depen-

61 471 128 520 dit,
152 481 228 510 nec
246 472 474 521 voluptates
504 471 580 510 sibi
600 471 706 518 emit,
735 471 808 510 sed
829 475 876 515 se
897 470 1169 519 voluptatibus
1189 469 1340 510 vendit.

0 526 1 529 ’
141 526 227 566 XV.
256 527 383 576 „Quid
405 532 547 575 tamen,
569 527 707 576 inquit,
738 526 923 576 prohibet
948 526 988 565 in
1014 537 1138 565 unum
1159 526 1339 565 virtutem
1362 535 1383 569 l

59 583 386 633 voluptatemque
402 582 593 622 confundi
613 588 652 622 et
666 582 771 621 effici
789 593 985 622 summum
998 581 1161 630 bonum,
1179 586 1221 620 ut
1235 581 1341 620 idem

59 643 99 678 et
111 635 324 678 honestum
340 643 379 678 et
394 639 611 678 iucundum
626 639 730 678 sit2“
760 638 860 686 Quia
878 637 1233 688 parshonestinon
1251 642 1341 687 pot-

59 699 122 734 est
142 705 235 734 esse
255 695 332 734 nisi
354 694 579 742 honestum,
600 705 676 733 nec
696 705 892 733 summum
914 694 1064 733 bonum
1079 692 1242 732 habebit
1260 692 1341 732 sin-

60 750 260 790 ceritatem
282 761 407 798 suam‚
429 750 463 789 si
484 750 635 799 aliquid
663 750 701 788 in
724 761 769 789 se
790 749 932 789 viderit
951 749 1146 788 dissimile
1173 748 1340 788 meliori.

57 805 116 844 Ne
135 806 323 856 gaudium
345 807 506 856 quidem
535 807 642 855 quod
664 817 715 844 ex
729 805 875 845 virtute
895 805 1031 853 oritur,
1060 804 1242 855 quamvis
1270 805 1341 843 bo·
1360 813 1382 847 2

59 873 154 900 num
175 862 238 910 sit,
265 863 438 902 absoluti
459 868 590 902 tamen
609 862 703 901 boni
732 873 826 910 pars
855 865 928 909 est,
957 872 1037 900 non
1065 860 1194 909 magis
1223 871 1343 910 quam

59 918 274 958 laetitiaet
298 918 580 968 tranquillitas,
607 917 790 967 quamvis
819 928 870 956 ex
898 916 1176 966 pulcherrimis
1208 915 1342 955 causis

60 978 287 1023 nascantur.
326 980 419 1014 sunt
446 974 550 1012 enim
568 974 644 1013 ista
667 973 786 1022 bona,
812 972 886 1011 sed
917 971 1209 1021 consequentia
1235 982 1342 1011 sum-

59 1039 166 1067 mum
184 1029 346 1077 bonum,
367 1041 447 1069 non
469 1029 797 1068 consummantia.
831 1027 904 1076 Qui
927 1026 1022 1066 ve'ro
1048 1028 1203 1066 virtutis
1229 1029 1339 1066 volu·
1359 1035 1383 1070 3

59 1085 262 1134 ptatisque
281 1084 513 1125 societatem
533 1085 628 1123 facit
646 1089 684 1123 et
700 1094 751 1122 ne
774 1094 825 1122 ex
846 1094 978 1146 aequo
1000 1083 1173 1146 quidem,
1195 1083 1342 1132 fragili—

58 1145 138 1180 tate
163 1139 324 1180 alterius
353 1141 447 1180 boni
476 1139 668 1190 quicquid
695 1139 736 1178 in
760 1140 883 1178 altero
911 1139 1062 1188 vigoris
1095 1143 1158 1178 est
1182 1138 1345 1178 hebetat

57 1196 359 1249 libertatemque
375 1196 494 1244 illam,
522 1195 577 1235 ita
596 1196 768 1244 demum,
788 1195 824 1234 si
844 1195 942 1254 nihil
961 1205 1006 1234 se
1025 1194 1242 1244 pretiosius
1270 1205 1342 1234 no-

58 1251 126 1299 vit,
147 1251 345 1300 invictam,
366 1251 598 1301 subiugum
618 1251 743 1291 mittit.
771 1262 876 1300 nam,
898 1247 1020 1314 quae
1022 1251 1196 1314 maxima
1217 1251 1343 1290 servi-

58 1363 300 1413 suspiciasa,
320 1365 488 1414 trepida,
518 1375 656 1403 casum
680 1374 854 1413 pavens·
866 1336 1108 1412 ‘temporum
1138 1373 1343 1411 suspensa

55 1424 255 1459 momenta
275 1425 381 1462 sunt:
425 1421 512 1460 Non
533 1420 607 1459 das
634 1418 768 1459 virtuti
794 1419 1093 1458 fundamentum
1118 1429 1254 1467 grave,
1282 1419 1340 1457 in·
1359 1422 1384 1456 4

56 1475 215 1523 mobile,
236 1477 309 1515 sed
329 1475 444 1515 iubes
464 1476 570 1515 illam
590 1476 628 1514 in
648 1477 739 1515 loco
761 1475 926 1514 volubili
943 1478 1063 1516 stare.
1096 1474 1192 1523 quid
1210 1479 1341 1514 autem

57 1534 136 1569 tam
158 1531 331 1570 volubile
350 1537 422 1578 est,
442 1543 565 1581 quam
591 1531 841 1571 fortuitorum
866 1529 1116 1580 exspectatio
1137 1533 1177 1569 et
1196 1540 1340 1579 corpo-

58 1585 113 1624 ris
129 1596 344 1635 rerumque
361 1598 508 1636 corpus
526 1587 795 1627 adficientium
816 1587 1017 1626 varietas?
1046 1585 1256 1634 Quomodo
1277 1585 1342 1624 hic

58 1646 192 1690 potest
212 1643 288 1682 deo
311 1653 452 1692 parere
479 1649 518 1682 et
537 1642 728 1693 quicquid
757 1643 899 1690 evenit,
928 1642 1036 1681 bono
1066 1641 1200 1680 animo
1233 1641 1339 1680 exci-

59 1707 156 1746 pere
174 1708 250 1737 nec
278 1699 328 1737 de
359 1700 438 1738 fato
468 1699 579 1748 queri
607 1709 771 1738 casuum
802 1709 967 1738 suorum
994 1697 1192 1746 benignus
1220 1697 1340 1736 inter-

58 1763 164 1802 pres,
185 1753 219 1793 si
236 1754 287 1793 ad
307 1756 556 1804 voluptatum
577 1755 843 1803 dolorumque
862 1754 1170 1803 punctiunculas
1191 1764 1341 1793 concu-

57 1808 177 1848 titur?
212 1810 287 1849 sed
308 1821 358 1849 ne
382 1810 533 1859 patriae
555 1809 714 1859 quidem
733 1810 866 1849 bonus
889 1814 997 1849 tutor
1021 1814 1091 1849 aut
1108 1809 1260 1848 vindex
1279 1812 1341 1848 est

58 1875 133 1903 nec
148 1865 365 1906 amicorum
389 1870 672 1916 propugnator,
703 1866 737 1906 si
760 1866 813 1905 ad
833 1866 1058 1915 voluptates
1079 1865 1220 1914 vergit.
1267 1865 1338 1904 Illo
1358 1866 1381 1901 5

59 1929 155 1969 ergo
172 1931 369 1962 summum
386 1922 536 1961 bonum
551 1922 784 1970 adscendet,
803 1922 910 1960 unde
929 1922 1037 1961 nulla
1051 1922 1090 1960 vi
1108 1920 1339 1968 detrahitur,

60 1986 139 2024 quo
160 1987 292 2027 neque
308 1978 438 2018 dolori
458 1988 590 2027 neque
606 1978 694 2026 spei
708 1976 934 2016 nec-timori
955 1978 1005 2017 sit
1024 1977 1156 2016 aditus
1176 1986 1251 2015 nec
1270 1977 1340 2015 ulli

57 2031 128 2079 rei,
149 2044 251 2082 quae
272 2034 447 2073 deterius
472 2033 614 2073 summi
640 2033 736 2072 boni
763 2033 826 2072 ius
853 2033 984 2072 saciat.
1019 2031 1240 2071 escendere
1269 2042 1338 2072 au-

57 2091 136 2126 tem
156 2089 222 2128 illo
250 2090 338 2129 sola
365 2089 490 2129 virtus
521 2093 665 2139 potest.
704 2087 809 2127 illius
829 2089 958 2137 gradu
978 2088 1106 2127 clivus
1133 2087 1208 2126 iste
1232 2088 1335 2126 sran-

59 2143 214 2192 gendus
236 2150 308 2185 est.
338 2146 405 2184 illa
426 2145 579 2185 sortiter
606 2144 728 2183 stabit
748 2149 787 2184 et
806 2143 1000 2193 quicquid
1020 2142 1207 2190 evenerit,
1237 2144 1339 2183 seret

59 2209 137 2238 non
158 2201 314 2248 patiens
336 2206 500 2250 tantum,
522 2201 595 2240 sed
615 2201 732 2239 etiam
751 2199 905 2247 volens,
927 2209 1165 2250 omnemque
1182 2203 1336 2248 tempo-

57 2264 146 2293 rum
165 2257 435 2296 difficultatem
455 2258 556 2297 sciet
581 2258 710 2305 legem
739 2265 832 2295 esse
851 2259 1029 2303 naturae,
1059 2259 1109 2303 et,
1136 2258 1179 2295 ut
1203 2255 1336 2295 bonus

60 2308 172 2350 miles
193 2313 292 2352 feret
309 2314 485 2362 volnera,
512 2312 759 2352 enumerabit
787 2311 992 2350 cicatrices
1021 2315 1060 2350 et
1085 2311 1336 2350 transverbe-

60 2369 169 2407 ratus
188 2369 277 2408 telis
296 2368 471 2408 moriens
493 2369 638 2408 amabit
654 2379 757 2417 eum,
777 2378 852 2418 pro
877 2378 956 2417 quo
978 2366 1105 2417 cadet,
1124 2366 1336 2416 imperato-
