1624 2626
203 175 274 214 AD
302 172 596 213 GALLIONEM
623 172 690 213 DE
717 172 841 212 VITA
867 170 1052 213 BEATA.
1082 178 1239 215 20—23.
1297 172 1380 215 157

99 281 140 316 et
161 275 276 315 exilis
304 284 475 324 corpore
505 278 568 323 [ac
589 274 739 314 amisso
760 275 893 323 oculo]
915 275 1079 323 valebit,
1110 276 1229 316 malet
1245 281 1378 316 tamen

97 331 176 371 sibi
195 341 289 370 esse
308 330 491 380 corporis
511 331 646 379 robur,
671 335 710 370 et
728 331 807 370 hoc
824 330 897 379 ita,
916 336 960 370 ut
980 332 1080 371 sciat
1098 342 1192 371 esse
1211 331 1318 372 aliud
1336 332 1377 371 in

95 397 143 426 se
160 387 370 426 valentius.
414 387 559 425 malam
584 386 844 426 valitudinem
864 386 1067 434 tolerabit,
1095 388 1243 427 bonam
1264 392 1375 437 opta-

93 442 162 482 bit.
207 442 406 491 quaedam
432 443 556 490 enim,
584 442 740 481 etiarnsi
766 443 807 481 in
834 453 1028 482 summam
1048 444 1107 482 rei
1127 454 1255 492 parva
1275 446 1415 492 sunt,3

94 499 191 546 [aia]
213 503 253 537 et
271 498 444 537 subduci
463 498 550 537 sine
569 498 686 537 ruina
703 498 936 548 principalis
955 497 1051 537 boni
1072 503 1263 548 possunt,
1292 499 1377 538 adi-

93 554 202 593 ciunt
222 559 353 594 tamen
382 554 534 602 aliquid
560 554 613 592 ad
638 559 873 603 perpetuam
895 555 1083 594 laetitiam
1105 560 1143 594 et
1163 566 1215 594 ex
1233 555 1379 595 virtute

92 615 343 649 nascentem:
373 610 432 648 sic
459 609 569 648 illurn
597 609 791 649 adficiunt
817 607 978 649 divitiae
997 614 1036 649 et
1058 610 1301 659 exhilarant,
1334 615 1380 650 ut

91 666 345 714 navigantem
374 665 580 705 secundus
610 670 649 704 et
668 666 801 705 ferens
820 669 984 714 ventus,
1016 670 1060 705 ut
1077 667 1165 706 dies
1185 666 1318 706 bonus
1338 671 1379 706 et

90 721 130 760 in
150 721 290 760 bruma
309 732 357 760 ac
377 720 527 770 frigore
545 721 709 770 apricus
728 721 857 760 locus.
880 721 975 770 Quis
997 732 1117 771 porro
1137 723 1376 772 sapientum,
1389 727 1415 761 4

90 781 318 817 nostrorum
346 777 459 825 dico,
494 777 640 826 quibus
669 788 792 816 unum
818 782 880 816 est
905 778 1057 816 bonum
1074 778 1222 826 virtus,
1257 784 1379 828 negat

91 832 210 872 etiam
242 832 364 878 haec,
401 842 505 880 quae
538 832 807 873 indifferentia
836 843 1052 882 vocamus,
1084 833 1237 872 habere
1263 835 1303 873 in
1331 843 1378 873 se

92 888 243 937 aliquid
270 887 387 937 pretii
414 892 454 926 et
481 888 559 927 alia
591 888 680 927 aliis
708 899 803 927 esse
829 890 1013 938 potiora?
1054 890 1296 938 quibusdam
1325 900 1376 928 ex

89 943 140 982 i1s
160 944 343 983 tribuitur
361 944 514 992 aliquid
529 944 706 992 honoris,
728 943 968 994 quibusdam
984 947 1162 984 multum.
1188 945 1248 984 Ne
1263 951 1389 984 erres

90 999 246 1049 itaque,
279 1000 381 1038 inter
408 999 565 1048 potiora
591 999 752 1038 divitiae
772 1005 878 1039 sunt.
920 1000 1049 1048 „Quid
1076 1011 1192 1049 ergo,
1226 1001 1372 1050 inquis,
1389 1006 1412 1040 5

89 1066 153 1093 me
174 1055 356 1107 derides,
381 1065 470 1093 cum
491 1055 677 1093 eumdem·
694 1055 804 1103 apud
824 1060 863 1094 te
883 1055 1014 1095 locum
1034 1055 1225 1104 habeant,
1254 1067 1391 1105 quem·

89 1110 198 1159 apud
213 1114 338 1149 me?“
365 1110 441 1149 Vis
455 1110 574 1158 scire,
597 1121 716 1158 quam
732 1121 812 1149 non
827 1110 1001 1149 habeant
1015 1112 1199 1150 eumdem
1214 1113 1377 1151 locum?

89 1166 183 1204 mihi
203 1164 365 1205 divitIae
385 1166 421 1204 si
442 1165 681 1213 effluxerint,
702 1165 799 1204 nihil
820 1167 1001 1205 auferent
1018 1166 1095 1206 nisi
1113 1168 1373 1216 semetipsas:

88 1229 130 1261 tu
149 1221 333 1271 stupebis
360 1226 399 1261 et
421 1222 623 1261 videberis
651 1221 721 1260 tibi
742 1221 828 1260 sine
849 1227 888 1261 te
907 1221 1090 1270 relictus,
1118 1223 1153 1262 si
1181 1224 1272 1262 illae
1292 1234 1316 1262 a
1334 1229 1375 1262 te

87 1277 343 1317 recesserint.
395 1278 504 1326 apud
539 1288 605 1322 me
641 1277 803 1316 divitiae
839 1278 1012 1326 aliquem
1048 1279 1181 1317 locum
1212 1278 1372 1325 habent,

89 1333 199 1381 apud
225 1339 263 1372 te
285 1343 483 1372 summum
510 1344 556 1372 ac
576 1338 835 1383 postremum.
874 1333 1036 1372 divitiae
1055 1344 1170 1373 meae
1189 1339 1301 1382 sunt,
1331 1341 1372 1374 tu

92 1388 317 1428 divitiarum
335 1399 394 1427 es.

170 1444 307 1483 XXllI.
336 1443 484 1483 Desine
515 1455 612 1493 ergo
634 1444 888 1494 philosophis
914 1445 1087 1494 pecunia
1116 1445 1370 1485 interdicere:
1390 1455 1406 1487 t

92 1509 208 1538 nemo
227 1499 463 1548 sapientiam
482 1506 716 1549 paupertate
737 1501 950 1540 damnavit.
997 1501 1170 1540 Habebit
1191 1501 1372 1550 philoso—

93 1554 197 1602 phus
213 1555 366 1603 amplas
382 1566 495 1604 opes,
517 1557 591 1594 sed
606 1557 702 1596 nulli
721 1557 921 1596 detractas
937 1567 1012 1596 nec
1028 1557 1158 1596 alieno
1176 1557 1372 1606 sanguine

93 1615 296 1657 cruentas,
320 1610 422 1649 ‘sine
449 1611 682 1660 cuiusquam
714 1612 855 1651 iniuria
883 1617 1039 1661 partas,
1077 1613 1164 1651 sine
1193 1613 1370 1652 sordidis

93 1665 340 1714 quaestibus,
369 1672 535 1715 quarum
554 1667 844 1707 tamsshonestus
865 1669 916 1707 sit
934 1669 1067 1708 exitus
1089 1679 1207 1718 quam
1234 1668 1370 1708 introi-

91 1727 168 1769 tus,
198 1721 341 1770 quibus
362 1732 478 1760 nemo
498 1721 732 1770 ingemiscat
759 1724 834 1762 nisi
861 1724 1070 1773 malignus.
1108 1724 1149 1762 in
1180 1728 1370 1772 quantum

90 1776 153 1816 vis
185 1786 386 1825 exaggera
417 1777 526 1815 illas:
557 1777 752 1817 honestae
779 1783 882 1828 sunt,
908 1780 946 1818 in
969 1780 1115 1828 quibus
1137 1790 1227 1819 cum
1246 1781 1371 1819 multa

93 1832 182 1879 sint,
215 1842 319 1881 quae
348 1843 422 1871 sua
451 1833 623 1881 quisque
651 1834 728 1872 dici
756 1836 869 1883 velit,
896 1835 992 1874 nihii
1020 1841 1094 1883 est,
1124 1836 1233 1884 quod
1261 1835 1368 1884 quis—

93 1898 212 1936 quam
230 1898 346 1927 suum
366 1888 496 1936 possit
515 1888 660 1927 dicere.
687 1890 758 1928 Ille
776 1901 873 1930 vero
891 1891 1074 1929 fortunae
1087 1890 1369 1939 benignitatem
1384 1897 1407 1930 2

92 1954 115 1981 a
137 1953 183 1982 se
202 1954 282 1983 non
303 1943 558 1983 submovebit
587 1949 626 1983 et
644 1945 880 1994 patrimonio
902 1957 974 1995 per
994 1946 1368 1994 honesta-quaesito

91 2009 166 2037 nec
184 1999 415 2047 gloriabitur
434 2010 509 2038 nec
536 1999 757 2040 erubescet.
794 2001 955 2041 habebit
980 2008 1113 2040 tamen
1142 2002 1257 2040 etiam
1287 2013 1368 2051 quo

92 2053 306 2102 glorietur,
322 2054 357 2093 si
377 2061 516 2104 aperta
535 2057 654 2095 domo
675 2061 715 2094 et
734 2057 911 2096 admissa
940 2057 977 2095 in
994 2068 1060 2095 res
1088 2067 1184 2096 suas
1212 2057 1372 2097 civitate

91 2111 237 2158 poterit
253 2109 406 2149 dicere:
435 2112 575 2159 „quod
596 2112 766 2160 quisque
786 2113 1003 2160 agnoverit,
1032 2109 1179 2151 tollat.“
1225 2112 1256 2152 Ο
1285 2124 1366 2152 ma-

93 2175 213 2213 gnum
234 2165 374 2213 virum,
396 2167 542 2215 optime
558 2168 731 2214 divitem,
753 2166 898 2216 sipost
917 2168 1020 2206 hanc
1039 2178 1180 2207 vocem
1198 2173 1366 2208 tantum-

95 2220 185 2258 dem
212 2220 410 2260 habuerit!
441 2222 495 2260 ita
521 2223 624 2270 dieo,
652 2224 686 2261 si
713 2228 796 2262 tuto
824 2229 864 2262 et
889 2233 1056 2262 securus
1085 2220 1368 2264 scrutationem

96 2276 246 2324 populo
268 2277 505 2325 praebuerit,
534 2279 567 2317 si
587 2278 682 2317 nihil
702 2278 915 2328 quisquam
934 2280 1044 2328 apud
1068 2280 1179 2319 >illum
1204 2281 1366 2319 invene-

97 2331 158 2378 rit,
190 2342 269 2380 quo
289 2343 430 2372 manus
451 2332 594 2381 iniciat,
624 2334 815 2373 audacter
838 2339 878 2374 et
903 2336 1112 2384 propalam
1138 2336 1211 2375 erit
1237 2336 1364 2376 dives.
