1624 2626
354 176 421 215 DE
444 173 731 216 BREVITATE
751 174 919 213 vtTAE.
949 178 1076 214 7-·-9.
1280 171 1362 213 205

89 290 134 320 se
165 278 272 328 regis
302 276 492 327 irnperio,
531 288 611 317 non
639 277 777 316 favore
804 275 946 326 populi
973 276 1135 326 longius
1164 276 1360 325 proferet:

89 337 190 375 sicut
208 335 332 373 missa
351 338 414 374 est
435 344 460 372 a
479 333 606 382 primo
627 333 711 381 die,
733 336 876 372 curret.
906 343 1105 382 nusquam
1120 333 1361 380 devertatur,

88 401 286 440 nusquam
302 389 578 429 remorabitur.
622 388 725 437 Quid
751 389 847 428 fiet?
880 392 1164 437 tuoceupatus
1185 399 1251 437 es,
1279 389 1364 427 vita
1397 431 1410 439 μ

87 447 265 489 festinat:
301 456 411 485 mors
438 445 593 484 interim
621 444 767 493 aderit,
803 445 885 492 cui,
918 444 1022 484 velis
1051 445 1177 494 nolis,
1211 455 1361 484 vacan-

87 503 179 543 dum
200 507 274 542 est.
309 501 496 542 Potestne
516 501 734 551 quicquam
749 504 834 539 -2
857 498 880 525 *
899 498 922 524 *
939 498 962 525 *

167 585 232 625 IX.
278 584 432 625 Sensus
458 585 684 631 hominurn,
712 595 851 624 eorum
871 583 982 633 dico,
1015 584 1084 634 qui
1106 584 1360 634 prudentiam
1377 594 1397 626 1

86 641 243 688 iactant,
259 642 473 691 operosius
491 639 678 690 occupati
694 645 806 679 sunt:
825 644 869 679 ut
881 640 1021 679 melius
1037 641 1198 696 possint
1210 641 1361 689 vivere,

85 697 274 748 inpendio
303 698 407 737 vitae
431 697 553 737 vitam
571 697 788 745 instruunt,
816 696 1078 746 cogitationes
1099 707 1196 736 suas
1215 697 1256 735 in
1275 697 1361 735 lon-

84 764 179 803 gum
198 754 395 793 ordinant.
433 753 650 792 Maxima
674 763 827 802 porro
850 751 989 791 vitae
1011 752 1213 791 iactura
1233 752 1362 791 dila-

84 809 154 849 tio
184 813 280 848 est:
319 810 386 848 illa
404 810 575 858 primum
595 818 797 858 quemque
816 807 987 847 extrahit
1006 807 1110 847 diem
1123 839 1132 856 ,
1159 808 1226 847 illa
1246 808 1363 857 eripit

85 866 333 915 praesentia,
372 865 466 904 dum
492 865 682 904 ulteriora
708 864 908 913 promittit.
953 865 1169 903 maximum
1199 864 1363 908 vittendi

85 921 398 971 inpedimentum
418 926 480 960 est
499 920 769 969 exspectatio,
800 930 905 969 quae
932 920 1083 969 pendet
1101 930 1153 958 ex
1173 920 1363 967 crastino,

86 978 219 1026 perdit
246 977 502 1017 hodiernum:
542 977 651 1026 quod
677 976 717 1014 in
745 986 866 1015 manu
887 976 1070 1015 fortunae
1091 976 1264 1024 positum
1287 981 1361 1023 est,

87 1033 290 1083 disponis,
326 1033 436 1082 quod
462 1032 503 1071 in
531 1037 617 1081 tua,
653 1031 828 1070 dimittis.
882 1031 968 1080 Quo
997 1038 1179 1081 spectas,
1215 1043 1295 1081 quo
1323 1038 1363 1071 te

87 1089 299 1128 extendis?
336 1088 469 1128 omnia
499 1098 603 1137 quae
629 1092 797 1126 ventura
825 1091 938 1134 sunt,
968 1087 1009 1140 in
1037 1087 1190 1127 incerto
1210 1088 1360 1128 iacent:

85 1145 267 1194 protinus
283 1145 387 1183 vive.
431 1144 580 1184 Clamat
594 1153 690 1183 ecce
706 1143 903 1198 maximus
917 1147 1031 1182 vates
1049 1147 1088 1183 et
1101 1145 1209 1184 velut
1224 1144 1360 1184 divino
1378 1150 1399 1183 2

86 1211 156 1240 ore
174 1200 385 1240 instinctus
407 1200 580 1242 salutare
600 1209 760 1238 carmen
781 1199 906 1238 canit:

221 1273 365 1320 optima
383 1282 555 1320 quaeque
572 1271 655 1311 dies
673 1271 825 1310 miseris
842 1270 1067 1310 mortalibus
1084 1273 1173 1310 aevi

213 1329 350 1377 prima
363 1327 482 1376 Γαμεῖ.
1348 1367 1351 1370 ⁴

88 1396 190 1445 Quid
210 1398 426 1445 cunctaris,
451 1396 596 1445 inquit,
618 1396 716 1444 quid
735 1400 904 1436 cessas?
931 1396 1008 1435 nisi
1029 1405 1229 1445 occupas,
1249 1396 1361 1444 fugit.

89 1457 128 1491 et
151 1462 239 1492 cum
261 1453 544 1501 occupaveris,
571 1457 703 1491 tamen
724 1452 860 1501 fugiet.
890 1453 1027 1501 itaque
1050 1463 1140 1490 cum
1161 1451 1362 1490 celeritate

87 1508 278 1556 temporis
305 1508 440 1547 utendi
463 1509 673 1547 velocitate
693 1508 925 1548 certandum
943 1513 1007 1547 est
1025 1513 1065 1547 et
1081 1508 1191 1547 velut
1210 1517 1262 1546 ex
1280 1512 1361 1546 tor⁶

87 1564 190 1603 renti
206 1564 348 1612 rapido
368 1574 443 1602 nec
462 1574 621 1613 semper
635 1564 738 1603 ituro
755 1564 836 1603 cito'
847 1564 1122 1602 hauriendum.
1159 1563 1247 1602 Hoc
1263 1574 1361 1612 quo·
1375 1575 1398 1608 3

90 1629 168 1668 que
184 1618 447 1668 pulcherrime
462 1620 514 1658 ad
529 1620 851 1668 exprobrandam
864 1620 1056 1658 infinitam
1068 1619 1360 1668 cogitationem,

90 1675 200 1724 quod
221 1685 302 1713 non
325 1674 562 1723 optimam
589 1686 839 1724 quamque
864 1679 1099 1724 aetatem,
1129 1675 1205 1714 sed
1234 1675 1362 1713 diem

88 1730 194 1770 dicit.
223 1731 320 1779 quid
340 1740 507 1770 securus
527 1735 566 1770 et
583 1731 624 1768 in
636 1735 745 1770 tanta
758 1736 983 1781 temporum
997 1732 1092 1780 fuga
1104 1732 1236 1770 lentus
1251 1740 1361 1768 men-

89 1797 156 1825 ses
183 1786 254 1826 tibi
279 1790 319 1825 et
338 1796 464 1825 annos
494 1791 533 1825 et
559 1787 718 1834 longam
745 1786 910 1835 seriem,
941 1791 1160 1836 utcumque
1183 1786 1361 1825 aviditati

86 1848 178 1881 tuae
196 1843 328 1881 visum
348 1847 429 1889 est,
460 1842 712 1891 exporrigis?
737 1843 789 1881 de
808 1842 888 1881 die
909 1847 1037 1882 tecum
1056 1843 1232 1892 loquitur
1252 1846 1292 1881 et
1310 1842 1360 1880 de

86 1898 164 1937 hoc
191 1898 281 1947 ipso
311 1898 498 1946 fugiente.
543 1898 632 1936 Non
661 1897 826 1937 dubium
846 1903 908 1938 est
932 1909 1048 1947 ergo,
1079 1899 1174 1948 quin
1201 1898 1397 1946 prima4

90 1963 323 2003 quaeque
351 1954 539 2002 optima
567 1954 679 1992 dies
707 1954 871 2002 fugiat
888 1955 1192 1994 mortalibus
1213 1953 1358 1992 mise-

86 2010 177 2058 ris,
205 2009 248 2048 id
267 2014 329 2049 est
355 2019 378 2048 o
390 2019 480 2048 ccu
491 2009 647 2058 patis:
677 2021 846 2058 quorum
863 2010 1040 2058 pueriles
1056 2009 1187 2049 adhuc
1204 2009 1360 2048 animos

89 2070 274 2104 senectus
303 2065 509 2116 opprimit,
542 2066 593 2103 ad
614 2076 733 2114 quam
752 2066 923 2114 inparati
941 2066 1199 2114 inermesque
1217 2075 1359 2114 perve—

88 2119 211 2160 niunt.
254 2120 351 2160 nihil
376 2122 481 2160 enim
504 2122 711 2170 provisum
738 2126 819 2160 est:
859 2121 991 2160 subito
1011 2121 1177 2160 inillam
1195 2120 1358 2170 necopi—

88 2181 229 2215 nantes
249 2177 487 2217 inciderunt.
533 2177 727 2217 accedere
746 2187 834 2216 eam
855 2176 1002 2216 cotidie
1021 2187 1102 2215 non
1121 2176 1356 2216 sentiebant.

90 2231 431 2279 Quemadmodum
461 2238 528 2273 aut
555 2243 687 2272 sermo
713 2237 780 2272 aut
797 2233 915 2272 lectio
934 2236 1002 2271 aut
1020 2232 1156 2281 aliqua
1173 2232 1359 2272 intentior
1372 2240 1394 2274 5

91 2287 276 2336 cogitatio
295 2288 369 2327 iter
388 2288 569 2328 facientis
589 2289 734 2338 decipit
753 2293 793 2327 et
813 2289 1047 2337 pervenisse
1061 2299 1107 2327 se
1122 2293 1212 2328 ante
1226 2290 1360 2328 sciunt

92 2353 209 2391 quam
229 2344 599 2395 adpropinquasse:
630 2345 689 2384 sic
708 2345 787 2383 hoc
806 2345 880 2384 iter
896 2344 1002 2383 vitae
1022 2344 1232 2385 adsiduum
1248 2350 1288 2384 et
1303 2344 1357 2383 ei-
