1592 2580
740 99 765 121 ἄν

301 184 382 224 200
671 182 715 220 L.
741 181 929 221 ANNAEI
958 181 1180 221 SENECAE

299 292 435 322 verum
462 280 674 329 praedixit,
701 280 774 319 sed
800 280 971 320 fulminis
997 280 1095 320 ictus
1123 280 1255 329 priora
1282 279 1426 320 delevit
1440 285 1478 319 et
1496 281 1547 319 ad

300 347 345 376 se
370 337 489 375 fidem
520 336 659 374 traxit“
689 336 830 374 salsum
857 339 928 373 est.
966 340 1119 382 quare?
1154 336 1246 383 quia
1263 335 1355 372 nihil
1374 335 1544 381 interest,

299 401 416 440 quam
445 392 565 429 multa
591 390 771 438 auspicia
797 390 892 428 sinte
927 390 1046 427 fatum
1071 400 1191 441 unum
1215 394 1294 438 est,
1325 390 1432 437 quod
1462 390 1547 428 sive

298 446 424 494 primo
452 444 629 492 auspicio
649 445 886 483 intellectum
906 449 967 482 est
995 445 1079 482 sive
1098 444 1292 492 secundo,
1319 444 1413 482 nihil
1431 444 1545 483 inter-

259 506 282 541 4
297 501 380 539 crit.
423 500 479 538 Ita
499 500 608 538 dico:
638 510 716 538 non
735 500 872 545 refert,
898 510 948 537 an
969 498 1075 537 aliud
1094 499 1160 544 sit,
1182 509 1251 546 per
1267 499 1372 546 quod
1389 499 1546 545 quidem

298 555 541 602 quaerimus,
568 554 751 602 quoniam
772 554 822 591 de
841 564 916 591 ave
935 554 1043 601 quod
1064 554 1285 601 quaerimus
1304 552 1407 591 idem
1427 554 1545 591 fatum

297 610 457 648 fulmine
470 609 608 648 mutari
624 619 702 647 non
716 612 858 656 potest.
885 608 1046 657 quidni?
1074 619 1163 646 nam
1179 608 1320 645 fulmen
1336 607 1462 655 ipsum
1479 608 1547 646 sati

298 675 392 712 pars
411 669 482 702 est.

261 726 280 758 1
375 718 530 757 XXXV.
567 717 724 764 „Quid
757 721 908 765 ergo?
948 715 1272 765 expiationes
1309 726 1545 764 procura-

296 773 567 821 tionesque
597 783 689 820 quo
719 772 993 820 pertinent,
1024 771 1068 809 si
1097 770 1409 809 inmutabilia
1435 777 1548 810 sunt

297 829 314 865 s
321 832 399 866 ata
413 830 464 865 ‘'r“
510 827 689 864 Permitte
708 826 800 864 mihi
819 826 924 864 illam
942 825 1108 873 rigidam
1127 830 1273 865 sectam
1287 826 1384 864 tueri
1400 835 1546 872 eorum,

299 883 366 931 qui
393 881 592 930 excipiunt
614 882 689 920 ista
708 886 746 919 et
763 880 856 918 nihil
877 891 969 919 esse
987 880 1092 918 aliud
1112 890 1229 928 quam
1248 890 1388 927 aegrae
1406 878 1547 919 mentis

260 936 439 979 2solatia
463 936 697 974 existimant.
744 935 839 973 Fata
865 934 1179 974 inrevocabiliter
1208 933 1268 972 ius
1296 945 1409 972 suum
1436 944 1547 982 pera—

297 997 393 1039 gunt
417 1001 491 1030 nec
515 991 594 1029 ulla
621 994 914 1029 commoventur
933 999 1064 1038 prece.
1093 1000 1171 1027 non
1191 988 1548 1027 misericordia-sse-

298 1048 368 1094 ctz‘,
403 1057 482 1085 non
510 1046 634 1093 gratia
664 1045 803 1083 sciunt.
848 1054 1006 1083 cursum
1035 1043 1335 1082 inrevocabilem
1370 1044 1550 1090 ingressa

297 1111 349 1139 ex
371 1100 564 1138 destinato
584 1099 721 1138 fluunt.
755 1099 1085 1146 quemadmodum
1107 1098 1330 1146 rapidorum
1351 1107 1452 1146 aqua
1470 1102 1548 1135 tor-

296 1155 461 1192 rentium
492 1154 532 1192 in
566 1164 611 1192 se
644 1164 724 1192 non
753 1153 918 1192 recurrit
949 1163 1022 1191 nec
1049 1158 1221 1190 moratur
1249 1152 1426 1199 quidem,
1458 1151 1550 1199 quia

298 1209 469 1257 priorem
490 1207 774 1256 superveniens
794 1206 1044 1255 praecipitat:
1073 1207 1129 1244 sic
1147 1206 1323 1244 ordinem
1339 1206 1404 1244 fati
1419 1215 1549 1244 rerum

297 1268 458 1302 aeterna
485 1262 609 1301 series
627 1266 748 1309 rotat,
778 1262 888 1300 cuius
907 1261 1006 1299 haec
1024 1261 1148 1309 prima
1167 1261 1231 1298 lex
1250 1265 1327 1299 est:
1357 1265 1462 1305 stare
1482 1260 1550 1298 de-

299 1323 418 1356 creto.

378 1371 551 1410 XXXVI.
581 1370 680 1418 Quid
700 1370 802 1408 enim
824 1369 1014 1417 intellegIs
1034 1369 1154 1407 saturn
1167 1373 1185 1406 ’ἓ
1213 1367 1392 1407 existimo
1412 1378 1549 1407 neces-

298 1426 450 1465 sitatem
469 1436 598 1464 rerum
615 1425 786 1463 omnium
801 1425 1095 1471 actionumque,
1118 1433 1235 1470 quam
1253 1424 1359 1462 nulla
1372 1423 1433 1461 vis
1447 1433 1550 1461 rum-

298 1485 376 1529 pat.
413 1480 516 1518 hanc
542 1479 576 1517 si
604 1479 808 1518 sacrificiis
837 1483 902 1517 aut
929 1478 1055 1525 capite
1082 1477 1221 1515 niveae
1247 1487 1371 1524 agnae
1395 1477 1550 1516 exorari

299 1535 469 1581 iudicas,
500 1534 631 1573 divina
652 1544 729 1572 non
749 1533 864 1572 nosti.
912 1532 1108 1580 Sapientis
1129 1541 1286 1579 quoque
1306 1530 1377 1570 viri
1396 1536 1549 1569 senten·

298 1589 391 1627 tiam
418 1588 569 1636 negatis
600 1598 722 1636 posse
747 1586 906 1626 mutari:
945 1591 1089 1635 quanto
1109 1586 1235 1633 magis
1255 1586 1343 1624 dei?
1379 1596 1465 1624 cum
1487 1596 1549 1624 sa-

301 1644 414 1691 piens
442 1643 536 1691 quid
565 1643 615 1681 sit
641 1642 829 1690 optimum
848 1642 886 1679 in
907 1641 1128 1690 praesentia
1148 1641 1263 1687 sciat,
1291 1640 1392 1678 illius
1413 1639 1550 1678 divini—

299 1698 366 1737 tati
387 1708 502 1736 omne
524 1707 714 1744 praesens
735 1697 794 1735 sit.
904 1735 906 1737 ,
1584 1741 1585 1745 ¹

266 1752 307 1794 1'
379 1752 570 1794 XXXVII.
606 1753 738 1798 Agere
765 1761 869 1789 nunc
897 1760 1056 1789 causam
1076 1759 1211 1788 eorum
1230 1750 1340 1796 volo,
1373 1749 1438 1797 qui
1460 1759 1549 1797 pro·
1584 1752 1585 1794 i

301 1807 476 1846 curanda
503 1806 725 1844 existimant
752 1804 913 1843 fulmina
940 1809 977 1842 et
1003 1803 1246 1852 expiationes
1275 1814 1353 1842 non
1375 1802 1551 1842 dubitant
1583 1799 1585 1840 j

301 1862 496 1911 prodesse
523 1860 733 1908 aliquando
755 1860 805 1897 ad
830 1859 1101 1898 submovenda
1118 1859 1310 1906 pericula,
1338 1857 1548 1905 aliquando
1582 1856 1592 1902 Ji

265 1926 287 1959 2
302 1917 352 1954 ad
372 1915 558 1961 levanda,
587 1914 797 1961 aliquando
820 1914 870 1950 ad
887 1913 1116 1951 differenda.
1163 1912 1261 1959 Quid
1277 1912 1343 1958 sit,
1365 1911 1473 1959 quod
1487 1921 1549 1949 se—
1582 1903 1592 1944 ³}

304 1975 482 2019 quantur,
513 1969 630 2017 paulo
651 1973 742 2016 post
760 1978 995 2015 persequar:
1025 1967 1172 2006 interim
1193 1966 1269 2004 hoc
1285 1965 1429 2003 habent
1444 1976 1548 2003 com·
1581 1956 1587 2014 ⁴3

302 2035 419 2063 mune
434 2023 637 2062 nobiscum
648 2052 658 2070 ,
683 2022 791 2070 quod
806 2031 879 2059 nos
897 2032 1057 2070 quoque
1072 2021 1336 2060 existimamus
1351 2026 1443 2058 vota
1457 2030 1548 2067 pro—

302 2080 421 2117 ficere
437 2079 547 2117 salva
565 2077 662 2115 viae
676 2080 867 2125 potestate
881 2077 1059 2114 fatorum.
1099 2074 1430 2122 Quemadmodum
1446 2073 1549 2112 enim
1580 2092 1585 2118 ρ

302 2144 326 2171 a
349 2133 409 2171 dis
429 2130 694 2170 inmortalibus
714 2131 766 2168 ita
784 2140 979 2177 suspensa
997 2129 1129 2168 relicta
1150 2133 1257 2175 sunt,
1285 2132 1328 2166 ut
1345 2129 1383 2166 in
1401 2129 1548 2167 bonum

303 2191 470 2234 vertant,
501 2187 534 2224 si
555 2186 734 2224 admotae
752 2184 813 2222 dis
833 2194 971 2231 preces
992 2183 1148 2230 suerint,
1180 2182 1212 2220 si
1233 2187 1324 2220 vota
1343 2187 1547 2230 suscepta:

303 2241 357 2279 ita
383 2251 459 2280 non
489 2245 549 2279 est
574 2239 650 2278 hoc
679 2244 814 2278 contra
841 2239 979 2285 fatum,
1009 2238 1042 2276 si
1069 2237 1198 2285 ipsum
1226 2248 1384 2285 quoque
1405 2237 1443 2274 in
1466 2238 1547 2275 sato
1578 2232 1589 2290 iii

266 2300 287 2334 3
303 2299 373 2333 est.
420 2297 527 2342 „Aut
552 2294 738 2340 futurum,
767 2292 907 2341 inquit,
936 2297 996 2331 est
1021 2297 1202 2330 autnon:
1231 2291 1264 2329 si
1285 2292 1453 2331 futurum
1474 2295 1544 2337 est,
1578 2279 1583 2341 Ι

1574 2419 1582 2580 Ι
