1624 2626
319 169 401 212 254
570 171 613 210 L.
631 171 820 211 ANNAEI
846 170 1071 212 SENECAE
1097 172 1228 213 DIAL.
1242 174 1326 213 XII.

280 278 299 310 1
398 270 484 309 XV.
528 270 623 309 Illo
659 269 816 310 omnis
852 272 1142 313 consolatio
1175 273 1292 312 mihi
1327 274 1572 314 vertenda

320 328 419 372 est,
457 325 588 363 unde
627 335 746 363 vera
788 326 864 363 vis
904 327 1114 367 materni
1155 327 1351 367 doloris
1390 330 1570 368 oritur:

320 389 421 427 „ego
450 379 647 427 conplexu
673 379 954 418 filiicarissimi
971 391 1108 428 careo,
1136 392 1215 421 non
1235 388 1450 431 conspectu
1470 384 1568 431 eius,

319 444 399 472 non
426 443 608 472 sermone
635 444 800 482 possum
821 435 908 473 frui.
939 434 1007 474 ubi
1026 441 1087 474 est
1103 436 1188 483 ille,
1218 448 1296 484 quo
1316 437 1402 475 viso
1419 437 1571 476 'tristem

319 489 467 528 voltum
495 488 691 536 relaxavi,
724 489 764 527 in
793 499 872 538 quo
902 499 1040 528 omnes
1065 491 1347 530 sollicitudines
1374 501 1482 530 meas
1502 492 1569 530 de-

319 542 464 590 posui?
502 543 570 581 ubi
597 543 812 591 colloquia,
848 554 1019 592 quorum
1048 544 1296 593 inexplebilis
1328 550 1464 584 eram?
1502 545 1570 584 ubi

321 597 470 644 studia,
505 597 646 645 quibus
674 597 856 636 libentius
877 609 994 647 quam
1015 598 1174 645 femina,
1205 600 1432 638 familiarius
1453 610 1570 648 quam

319 655 444 689 mater
462 651 696 690 intereram?
722 651 788 690 ubi
807 653 872 691 ille
890 658 1111 692 occursus?
1144 653 1211 692 ubi
1226 659 1354 697 >matre
1367 654 1454 692 visa
1468 665 1569 692 sem-

283 712 304 745 2
321 716 392 753 per
410 706 571 753 puerilis
592 705 826 745 hilaritas?“
870 707 1007 752 Adicis
1026 707 1221 747 istis'loca
1239 707 1328 756 ipsa
1345 708 1568 756 gratulatio-

319 771 411 798 num
432 765 471 798 et
492 759 743 799 convictuum
764 766 819 808 et,
847 767 890 801 ut
909 772 1075 800 necesse
1095 767 1174 810 est,
1203 763 1498 801 efficacissimas
1518 764 1570 801 ad

317 814 524 853 vexandos
545 815 697 853 animos
718 816 887 854 recentis
905 816 1215 855 conversationis
1231 821 1360 855 notas.
1389 816 1570 856 namhoc

320 879 481 917 quoque
510 869 704 908 adversus
730 874 768 908 te
795 870 1004 909 crudeliter
1031 871 1186 910 fortuna
1204 872 1335 910 molita
1354 876 1434 918 est,
1462 872 1569 920 quod

317 927 356 960 te
371 928 459 961 ante
474 924 626 962 tertium
637 923 793 962 demum
809 925 912 964 diem
923 936 1038 974 quam
1053 927 1260 973 perculsus
1276 936 1373 971 sum,
1389 936 1568 964 securam

279 983 302 1016 3
318 987 390 1014 nec
413 976 626 1025 quicquam
656 979 732 1016 tale
757 984 991 1018 metuentem
1016 979 1168 1027 digredi
1188 980 1320 1018 voluit.
1365 980 1474 1018 Bene
1495 991 1568 1019 nos

317 1031 583 1078 longinquitas
616 1032 794 1070 locorum
826 1033 1024 1072 diviserat.
1066 1034 1167 1072 bene
1199 1033 1347 1083 aliquot
1378 1044 1569 1072 annorum

317 1084 496 1123 absentia
515 1085 607 1123 huic
626 1090 663 1123 te
683 1087 784 1124 malo
805 1093 1129 1135 praeparaverat:
1157 1089 1292 1127 redisti
1308 1099 1386 1127 non
1402 1093 1443 1126 ut
1456 1089 1566 1127 volu-

316 1143 461 1186 ptatem
479 1149 529 1177 ex
544 1140 624 1177 filio
641 1139 882 1187 perciperes,
904 1142 977 1179 sed
992 1147 1032 1180 ut
1048 1144 1368 1181 consuetudinem
1383 1142 1567 1180 desiderii

315 1193 520 1241 perderes.
548 1194 580 1230 si
596 1194 716 1231 multo
732 1200 821 1232 ante
832 1194 1015 1241 afuisses,
1032 1195 1340 1234 sortiustulisses
1351 1196 1439 1244 ipso
1450 1195 1570 1234 inter-

315 1249 419 1285 vallo
440 1247 677 1286 desiderium
698 1249 914 1287 molliente:
944 1248 979 1287 si
1004 1259 1082 1287 non
1101 1249 1364 1297 recessisses,
1390 1250 1567 1288 ultimum

317 1306 421 1339 certe
440 1303 608 1340 fructum
627 1302 748 1341 b'iduo
768 1303 913 1341 diutius
933 1303 1094 1341 videndi
1116 1304 1236 1342 filium
1255 1304 1432 1342 tulisses:
1463 1315 1567 1355 nunc

318 1356 477 1394 crudele
505 1357 624 1394 fatum
644 1357 695 1394 ita
715 1356 943 1405 conposuit,
972 1362 1014 1395 ut
1032 1368 1105 1396 nec
1125 1359 1302 1396 fortunae
1321 1368 1432 1396 meae
1451 1358 1564 1396 inter-

278 1414 300 1446 4
316 1420 429 1448 esses
448 1421 522 1448 nec
538 1410 739 1449 absentiae
755 1412 1029 1450 adsuesceres.
1060 1411 1139 1450 Sed
1156 1418 1299 1459 quanto
1319 1413 1394 1451 ista
1409 1413 1566 1451 duriora

316 1470 424 1511 sunt,
461 1469 568 1503 tanto
596 1465 719 1503 maior
737 1466 804 1504 tibi
822 1466 944 1504 virtus
968 1467 1201 1505 advocanda
1220 1472 1279 1505 est
1299 1472 1336 1505 et
1353 1467 1460 1505 velut
1479 1477 1565 1505 cum

314 1519 429 1557 hoste
449 1524 541 1558 noto
562 1530 608 1558 ac
629 1530 751 1568 saepe
770 1520 846 1558 iam
866 1519 970 1559 victo
991 1521 1120 1559 acrius
1141 1526 1200 1559 est
1221 1521 1563 1568 congrediendum.
1599 1527 1602 1529 ’

314 1573 399 1611 Non
428 1583 479 1611 ex
497 1573 640 1612 intacto
662 1585 828 1622 corpore
846 1579 913 1613 tuo
933 1575 1095 1623 sanguis
1115 1575 1178 1614 hic
1198 1575 1329 1614 fluxit:
1365 1585 1437 1623 per
1454 1575 1563 1623 ipsas

316 1628 518 1667 cicatrices
539 1638 730 1676 percussa
750 1639 806 1667 es.

279 1687 298 1720 1
391 1681 494 1720 XVI.
530 1682 631 1721 Non
661 1682 894 1732 estquod
921 1684 1081 1723 utaris
1109 1682 1436 1722 excusatione
1462 1693 1559 1720 mu-

314 1735 492 1775 liebris
518 1737 751 1785 nominis,
782 1737 843 1776 cui
865 1748 989 1785 paene
1010 1748 1241 1776 concessum
1263 1741 1323 1774 est
1341 1736 1559 1774 inmodera—

314 1794 394 1828 tum
409 1791 446 1829 in
464 1791 645 1829 lacrimas
660 1792 733 1839 iuS,
745 1803 823 1830 non
839 1792 1056 1830 inmensum
1071 1797 1210 1830 tamen.
1240 1794 1278 1828 et
1291 1790 1378 1828 ideo
1390 1790 1558 1828 maiores

315 1844 451 1883 decem
467 1845 659 1884 mensium
675 1847 842 1894 spatium
858 1847 1078 1894 lugentibus
1087 1844 1193 1884 viros
1205 1843 1404 1890 dederunt,
1420 1849 1558 1882 utcum

313 1899 735 1946 pertinacia-muliebris
747 1900 937 1939 moeroris
951 1900 1107 1948 publica
1116 1898 1388 1938 constitutione
1401 1898 1555 1936 decide-

312 1958 411 1991 rent.
447 1965 525 1993 non
544 1954 825 2002 prohibuerunt
838 1956 986 2002 luctus,
1007 1954 1078 1993 sed
1093 1953 1284 1992 finierunt.
1311 1962 1399 1990 nam
1416 1957 1453 1991 et
1470 1952 1554 1989 infi-

313 2007 392 2045 nito
414 2008 572 2055 dolore,
604 2019 693 2047 cum
720 2009 887 2057 aliquem
908 2019 958 2047 ex
978 2007 1189 2046 carissimis
1212 2006 1409 2053 amiseris,
1439 2006 1554 2044 adfici

313 2062 431 2099 stulta
446 2062 686 2111 indulgentia
700 2068 776 2111 est,
797 2069 836 2103 et
850 2064 955 2102 nullo
965 2063 1172 2101 inhumana
1183 2060 1341 2099 duritia:
1369 2060 1553 2108 optimum

312 2114 412 2153 inter
424 2117 605 2164 pietatem
618 2117 851 2156 etrationem
861 2119 1205 2166 temperamentum
1216 2120 1275 2153 est
1285 2119 1323 2153 et
1333 2114 1475 2153 sentire
1485 2113 1551 2151 de-

275 2173 297 2222 2
312 2167 497 2209 siderium
513 2176 551 2211 et
566 2172 800 2220 opprimere.
822 2172 907 2211 Non
923 2169 1104 2219 estquod
1119 2169 1168 2207 ad
1187 2169 1376 2216 quasdam
1390 2167 1553 2206 feminas

310 2223 524 2273 respicias,
554 2237 718 2275 quarum
741 2226 930 2266 tristitiam
950 2224 1069 2265 semel
1084 2228 1277 2270 sumptam
1292 2232 1397 2262 mors
1416 2221 1552 2260 finivit.

312 2277 415 2317 nosti
435 2280 627 2327 quasdam
639 2310 650 2330 ‚
679 2291 781 2331 quae
794 2281 950 2321 amissis
962 2278 1052 2320 filiis
1067 2277 1236 2327 inposita
1250 2275 1428 2326 lugubria
1441 2286 1552 2315 num-
