1592 2580
338 189 522 229 NATUR.
544 161 755 238 ouAuST.
783 189 878 229 LIB.
897 190 963 228 [v.
983 195 1018 229 2.
1237 189 1317 231 245

41 296 125 340 tur,
146 289 290 330 deinde
309 289 548 330 continuatis
563 289 679 338 aquis
701 289 740 328 in
761 288 901 328 faciem
921 289 988 328 lati
1009 300 1055 328 ac
1072 289 1218 329 turbidi
1237 301 1317 329 ma-

39 347 96 386 ris
116 351 289 395 stagnat,
320 356 565 394 cursumque
592 344 647 383 illi
677 345 984 394 violentiamque
1012 345 1129 394 eripit
1154 345 1318 386 latitudo

38 402 263 451 regionum,
290 400 332 440 in
353 412 456 451 quas
477 401 701 440 extenditur
720 401 862 440 dextra
878 401 1077 449 laevaque
1097 406 1218 440 totam
1238 413 1317 440 am-

38 458 182 506 plexus
201 458 446 508 Aegyptum.
484 457 680 505 Quantum
701 456 826 495 crevit
842 455 972 504 Nilus,
1002 462 1151 496 tantum
1173 457 1261 505 spei
1281 458 1318 495 in
1338 461 1360 496 9

39 523 184 552 annum
204 519 278 552 est.
306 524 381 552 nec
398 513 628 561 conputatio
648 513 745 551 fallit
759 511 993 560 agricolam:
1015 512 1118 552 adeo
1139 513 1190 551 ad
1211 524 1318 551 men-

37 578 176 608 suram
193 567 368 608 fluminis
389 569 608 617 respondet
627 571 784 616 [terra],
815 578 934 616 quam
956 568 1122 607 fertilem
1145 567 1238 607 facit
1254 569 1320 606 Ni-

36 625 113 663 lus.
156 624 196 662 Is
223 634 396 664 arenoso
423 629 462 663 et
488 624 635 663 sitienti
662 625 751 663 solo
780 627 820 662 et
846 634 989 672 aquam
1014 623 1165 663 inducit
1185 629 1224 662 et
1243 629 1318 663 ter-

35 691 141 718 ramz
178 690 268 718 nam
290 691 380 719 cum
399 680 648 719 turbulentus
670 679 786 727 fluat,
823 690 982 718 omnem
1001 679 1040 718 in
1060 679 1179 718 siccis
1202 684 1241 717 et
1259 680 1316 718 hi-

37 735 196 774 antibus
229 735 330 774 locis
364 737 515 774 faecem
546 734 734 784 relinquit
766 739 806 773 et
839 735 1031 784 quicquid
1062 736 1210 784 pingue
1232 735 1319 774 tulit

38 801 197 838 secum,
226 791 430 831 arentibus
457 791 557 830 locis
580 791 718 829 adlinit
736 791 926 839 iuvatque
946 801 1066 839 agros
1087 791 1244 829 duabus
1266 801 1318 829 ex

39 845 195 893 causis,
215 851 254 885 et
273 847 384 896 quod
398 846 566 885 inundat
583 851 622 885 et
638 847 748 894 quod
768 845 942 885 oblimat.
971 846 1107 895 itaque
1125 846 1315 895 quicquid

37 913 116 941 non
147 902 316 948 adiuvit,
355 902 489 942 sterile
509 913 557 941 ac
578 903 804 951 squalidum
825 902 940 940 iacet.
985 901 1027 948 Si
1051 903 1175 940 crevit
1195 913 1319 951 super

38 956 232 1005 debiturn,
253 958 401 997 nocuit.
436 957 537 997 Mira
557 958 694 1007 itaque
715 963 854 997 natura
878 957 1073 1006 fluminis,
1097 958 1207 1007 quod
1229 968 1318 997 cum
1331 966 1374 1000 10

38 1011 158 1051 ceteri
177 1023 315 1052 amnes
335 1014 498 1052 abluant
517 1018 642 1053 terras
659 1019 699 1053 et
713 1014 956 1060 eviscerent,
973 1013 1102 1060 Nilus,
1125 1018 1233 1052 tanto
1254 1024 1318 1052 ce-

36 1068 131 1107 teris
152 1067 296 1116 maior,
325 1069 427 1108 adeo
451 1069 544 1108 nihil
566 1070 701 1108 exedit
729 1079 803 1108 nec
822 1069 996 1117 abradit,
1017 1074 1060 1108 ut
1079 1073 1218 1108 contra
1235 1070 1318 1108 adi-

38 1124 115 1163 ciat
130 1124 236 1162 vires
252 1125 496 1173 nimiumque
517 1125 558 1163 in
580 1135 629 1164 eo
650 1125 718 1172 sit,
741 1125 853 1173 quod
875 1125 1010 1164 solum
1026 1130 1231 1174 temperat.
1260 1126 1317 1163 in-

36 1178 114 1218 lato
138 1180 242 1218 enim
270 1179 367 1219 limo
392 1191 535 1220 arenas
560 1186 712 1220 saturat
741 1185 780 1219 et
798 1180 924 1228 iungit
943 1180 1143 1229 debetque
1163 1180 1219 1219 illi
1238 1181 1317 1219 Ae-

35 1239 186 1284 gyptus
207 1247 286 1275 non
309 1241 458 1275 tantum
479 1237 719 1276 fertilitatem
746 1241 959 1284 tetrarum,
987 1236 1061 1274 sed
1081 1236 1206 1285 ipsas.
1247 1236 1370 1278 Illall

37 1291 161 1330 facies
182 1292 448 1340 pulcherrima
464 1297 544 1339 est,
566 1303 656 1331 cum
676 1292 753 1330 iam
777 1302 822 1330 se
849 1290 888 1330 in
910 1302 1032 1340 agros
1051 1292 1163 1331 Nilus
1183 1291 1316 1340 inges-

37 1346 107 1385 sit=
135 1347 256 1386 latent
275 1348 406 1396 campi
433 1353 680 1397 opertaeque
699 1353 791 1386 sunt
811 1349 950 1386 valles.
989 1348 1141 1396 oppida
1168 1348 1318 1386 insula-

34 1412 122 1440 rum
139 1403 261 1442 modo
283 1408 454 1442 exstant.
492 1404 644 1442 nullum
673 1403 711 1441 in
730 1402 1031 1442 mediterraneis
1054 1402 1131 1441 nisi
1151 1410 1224 1452 per
1247 1414 1316 1442 na-

34 1457 141 1519 vigia
169 1458 448 1497 commercium
477 1463 558 1497 est:
601 1458 728 1497 maior
748 1462 810 1496 est
827 1459 976 1497 laetitia
995 1458 1201 1507 gentibus,
1236 1469 1316 1521 quo

35 1512 166 1552 minus
186 1518 380 1552 terrarum
399 1524 562 1552 suarum
584 1514 729 1552 vident.
761 1513 827 1552 Sic
849 1524 1012 1563 quoque
1039 1525 1129 1552 cum
1153 1524 1198 1552 se
1218 1514 1318 1563 ripis
1330 1515 1372 1549 12

36 1568 210 1625 continet
227 1569 357 1616 Nilus,
382 1579 453 1617 per
467 1574 636 1618 septena
655 1570 758 1608 ostia
774 1570 815 1607 in
833 1580 943 1608 mare
959 1569 1158 1609 emittitur.
1190 1570 1317 1618 quod-

37 1633 207 1672 cumque
240 1624 409 1673 elegeris
437 1635 489 1662 ex
513 1625 596 1672 his,
630 1635 739 1663 mare
768 1629 841 1663 est.
882 1626 1029 1664 multos
1061 1625 1317 1664 nihilominus

35 1678 231 1726 ignobiles
258 1691 391 1719 ramos
422 1679 462 1718 in
490 1680 597 1719 aliud
617 1686 736 1729 atque
755 1680 864 1719 aliud
883 1681 976 1719 litus
998 1679 1175 1729 porrigit.
1206 1681 1317 1725 Cete—

34 1745 119 1772 rum
140 1734 279 1774 beluas
301 1736 462 1775 marinis
484 1737 547 1775 vel
568 1735 840 1784 magnitudine
866 1736 930 1774 vel
950 1747 1059 1775 noxa
1077 1747 1199 1785 pares
1219 1737 1316 1775 edu-

36 1794 117 1835 cat,
140 1794 178 1828 et
197 1801 248 1828 ex
268 1802 316 1830 eo
342 1796 514 1839 quantus
535 1791 587 1830 sit
605 1792 806 1830 aestimari
829 1796 981 1839 potest,
1011 1792 1123 1840 quod
1142 1792 1318 1840 ingentia

34 1845 218 1884 animalia
245 1851 284 1885 et
313 1847 460 1895 pabulo
490 1846 703 1885 sufficienti
730 1852 770 1885 et
795 1847 848 1885 ad
869 1847 1094 1894 vagandum
1114 1849 1204 1887 loco
1223 1858 1317 1887 con-

34 1899 141 1939 tinet.
179 1900 395 1949 Balbinus,
424 1901 598 1941 virorum
629 1901 803 1951 optimus
836 1903 1125 1951 profectusque
1151 1902 1191 1941 in
1213 1902 1319 1942 omni
1335 1907 1373 1941 13

34 1956 233 1995 literarum
261 1967 408 2005 genere
438 1957 652 2006 rarissimi,
688 1962 828 1997 auctor
865 1961 944 2005 est,
979 1959 1178 2006 cumipse
1200 1969 1316 2007 prae-

34 2012 161 2051 fectus
179 2012 375 2052 obtineret
389 2014 618 2062 Aegyptum
635 2043 645 2061 ,
671 2013 948 2052 Heracleotico
969 2013 1073 2052 ostio
1089 2014 1185 2062 Nili,
1207 2014 1317 2063 quod

34 2070 96 2104 est
114 2067 349 2115 maximum,
377 2068 608 2116 spectaculo
630 2068 706 2107 sibi
726 2069 853 2107 fuisse
875 2068 1154 2118 delphinorum
1175 2080 1198 2108 a
1217 2069 1317 2108 mari

35 2124 350 2162 concurrentium
366 2129 405 2162 et
420 2124 713 2163 crocodilorum
731 2135 755 2162 a
765 2123 928 2163 flumine
942 2124 1158 2163 adversum
1173 2135 1316 2173 agmen

35 2178 234 2224 agentium
256 2181 363 2218 velut
384 2190 455 2228 pro
478 2179 656 2228 partibus
678 2180 884 2227 proelium.
917 2181 1144 2219 crocodilos
1164 2180 1214 2219 ab
1232 2181 1314 2219 ani-

34 2232 201 2272 malibus
227 2234 397 2283 placidis
426 2245 645 2283 morsuque
668 2235 841 2274 innoxiis
863 2235 1005 2274 victos.
1042 2236 1113 2274 His
1131 2236 1368 2285 superiorl4

36 2296 131 2334 pars
157 2290 339 2338 corporis
374 2291 474 2330 dura
499 2296 538 2329 et
566 2289 866 2338 inpenetrabilis
894 2296 955 2329 est
983 2292 1099 2330 etiam
1120 2291 1314 2331 maiorum

35 2341 259 2382 animalium
289 2345 496 2394 dentibus,
531 2350 570 2384 at
597 2345 759 2384 inferior
786 2346 916 2385 mollis
945 2357 992 2385 ac
1016 2352 1164 2386 tenera.
1208 2347 1312 2386 hanc
