1598 2606
210 162 263 204 28
579 161 621 199 L.
650 161 837 199 ANNAEl
865 159 1086 199 SENECAE

176 273 197 305 5
211 262 311 301 enim
329 261 494 300 alienam
522 270 604 298 rem
626 270 705 298 non
733 260 912 307 accipere
930 260 1173 299 moderatio?
1208 260 1250 299 Si
1269 261 1450 308 exemplo

210 316 339 364 magni
358 316 472 354 animi
493 325 594 363 opus
617 320 693 359 est,
713 319 864 351 utamur
883 314 1060 352 Graecini
1077 315 1180 362 Iulii,
1198 315 1271 352 viri
1292 315 1449 363 egregii,

212 381 327 419 quem
357 370 396 408 C.
421 370 566 408 Caesar
593 369 736 406 occidit
762 369 812 406 ob
839 368 914 406 hoc
933 379 1071 416 unum,
1101 369 1208 417 quod
1234 369 1371 407 melior
1390 369 1450 407 vir

211 429 293 463 erat
319 435 435 472 quam
462 434 552 462 esse
581 433 815 471 quemquam
835 426 1001 471 tyranno
1027 423 1198 471 expedit.
1235 423 1268 460 is
1293 433 1380 460 cum
1401 423 1449 461 ab

210 478 344 516 amicis
365 477 653 516 conserentibus
674 477 724 515 ad
744 477 948 524 inpensam
968 477 1148 515 ludorum
1174 477 1363 525 pecunias
1385 487 1449 515 ac—

210 532 377 581 ciperet,
406 542 586 579 magnam
604 531 810 579 pecuniam
830 541 854 568 a
869 531 988 569 Fabio
1007 530 1166 570 Persico
1188 531 1347 569 missam
1370 541 1449 570 non

209 587 360 633 accepit
386 591 423 624 et
449 585 743 634 obiurgantibus
771 584 852 632 his,
883 586 949 633 qui
976 596 1054 623 non
1081 585 1337 624 aestimabant
1364 586 1448 624 mit—

207 646 353 686 tentes,
385 641 457 678 sed
475 640 615 686 missa,
646 640 753 687 quod
774 640 1040 687 repudiasset:
1073 650 1151 687 eqo,
1180 639 1315 687 inquit,
1343 640 1448 678 abeo

207 696 423 741 beneficium
441 697 646 742 accipiam,
672 705 698 731 a
716 705 788 742 quo
806 696 1110 742 propinationem
1131 690 1356 741 accepturus
1376 705 1451 732 non

166 757 188 791 6
205 747 313 787 sum?
350 748 443 786 Cum
470 749 522 786 illi
550 748 711 786 Rebilus
740 748 977 795 consularis,
1010 748 1128 786 homo
1155 748 1332 786 eiusdem
1354 748 1450 785 infa-

207 804 325 850 miae,
359 803 543 841 maiorem
563 813 753 840 summam
772 802 944 841 misisset
967 803 1228 849 instaretque,
1255 805 1298 840 ut
1323 801 1450 849 accipi

207 857 374 895 iuberet:
401 868 513 905 roae,
541 857 684 904 inquit,
716 860 908 905 iqnoscas,
937 861 976 895 et
996 868 1021 895 a
1038 858 1192 895 Persico
1212 867 1287 894 non
1307 858 1449 905 accepi.

206 911 340 950 Utrum
360 910 435 950 hoc
457 921 618 949 munera
638 912 817 959 accipere
837 916 897 950 est
915 921 965 948 an
986 915 1163 949 senatum
1182 911 1339 958 legere?

281 965 398 1003 XXII.
434 965 543 1004 Cum
565 966 918 1013 accipiendum
940 964 1356 1011 iudicaverimus,
1384 963 1448 1002 hi-

196 1020 340 1057 'lares
375 1019 702 1066 accipiamus,
743 1019 1049 1066 profitentes
1082 1019 1310 1066 gaudium
1344 1022 1382 1056 et
1409 1018 1450 1056 id

206 1073 310 1111 danti
326 1072 573 1110 manifestum
589 1073 648 1120 sit,
668 1077 710 1111 ut
729 1073 891 1111 fructum
915 1078 1161 1120 praesentem
1176 1073 1315 1120 capiat.
1346 1073 1450 1110 iusta

206 1127 307 1164 enim
334 1137 454 1164 causa
485 1127 651 1165 laetitiae
676 1131 735 1165 est
760 1128 902 1165 laetum
929 1128 1095 1164 amicum
1121 1127 1275 1173 videre,
1311 1127 1450 1164 iustior

205 1181 369 1227 secisse,
399 1191 516 1229 quam
534 1185 642 1228 grate
661 1181 712 1218 ad
731 1191 804 1219 nos
824 1181 1054 1228 pervenisse
1073 1181 1288 1218 indicemus
1311 1180 1448 1218 effusis

204 1233 434 1274 adfectibus.
473 1235 582 1283 quod
600 1245 679 1273 non
698 1235 786 1283 ipso
813 1238 957 1272 tantum
985 1235 1183 1280 audiente,
1210 1234 1283 1271 sed
1301 1233 1448 1281 ubiq'uc

204 1293 402 1327 testemur.
458 1288 530 1336 Qui
563 1294 672 1336 grate
703 1289 936 1327 beneficium
968 1288 1128 1337 accipit,
1164 1288 1329 1336 primam
1362 1288 1446 1326 eius

208 1344 438 1391 pensionem
459 1343 601 1381 solvus

169 1407 186 1438 1
283 1397 416 1435 XXIII.
442 1396 561 1435 Sunt
582 1396 796 1448 quidam,
827 1397 906 1445 qui
932 1395 1222 1435 noluntnisi
1247 1401 1446 1435 secreto

208 1452 448 1498 accipere.
504 1456 642 1489 testem
667 1450 848 1489 beneficii
875 1455 914 1489 et
940 1451 1142 1490 conscium
1167 1450 1306 1488 vitant:
1343 1460 1445 1499 quos

207 1505 309 1543 scias
329 1504 419 1543 licet
437 1507 537 1544 male
558 1506 741 1553 cogitare.
775 1505 973 1553 quomodo
1002 1505 1107 1543 danti
1132 1505 1171 1542 in
1189 1509 1336 1543 tanturn
1356 1512 1446 1553 pro-

206 1559 387 1597 ducenda
405 1560 539 1597 notitia
556 1564 616 1597 est
633 1559 804 1597 muneris
825 1560 905 1606 sui,
934 1559 972 1596 in
990 1563 1182 1606 quantum
1209 1559 1447 1598 delectatura

206 1618 265 1651 est
284 1623 390 1661 eum,
418 1613 480 1651 cui
499 1613 630 1661 datur,
656 1613 712 1652 ita
734 1612 939 1661 accipienti
966 1613 1188 1651 adhibenda
1207 1614 1345 1651 concio
1365 1617 1444 1651 est=

166 1680 187 1713 2
206 1667 311 1715 quod
338 1668 460 1716 pudet
489 1667 651 1714 debere,
687 1677 737 1705 ne
756 1668 971 1715 acceperis.
1022 1667 1225 1715 Quidam
1260 1668 1444 1705 furtive

204 1726 353 1769 agunt
377 1721 565 1770 gratias
593 1722 688 1760 etin
708 1722 850 1769 angulo
871 1722 978 1760 etad
998 1732 1150 1760 aurem:
1187 1732 1267 1760 non
1286 1726 1346 1760 est
1367 1720 1445 1758 ista

201 1776 457 1822 verecundia,
487 1776 559 1814 sed
585 1776 775 1814 infitiandi
802 1785 940 1822 genus.
978 1776 1152 1823 ingratus
1179 1780 1258 1822 est,
1293 1775 1359 1823 qui
1381 1784 1442 1812 re—

202 1830 316 1868 motis
337 1829 492 1868 arbitris
514 1830 591 1877 agit
609 1830 766 1878 gratias.
802 1829 965 1876 Quidam
985 1831 1122 1868 nolunt
1137 1829 1292 1868 nomina
1307 1838 1442 1867 secum

202 1883 287 1921 fieri
307 1894 379 1922 nec
397 1884 592 1932 interponi
620 1884 796 1932 pararios
822 1894 896 1922 nec
919 1885 1135 1932 signatores
1162 1883 1347 1922 advocari
1369 1892 1443 1920 nec

205 1938 504 1986 chirographum
525 1939 635 1976 dare:
673 1939 776 1976 idem
803 1939 965 1985 faciunt,
995 1939 1060 1987 qui
1078 1939 1170 1976 dant
1195 1947 1373 1986 operam,
1400 1940 1443 1974 ut

163 1999 185 2033 3
203 1990 434 2031 beneficium
453 1993 492 2031 in
512 1993 623 2040 ipsos
644 1993 825 2032 collatum
841 2003 958 2041 quam
973 1991 1255 2041 ignotissimum
1277 1991 1337 2029 sit.
1363 1991 1441 2028 Ve-

201 2051 333 2084 rentur
364 2048 491 2095 palam
524 2048 644 2095 ferre,
676 2050 719 2085 ut
745 2058 818 2085 sua
847 2048 978 2095 potius
1005 2047 1145 2085 virtute
1172 2055 1287 2093 quam
1313 2044 1440 2082 alieno

204 2099 393 2139 adiutorio
414 2101 614 2140 consecuti
641 2101 831 2139 dicantur.
875 2102 1043 2139 rariores
1069 2100 1109 2138 in
1135 2109 1271 2138 eorum
1299 2099 1440 2137 officiis

203 2158 312 2201 sunt,
342 2155 482 2202 quibus
508 2155 625 2193 vitam
652 2160 717 2194 aut
743 2156 967 2203 dignitatem
995 2155 1154 2201 debent,
1191 2158 1228 2191 et
1247 2153 1338 2191 dum
1357 2153 1440 2200 opi-

202 2208 356 2246 nionem
376 2208 569 2247 clientium
586 2210 737 2256 timent,
762 2210 980 2258 graviorem
1001 2208 1169 2247 subeunt
1189 2208 1439 2255 ingratorum.

165 2267 185 2300 1
278 2261 412 2301 XXIV.
435 2263 534 2301 Alii
555 2263 767 2312 pessime
785 2265 1057 2313 loquuntur
1075 2262 1133 2301 de
1153 2262 1334 2310 optime
1353 2271 1440 2300 me-
