1624 2626
243 174 376 215 DIAL.
405 175 474 213 IV.
519 173 587 213 DE
614 173 706 213 IRA
732 173 827 212 LIB.
857 172 904 211 11.
933 177 1104 213 21—25.
1263 170 1318 212 69

8 274 9 307 ἶ
34 277 174 318 medici
209 280 389 323 caveret,
415 278 622 323 acceptam
644 273 848 323 potionem
867 284 948 313 non
969 274 1183 320 deterritus
1206 273 1316 312 bibit.

32 335 124 374 Plus
145 332 222 372 sibi
241 332 292 371 de
311 331 439 371 amico
460 341 535 370 suo
556 331 737 369 credidit.
779 330 924 378 dignus
947 330 1019 369 fuit
1040 331 1107 379 qui
1127 331 1316 369 innocen-
1331 337 1354 371 3

31 395 111 430 tem
130 388 314 436 haberet,
349 388 493 436 dignus
516 386 584 435 qui
606 388 766 425 faceret.
823 386 912 426 Hoc
943 397 991 426 eo
1012 386 1141 435 magis
1163 386 1204 424 in
1223 386 1318 424 Ale—

30 445 185 484 xandro
208 443 345 491 laudo,
378 443 472 492 quia
498 453 616 481 nemo
642 446 722 480 tam
749 438 951 481 obnoxius
978 442 1062 480 irae
1093 442 1177 481 suit.
1237 451 1319 490 quo

31 502 160 540 maior
189 504 323 540 autem
353 498 575 538 moderatio
599 498 640 536 in
673 498 847 546 regibus,
867 498 946 537 hoc
965 498 1169 537 laudanda
1192 497 1320 546 magis

32 562 108 596 est.
148 554 258 596 Fecit
285 555 362 594 hoc
383 560 422 594 et
439 554 468 592 1.
488 554 638 593 Caesar
663 553 729 591 ille
750 554 818 603 qui
837 554 1006 593 victoria
1027 553 1134 592 civili
1150 553 1320 592 clemen·
1336 556 1360 590 4

32 613 187 652 tissime
211 621 312 650 usus
343 615 418 650 est.
463 620 553 649 cum
586 608 734 649 scrinia
765 610 1100 659 deprehendisset
1130 610 1320 658 epistula-

31 680 119 708 rum
140 668 192 707 ad
212 667 282 706 Cn.
300 666 532 715 Pompeium
554 666 766 704 missarum
782 666 832 704 ab
849 666 898 704 iis
916 666 984 715 qui
1001 665 1241 704 videbantur
1254 670 1323 703 aut

32 725 72 764 in
89 723 261 763 diversis
277 723 399 762 autin
416 722 566 761 neutris
584 721 710 760 fuisse
726 722 917 770 partibus,
935 722 1155 760 conbussit.
1177 721 1320 770 Quam-

32 781 96 819 vis
116 779 322 818 moderate
341 779 490 818 soleret
508 777 641 825 irasci,
661 778 799 816 maluit
815 782 949 816 tamen
969 789 1049 817 non
1065 788 1203 826 posse.
1232 787 1320 825 gra-

33 837 232 875 tissimum
252 835 405 884 putavit
422 844 550 883 genus
569 833 712 872 veniae
731 834 900 882 nescire,
922 833 1020 883 quid
1040 833 1212 883 quisque
1226 842 1323 882 pec·

0 903 1 916 ἢ
35 897 182 931 casset.

115 946 257 985 XXIV.
298 945 514 984 Plurimum
541 944 634 983 mali
653 944 869 983 credulitas
889 944 995 983 facit.
1038 955 1165 994 saepe
1184 953 1236 982 ne
1256 954 1324 982 au·
1339 951 1361 986 1

36 1003 227 1042 diendum
247 1002 408 1051 quidem
427 1006 502 1048 est,
523 1000 712 1049 quoniam
736 999 776 1039 in
793 1000 1035 1049 quibusdam
1052 1001 1176 1039 rebus
1197 1000 1324 1039 satius

35 1064 99 1098 est
120 1058 252 1106 decipi
274 1067 394 1106 quam
413 1056 610 1095 diffidere.
650 1056 828 1094 tollenda
850 1066 900 1094 ex
929 1057 1061 1094 animo
1083 1054 1264 1104 suspicio
1285 1060 1325 1094 et

36 1115 275 1160 coniectura,
295 1113 552 1152 fallacissima
570 1112 836 1150 inritamenta:
855 1112 949 1159 „ille
959 1122 1022 1150 me
1034 1122 1173 1161 parum
1184 1111 1323 1150 huma-

34 1181 86 1209 ne
103 1169 303 1208 salutavit.
353 1168 420 1206 ille
440 1169 581 1208 osculo
603 1178 692 1206 meo
715 1179 797 1207 non
817 1168 1012 1207 adhaesit.
1074 1168 1141 1206 ille
1160 1166 1324 1206 inchoa·

34 1232 116 1265 turn
139 1234 365 1264 sermonem
386 1224 464 1264 cito
486 1224 661 1273 abrupit:
698 1224 764 1262 ille
785 1224 838 1262 ad
861 1234 1028 1262 coenam
1051 1234 1130 1262 non
1149 1223 1325 1262 vocavit.

35 1282 142 1321 illius
163 1282 293 1321 voltus
312 1281 495 1320 aversior
515 1280 627 1319 visus
644 1282 746 1319 est.“
773 1280 860 1319 Non
873 1280 1001 1318 deerit
1021 1279 1244 1328 suspicioni
1264 1289 1325 1317 ar-
1341 1290 1364 1324 2

36 1337 298 1387 gumentatio:
319 1337 571 1385 simplicitate
591 1346 696 1385 opus
716 1341 779 1375 est
797 1340 837 1375 et
860 1335 1035 1384 benigna
1052 1346 1186 1374 rerum
1206 1335 1325 1374 aesti-

35 1394 223 1433 matione.
266 1393 363 1431 nihil
381 1391 459 1431 nisi
479 1392 589 1442 quod
608 1393 648 1430 in
676 1392 819 1431 oculos
847 1392 1021 1431 incurret
1052 1391 1325 1430 manifestum-

39 1459 120 1498 que
155 1450 230 1487 erit
265 1449 476 1487 credamus
513 1453 555 1487 et
591 1450 779 1497 quotiens
819 1447 1000 1496 suspicio
1040 1453 1180 1486 nostra
1219 1457 1327 1485 vana

39 1503 282 1553 adparuerit,
305 1505 562 1553 obiurgemus
582 1504 870 1543 credulitatem.
901 1503 1007 1542 ⁴haec
1026 1504 1132 1542 enim
1153 1502 1325 1551 castiga-

38 1559 95 1599 tio
116 1560 447 1599 consuetudinem
467 1560 614 1599 efficiet
640 1571 719 1599 non
740 1561 858 1598 facile
877 1560 1082 1598 credendi.

122 1616 244 1654 XXV.
283 1615 380 1654 Inde
410 1620 451 1654 et
474 1616 572 1655 illud
600 1616 799 1666 sequitur,
832 1621 877 1655 ut
896 1615 1069 1654 minimis
1093 1613 1326 1654 sordidissi-
1342 1620 1363 1653 1

41 1670 201 1720 misque
227 1671 349 1709 rebus
376 1682 458 1710 non
480 1673 779 1710 exacerbamur.
820 1671 964 1710 Parum
992 1673 1107 1721 agilis
1138 1675 1201 1710 est
1226 1681 1328 1719 puer

39 1732 107 1766 aut
124 1727 296 1776 tepidior
311 1737 416 1775 aqua
437 1732 581 1776 poturo
602 1732 670 1767 aut
685 1728 867 1767 turbatus
882 1733 994 1767 torus
1014 1733 1081 1767 aut
1099 1736 1240 1766 mensa
1257 1736 1327 1764 ne—

39 1783 261 1831 glegentius
283 1783 436 1831 posita:
465 1784 518 1822 ad
542 1784 619 1822 ista
646 1783 836 1823 concitari
855 1783 1013 1823 insania
1032 1789 1106 1823 est.·
1149 1792 1271 1830 aeger
1289 1786 1329 1820 et

39 1839 209 1878 infelicis
228 1839 457 1878 valitudinis
478 1843 539 1878 est
558 1849 676 1888 quem
695 1840 796 1878 levis
816 1850 913 1878 aura
936 1839 1151 1886 contraxit,
1180 1836 1328 1876 adfecti

41 1895 145 1933 oculi
171 1905 275 1944 quos
296 1895 467 1933 candida
481 1895 606 1933 vestis
622 1895 820 1941 obturbat,
841 1896 1060 1934 dissolutus
1082 1892 1236 1933 deliciis
1258 1903 1327 1932 eu-

41 1951 104 1990 ius
124 1952 227 1990 latus
241 1950 372 1990 alieno
389 1951 526 1989 labore
544 1950 760 1990 condoluit.
788 1950 1057 2001 Mindyridem
1073 1949 1183 1988 aiunt
1202 1948 1328 1987 fuisse
1341 1954 1364 1991 2

41 2018 92 2046 ex
120 2006 395 2058 Sybaritarum
429 2007 599 2045 civitate.
659 2008 727 2055 qui
753 2017 842 2045 cum
861 2007 1032 2045 vidisset
1052 2005 1266 2044 fodientem
1287 2009 1328 2043 et

41 2064 156 2116 altius
172 2067 344 2101 rastrum
365 2062 630 2107 adlevantem,
654 2062 808 2100 lassum
833 2072 878 2100 se
903 2061 990 2099 fieri
1016 2065 1182 2109 questus
1203 2060 1328 2099 vetuit

39 2119 148 2157 illum
172 2129 277 2167 opus
299 2118 339 2156 in
365 2123 588 2166 conspectu
616 2128 691 2156 suo
715 2117 862 2155 facere.
912 2116 1033 2154 bilem
1065 2115 1213 2154 habere
1237 2125 1326 2154 sae-

42 2174 132 2222 pius
151 2178 317 2223 questus
337 2177 410 2221 est,
431 2174 540 2221 quod
559 2173 664 2211 foliis
688 2183 809 2211 rosae
828 2171 1039 2220 duplicatis
1065 2171 1325 2211 incubuisset.

41 2230 118 2269 Ubi
141 2229 315 2268 animum
334 2229 451 2267 simul
474 2234 513 2268 et
535 2239 685 2276 corpus
711 2228 938 2276 voluptates
962 2237 1198 2276 corrupere,
1230 2226 1326 2265 nihil
1341 2229 1365 2265 3

42 2285 250 2324 tolerabile
272 2284 440 2332 videtur,
456 2295 536 2322 non
559 2284 652 2333 quia
672 2283 784 2330 dura,
809 2283 882 2321 sed
905 2283 1000 2338 quia
1019 2282 1150 2322 mollis
1167 2283 1326 2332 patitur.

46 2341 141 2390 quid
165 2344 230 2380 est
244 2340 361 2390 enim,
387 2350 458 2381 cur
480 2340 607 2379 tussis
625 2339 794 2378 alicuius
811 2342 879 2378 aut
894 2343 1245 2378 sternutamentum
1261 2341 1330 2377 aut
