1592 2580
320 202 399 244 138
668 204 711 242 L.
739 202 930 242 ANNAEI
959 202 1182 242 SENECAE

318 302 411 341 dum
433 307 513 350 est,
543 303 744 351 quomodo
765 301 1005 341 liberalitatis
1019 303 1179 341 materia
1192 302 1385 341 adversus
1401 312 1490 341 eum
1505 314 1570 342 su-

278 362 300 398 6
316 357 458 406 persit,
489 356 602 396 cuius
624 358 811 397 universa
833 367 926 395 esse
953 357 1256 396 concessimuss
1285 357 1422 395 Omnia
1449 358 1568 405 patris

317 416 430 459 sunt,
459 422 562 460 quae
591 412 630 450 in
656 412 867 451 liberorum
888 421 1006 451 manu
1031 416 1138 449 sunt:
1178 411 1265 460 quis
1283 416 1412 450 tamen
1445 412 1571 451 nescit

316 466 467 504 donare
493 466 642 515 aliquid
668 471 707 505 et
727 467 849 504 filium
870 466 994 514 patri?
1039 465 1175 504 Omnia
1193 467 1355 505 deorum
1376 471 1485 504 sunt:
1513 471 1568 505 ta-

315 531 404 559 men
425 525 464 559 et
478 521 539 560 dis
555 522 702 560 donum
717 520 924 570 posuimus
939 525 978 559 et
992 519 1132 568 stipem
1147 521 1321 559 iecimus.
1364 520 1449 559 Non
1466 520 1568 568 ideo,

317 575 426 623 quod
451 574 600 623 habeo,
626 586 755 614 meum
782 585 862 613 non
889 580 967 621 est,
997 575 1031 613 si
1056 585 1184 613 meum
1205 580 1311 613 tuum
1331 579 1410 613 est:
1439 579 1570 622 potest

277 633 298 668 ‘7
315 630 416 667 enim
443 629 546 667 idem
574 641 666 669 esse
692 640 822 668 meum
843 634 881 668 et
897 634 1017 668 tuum.
1061 630 1145 676 ,‚Is,
1177 629 1319 677 inquit,
1347 629 1458 667 cuius
1479 639 1568 677 pro-

315 684 470 723 stitutae
492 689 600 732 sunt,
628 685 717 722 leno
739 688 812 722 est.
840 684 970 722 omnia
989 688 1116 722 autem
1131 684 1319 731 sapientis
1338 688 1441 722 sunt.
1470 684 1569 722 inter

314 739 445 777 omnia
464 743 502 776 et
517 739 748 787 prostitutae
763 743 872 777 sunt:
893 748 986 786 ergo
1006 738 1237 786 prostitutae
1255 738 1444 786 sapientis
1465 744 1566 776 sunt.

314 794 403 831 leno
431 797 561 831 autem
581 799 659 840 est,
686 793 796 831 cuius
817 793 1046 842 prostitutae
1072 798 1181 831 sunt:
1211 803 1304 840 ergo
1326 793 1485 840 sapiens
1507 797 1569 831 est

274 848 444 886 Sieno.“
491 847 556 886 Sic
575 848 681 886 illum
700 852 833 887 vetant
852 857 992 885 emere.
1023 847 1157 885 dicunt
1171 847 1293 885 enim:
1322 847 1468 895 „Nemo
1484 857 1567 885 rem

314 913 427 941 suam
453 901 557 940 emit.
599 902 730 941 omnia
757 907 886 941 autem
913 902 1102 950 sapientis
1132 906 1247 940 sunt:
1287 911 1380 949 ergo
1405 901 1566 949 sapiens

313 957 407 995 nihil
435 957 562 995 emit.“
613 956 678 995 Sic
708 961 840 995 vetant
864 960 902 994 et
927 960 1099 994 mutuum
1128 966 1302 1003 sumere,
1331 956 1424 1004 quia
1450 965 1566 994 nemo

311 1022 474 1050 usuram
494 1021 565 1059 pro
588 1011 756 1059 pecunia
775 1022 847 1049 sua
863 1011 1017 1059 pendat.
1049 1010 1348 1048 Innumerabilia
1365 1014 1474 1058 sunt,
1495 1020 1566 1058 per

312 1075 416 1114 quae
435 1066 682 1114 cavillantur,
712 1076 800 1104 cum
818 1065 1094 1114 pulcherrime,
1125 1064 1220 1113 quid
1234 1075 1258 1103 a
1273 1065 1389 1103 nobis
1404 1065 1565 1113 dicatur,

313 1121 547 1167 intellegant.

275 1174 294 1207 1
389 1174 439 1213 V.
477 1174 599 1211 Etiam
627 1173 684 1212 sic
706 1173 834 1212 omnia
854 1173 1041 1222 sapientis
1063 1183 1155 1211 esse
1174 1172 1284 1220 dico,
1311 1177 1355 1212 ut
1372 1172 1564 1212 nihilomi-

312 1239 385 1267 nus
412 1228 614 1276 proprium
643 1227 812 1277 quisque
838 1229 876 1265 in
904 1228 1023 1266 rebus
1057 1227 1139 1265 suis
1168 1227 1380 1265 dominium
1408 1228 1561 1275 habeat,

312 1282 643 1332 quemadmodum
671 1283 744 1320 sub
767 1282 913 1331 optimo
932 1293 1026 1331 rege
1045 1281 1174 1320 omnia
1192 1292 1264 1319 rex
1279 1282 1445 1330 imperio
1467 1293 1561 1330 pos-

311 1337 432 1385 sidet,
461 1337 602 1384 singuli
622 1336 808 1375 dominio.
850 1338 1023 1385 Tempus
1042 1337 1154 1374 istius
1173 1336 1402 1384 probandae
1419 1337 1475 1374 rei
1494 1347 1562 1374 ve—

311 1391 401 1429 niet.
442 1391 594 1429 interim
621 1391 698 1429 hoc
724 1390 816 1429 huic
845 1390 1066 1438 quaestioni
1094 1394 1155 1429 sat
1185 1395 1246 1428 est
1272 1400 1334 1428 me
1360 1390 1418 1438 id,
1455 1391 1564 1439 quod

311 1445 423 1484 aliter
449 1444 658 1493 sapientis,
688 1445 797 1483 aliter
817 1456 946 1484 meum
966 1450 1045 1493 est,
1076 1455 1198 1493 posse
1217 1445 1363 1483 donare
1382 1444 1562 1492 sapienti.

270 1501 295 1535 2
309 1501 389 1538 Nec
408 1500 547 1538 mirum
566 1506 627 1539 est
645 1499 794 1547 aliquid
813 1500 868 1546 ei,
899 1499 1009 1538 cuius
1029 1504 1090 1538 est
1110 1504 1228 1537 totum
1241 1529 1250 1546 ,
1271 1509 1393 1547 posse
1412 1499 1564 1538 donari.

311 1553 491 1594 Conduxi
518 1554 675 1592 domum
702 1565 727 1592 a
753 1558 802 1592 te.
840 1555 878 1592 in
905 1554 980 1592 hac
1008 1554 1156 1602 aliquid
1181 1558 1288 1592 tuum
1308 1557 1386 1600 est,
1415 1554 1564 1602 aliquid

310 1618 460 1648 meum:
488 1619 553 1646 res
579 1613 646 1646 tua
672 1612 752 1656 est,
778 1619 877 1647 usus
903 1609 960 1646 rei
986 1613 1077 1647 tuae
1103 1618 1213 1646 meus
1235 1612 1306 1646 est.
1340 1608 1469 1655 itaque
1489 1618 1571 1646 nec·

310 1665 460 1702 fructus
489 1667 627 1710 tanges
658 1663 798 1701 colono
827 1667 895 1702 tuo
929 1663 1178 1711 prohibente,
1216 1662 1392 1710 quamvis
1425 1667 1491 1700 tua
1521 1662 1562 1700 in

309 1717 570 1767 possessione
597 1723 833 1766 nascantur,
870 1721 910 1756 et
941 1716 976 1756 si
1008 1727 1164 1755 annona
1196 1718 1323 1756 carior
1354 1717 1470 1755 fuerit
1497 1721 1562 1756 aut

311 1774 456 1819 fames,

416 1827 491 1865 heu
515 1826 672 1874 frustra
697 1836 877 1873 maynum
895 1827 1055 1865 alterius
1073 1826 1258 1874 spectabis
1276 1835 1455 1864 acervum

272 1886 295 1921 3
310 1882 347 1920 in
366 1885 434 1920 tuo
454 1886 606 1927 natum,
626 1879 665 1918 in
685 1885 752 1919 tuo
772 1880 965 1929 positum,
993 1880 1032 1918 in
1051 1880 1192 1918 horrea
1210 1880 1349 1917 iturum
1368 1884 1447 1917 tua.
1479 1877 1560 1916 Nec

309 1936 544 1975 conductum
565 1945 713 1981 meum,
735 1944 972 1982 quamquam
992 1935 1047 1973 sis
1068 1934 1267 1980 dominus,
1287 1933 1459 1971 intrabis.
1485 1942 1561 1970 nec

308 2000 467 2028 servum
495 1994 621 2036 tuum,
658 1987 940 2026 mercenarium
969 1999 1117 2036 meum,
1152 1987 1339 2025 abduces.
1375 1992 1412 2025 et
1431 1997 1517 2025 cum
1536 1996 1561 2024 a

307 2051 346 2083 te
365 2044 528 2082 rhedam
548 2043 794 2090 conduxere,
822 2042 1055 2080 beneficium
1076 2042 1266 2090 accipies,
1293 2041 1327 2079 si
1346 2041 1413 2079 tibi
1432 2040 1471 2079 in
1490 2050 1558 2079 ve-

307 2098 439 2137 hiculo
461 2103 526 2137 tuo
549 2098 690 2136 sedere
710 2096 937 2146 permisero.
981 2096 1107 2134 Vides
1127 2106 1220 2143 ergo
1241 2106 1362 2143 posse
1381 2095 1486 2142 fieri,
1515 2099 1559 2134 ut

309 2153 453 2202 aliquis
475 2152 705 2200 accipiendo
727 2151 833 2199 quod
852 2161 965 2189 suum
984 2155 1064 2197 est,
1093 2160 1234 2188 munus
1254 2150 1431 2197 accipiat.

269 2215 289 2248 1
387 2207 455 2245 Vl.
484 2208 526 2245 In
548 2205 728 2245 omnibus
743 2205 847 2251 istis,
876 2214 977 2252 quac
991 2204 1109 2242 modo
1124 2204 1255 2251 retuli,
1274 2208 1438 2252 uterque
1453 2203 1556 2242 eius-

311 2261 400 2299 dem
418 2261 475 2299 rei
495 2262 675 2299 dominus
696 2265 769 2298 est.
813 2258 1044 2307 Quomodo?
1072 2259 1163 2306 quia
1185 2258 1281 2296 alter
1299 2257 1357 2296 rei
1376 2257 1556 2296 dominus

310 2319 391 2362 est,
422 2316 518 2354 alter
534 2325 646 2353 usus.
691 2314 831 2353 Libros
853 2313 1018 2351 dicimus
1037 2322 1130 2351 esse
1148 2312 1357 2350 Ciceronis.
1394 2311 1557 2350 eosdem

308 2371 438 2410 Dorus
457 2368 638 2408 librarius
659 2379 756 2410 suos
773 2372 908 2417 vocat,
937 2371 975 2406 et
987 2371 1194 2416 utrumque
1208 2377 1342 2406 verum
1359 2370 1431 2405 est.
1462 2365 1557 2404 alter
