1592 2580
238 168 289 209 58
607 171 650 208 L.
677 170 867 209 ANNAEI
893 171 1117 211 SENECAE

237 268 419 307 licitatem
440 268 686 317 parentibus,
711 274 753 308 ut
772 270 965 309 fateantur
980 275 1053 318 [se]
1069 271 1181 319 ipsos
1197 271 1407 312 liberorum
1421 273 1488 313 be-

237 322 388 361 neficiis
417 324 604 372 inpares?
637 323 713 362 nisi
738 324 814 362 hoc
841 325 894 363 ita
920 324 1157 374 iudicamus,
1196 329 1489 367 excusationem

237 378 377 416 damus
406 378 540 416 liberis
567 383 606 416 et
632 379 720 416 illos
748 379 1033 426 segniores-{ad
1058 381 1303 419 referendam
1327 384 1489 430 gratiam

214 430 426 478 jacimus,
463 432 606 481 quibus
641 433 821 471 stimulos
854 433 1012 472 adicere
1045 435 1233 473 debemus
1267 441 1306 474 et
1337 437 1488 475 dicere:

235 487 312 524 hoc
339 485 464 534 agite,
493 487 628 534 optimi
652 487 830 525 iuvenes.
869 488 1077 536 proposita
1102 494 1163 527 est
1187 489 1287 528 inter
1306 497 1489 538 parentes

237 550 283 578 ac
303 540 450 579 liberos
469 540 636 579 honesta
657 542 873 589 contentio,
896 542 1075 581 dederint
1093 544 1242 581 maiora
1261 555 1309 582 an
1329 555 1487 593 recepe-

198 594 220 627 3
236 595 322 632 rint.
364 595 450 633 Non
466 595 555 634 ideo
572 596 759 644 vicerunt,
781 596 872 644 quia
887 603 1191 645 occupaverunt.
1217 600 1356 637 sumite
1372 601 1488 639 modo

237 648 411 687 animum
432 651 588 697 qualem
608 651 722 688 decet
742 656 780 689 et
803 651 973 689 deficere
999 651 1137 690 nolite:
1166 651 1331 691 vincetis
1353 659 1488 701 optan-

235 710 309 742 tes.
338 714 411 741 nec
432 704 576 743 desunt
593 710 672 743 tam
694 705 856 752 pulchro
877 706 1077 744 certamini
1101 706 1244 754 duces,
1275 709 1341 755 qui
1361 709 1412 745 ad
1438 709 1489 745 si-

234 758 341 796 milia
359 769 432 796 vos
455 759 710 796 cohortentur
729 770 776 797 ac
796 769 868 807 per
883 761 1048 807 vestigia
1067 771 1139 798 sua
1154 761 1210 798 ire
1226 761 1276 799 ad
1292 761 1490 800 victoriam

237 822 359 860 saepe
377 811 454 850 iam
475 819 626 860 partam
644 824 697 851 ex
715 814 942 862 parentibus
963 815 1133 852 iubeant.

201 864 219 897 l
315 866 507 904 XXXVII.
541 867 646 906 Vicit
673 871 831 907 Aeneas
861 873 1031 916 patrem,
1062 869 1149 917 ipse
1168 868 1253 907 eius
1271 870 1310 907 in
1330 870 1492 908 infantia

235 922 323 959 leve
351 925 554 969 tutumque
581 927 803 970 gestamen,
841 933 1000 970 gravem
1028 924 1139 962 senio
1168 934 1239 971 per
1265 924 1395 962 media
1420 924 1490 963 ho-

235 975 353 1013 stium
373 976 528 1023 agmina
545 981 584 1014 et
604 987 675 1024 per
695 977 871 1016 cadentis
897 978 1001 1015 circa
1016 988 1060 1016 se
1074 978 1182 1016 urbis
1196 978 1329 1016 ruinas
1346 978 1488 1024 serens,

236 1040 324 1068 cum
351 1031 571 1078 conplexus
599 1041 714 1069 sacra
741 1042 788 1069 ac
815 1037 978 1079 penates
1006 1032 1105 1070 deos
1132 1032 1342 1079 religiosus
1366 1042 1491 1071 senex

234 1094 314 1122 non
343 1084 511 1132 simplici
540 1085 748 1123 vadentem
775 1086 932 1124 sarcina
958 1093 1164 1134 premeret.
1192 1086 1277 1125 tulit
1293 1087 1400 1124 illum
1419 1097 1491 1135 per

235 1139 369 1185 ignes,
398 1143 438 1176 et
458 1139 571 1186 (quid
592 1149 670 1176 non
692 1139 818 1187 pietas
838 1143 1013 1187 potest2)
1031 1140 1185 1188 pertulit
1201 1141 1491 1189 colendumque

210 1193 335 1230 tinter
360 1193 585 1231 conditores
611 1193 777 1231 Romani
811 1194 965 1241 imperii
996 1195 1141 1241 posuit.
1195 1195 1339 1232 Vicere
1369 1195 1490 1233 Siculi

234 1247 419 1285 iuvenes:
457 1256 545 1285 cum
573 1247 702 1285 Aetna
727 1248 874 1285 maiore
899 1247 938 1285 vi
965 1249 1180 1296 peragitata
1211 1249 1249 1286 in
1275 1248 1414 1294 urbes,
1449 1249 1488 1286 in

233 1310 375 1348 agrOS,
410 1301 449 1339 in
473 1311 656 1349 magnam
683 1302 835 1340 insulae
855 1306 1005 1350 partem
1025 1302 1233 1341 effudisset
1252 1302 1487 1349 incendium,

233 1360 427 1393 vexerunt
453 1361 638 1403 parentes
667 1367 776 1394 suos.
815 1356 1053 1395 discessisse
1078 1357 1268 1395 creditum
1297 1361 1357 1394 est
1376 1358 1487 1405 ignes

233 1414 273 1447 et
300 1409 496 1457 utrimque
523 1409 681 1448 flamma
706 1410 918 1449 recedente
942 1411 1101 1449 limitem
1130 1412 1377 1459 adapertum,
1419 1422 1488 1459 per

235 1474 353 1512 quem
380 1468 692 1503 transcurrerent
710 1465 873 1503 iuvenes
894 1465 1132 1513 dignissimi,
1162 1466 1228 1513 qui
1247 1475 1388 1513 magna
1405 1470 1487 1504 tuto

197 1519 220 1553 3
234 1518 436 1556 auderent.
482 1519 588 1556 Vicit
611 1520 859 1567 Antigonus:
889 1520 955 1567 qui
983 1529 1068 1557 cum
1089 1520 1233 1567 ingenti
1253 1519 1404 1568 proelio
1421 1531 1486 1558 su-

233 1577 418 1620 perasset
443 1572 619 1621 hostem,
651 1574 869 1622 praemium
886 1573 978 1611 belli
1000 1574 1058 1612 ad
1070 1579 1219 1622 patrem
1238 1574 1432 1613 transtulit
1450 1580 1488 1612 et

235 1627 441 1674 imperium
466 1627 520 1665 illi
547 1628 666 1677 Cypri
694 1628 865 1667 tradidit.
905 1627 984 1666 hoc
1010 1633 1072 1667 est
1094 1639 1277 1676 regnum,
1304 1629 1407 1666 nolle
1426 1639 1486 1666 re-

198 1682 376 1728 4gnare,
413 1691 501 1719 cum
531 1683 677 1730 possis.
727 1682 832 1721 Vicit
864 1688 1014 1730 patrem
1046 1683 1301 1730 imperiosum
1327 1682 1485 1730 quidem

235 1735 424 1774 Manlius:
456 1736 522 1783 qui
545 1747 632 1774 cum
652 1741 741 1775 ante
760 1737 811 1775 ad
832 1742 983 1785 tempus
1003 1737 1199 1784 relegatus
1216 1741 1323 1775 esset
1337 1747 1360 1774 a
1375 1738 1486 1785 patre

237 1790 287 1828 ob
308 1790 616 1829 adulescentiam
631 1792 784 1829 brutam
800 1796 838 1829 et
851 1791 1049 1838 hebetem,
1071 1792 1121 1829 ad
1135 1791 1330 1829 tribunum
1345 1791 1483 1839 plebis,

237 1845 303 1891 qui
320 1845 418 1892 patri
432 1855 507 1883 suo
524 1846 677 1884 dixerat
695 1847 809 1893 diem,
826 1846 933 1883 venit
949 1845 1150 1893 petitoque
1166 1851 1355 1893 tempore,
1377 1845 1485 1893 quod

235 1898 299 1935 ille
325 1899 489 1937 dederat
517 1911 683 1948 sperans
711 1901 796 1938 fore
823 1900 1064 1947 proditorem
1084 1901 1257 1948 parentis
1276 1898 1412 1946 invisi,
1447 1904 1486 1936 et

235 1952 336 1990 bene
363 1953 555 1992 meruisse
579 1962 624 1992 se
644 1955 694 1992 de
712 1954 854 1992 iuvene
872 1954 1075 2000 credebat,
1105 1954 1216 1992 cuius
1235 1953 1389 1991 exilium
1411 1962 1482 2000 pro

235 2007 468 2053 gravissimo
498 2010 664 2046 crimine·
683 2009 783 2047 inter
810 2008 887 2046 alia
913 2009 1057 2047 Manlio
1079 2008 1289 2055 obiciebat,
1317 2011 1482 2045 nanctus

236 2061 471 2100 adulescens
512 2068 705 2101 secretum
746 2063 897 2110 stringit
935 2063 1169 2101 occultatum
1210 2061 1298 2100 sinu
1338 2061 1483 2099 ferrum

235 2119 291 2161 ct,
329 2118 404 2154 nisi
430 2119 556 2163 iuras,
593 2117 735 2164 inquit,
782 2121 817 2156 te
850 2118 950 2155 dcem
977 2119 1084 2165 patri
1115 2118 1376 2162 remissurum,
1412 2116 1483 2154 hoc

235 2172 271 2207 te
296 2171 428 2216 yladio
461 2172 728 2218 transfodiam.
774 2173 814 2210 in
845 2175 911 2210 tua
941 2174 1123 2219 potestate
1148 2174 1233 2216 est,
1263 2175 1347 2208 utro
1373 2171 1482 2208 modo

227 2228 344 2271 pater
375 2235 478 2263 meus
509 2230 767 2264 accusatorem
797 2236 873 2264 non
907 2226 1054 2264 habeat.
1111 2222 1254 2262 Iuravit
1288 2223 1479 2270 tribunus,

237 2285 310 2315 nec
344 2277 479 2317 fefellit
510 2285 548 2318 et
580 2290 740 2319 causam
766 2280 931 2319 actionis
961 2279 1151 2318 remissae
1179 2277 1358 2318 concioni
1387 2277 1478 2319 red-
