1592 2580
302 167 383 210 144
554 199 563 204 -
627 191 629 193 ·
694 169 740 208 L.
765 169 954 210 ANNAEI
978 170 1205 211 SENECAE
1260 173 1315 211 ,’ζ

298 266 400 306 cium
418 267 624 316 redderet,
651 267 800 307 obstitit
820 268 875 307 illi
900 269 1065 308 felicitas
1091 275 1177 310 tua:
1208 270 1307 310 ⁴nihil
1328 272 1464 312 incidit
1482 274 1553 314 du·

296 323 379 361 rius
390 353 399 370 ,
421 323 530 371 quod
547 333 678 361 veram
693 323 901 361 amicitiam
917 324 1171 372 experiretur.
1200 326 1386 374 locupleti
1405 328 1553 367 donare

298 388 376 415 non
397 378 542 425 potuit,
565 384 663 416 sano
685 378 890 424 adsidere,
911 379 1015 417 felici
1040 389 1287 418 succurrere:
1310 382 1476 428 gratiam
1490 394 1550 421 re·

295 431 398 478 tulit,
419 432 571 470 etiamsi
597 437 639 470 tu
657 432 894 470 beneficium
913 444 993 472 non
1007 435 1204 482 recepisti.
1235 435 1445 474 Praeterea
1462 437 1553 476 huic

296 487 467 524 intentus
486 496 644 534 semper
662 491 700 524 et
717 487 833 525 huius
851 488 909 525 rei
926 493 1080 536 tempus
1100 489 1311 537 opperiens
1334 491 1399 538 qui
1420 491 1457 529 in
1477 491 1553 530 hoc

296 541 459 579 multum
478 551 616 588 curae,
646 542 808 580 multum
830 541 1261 591 sedulitatistinpendia
1288 545 1377 592 plus
1399 546 1552 584 labora·

255 599 276 632 5
298 596 351 633 vit
382 606 499 643 quam
533 596 594 633 cui
628 596 705 633 cito
740 596 888 634 referre
920 598 1083 645 gratiam
1117 598 1297 645 contigit..
1355 600 1551 639 Debitoris

295 650 520 698 exemplum
553 649 744 688 dissimile
771 656 850 698 est,
873 652 936 689 cui
962 662 1098 700 parum
1117 658 1178 691 est
1207 653 1412 700 pecuniam
1433 665 1551 701 quae—

245 730 247 733 .
295 704 419 750 sisse,
454 704 530 742 nisi
555 705 688 743 solvit.
729 704 808 743 illic
840 706 943 744 enim
969 710 1047 744 stat
1078 708 1247 745 acerbus
1282 717 1402 754 super
1434 714 1553 756 caput

296 759 485 805 creditor,
516 759 581 806 qui
611 760 759 797 nullum
787 759 890 799 diem
919 761 1040 808 gratis
1070 762 1253 800 occidere
1274 761 1460 809 patititur:
1488 763 1552 801 hic

295 812 625 861 benignissimus,
651 814 722 862 qui
749 824 838 852 cum
856 819 895 853 te
911 815 1051 854 viderit
1070 820 1369 854 concursantem
1389 821 1428 855 et
1446 818 1550 856 solli-

295 867 414 907 citum
434 873 552 916 atque
572 869 752 914 anxium,
772 869 895 907 dicat.

244 950 258 965 2
589 924 713 963 Mitte
733 924 836 962 hanc
859 925 906 962 de
924 931 1079 972 pectore
1095 935 1243 963 curam,

295 977 434 1015 desine
459 977 527 1015 tibi
553 978 743 1016 molestus
766 979 927 1017 instare.
956 978 1087 1017 omnia
1105 983 1184 1017 ate
1202 978 1343 1019 habeo.
1371 980 1551 1018 iniuriam

288 1031 388 1069 vmihi
416 1032 534 1079 sacis,
565 1033 599 1070 si
625 1043 688 1070 me
716 1033 926 1081 quicquam
947 1033 1116 1080 amplius
1138 1033 1366 1072 desiderare
1384 1034 1549 1072 iudicas.

253 1086 525 1133 6.plenissime
556 1087 607 1124 ad
638 1097 702 1124 me
734 1088 912 1134 pervenit
945 1087 1095 1126 animus
1120 1093 1222 1126 tuus.
1263 1089 1382 1136 ,‚Sic‚
1416 1089 1549 1137 inquit,

294 1139 387 1177 mihi
404 1140 468 1186 [si]
490 1141 659 1178 rediisse
680 1141 914 1180 beneficium
934 1142 1105 1188 diceres,
1133 1143 1240 1180 illum
1262 1144 1424 1191 gratiam
1446 1149 1548 1181 retu-

296 1193 419 1232 lisse?
456 1194 610 1232 Eodem
637 1205 731 1242 ergo
762 1197 851 1234 loco
881 1202 960 1241 est,
995 1197 1063 1244 qui
1095 1197 1266 1236 reddidit
1300 1202 1338 1236 et
1372 1198 1436 1245 qui
1469 1208 1547 1235 non

293 1248 523 1286 reddidit?“
565 1248 710 1287 Contra
733 1260 837 1288 nunc
865 1250 961 1290 illud
991 1260 1114 1298 pone:
1144 1250 1178 1288 si
1197 1251 1339 1290 oblitus
1360 1257 1467 1290 esset
1484 1262 1548 1289 ac-

294 1303 397 1350 cepti
415 1302 616 1350 beneficii,
637 1304 672 1342 si
692 1314 765 1342 nec
780 1309 1011 1352 temptasset
1029 1305 1184 1353 quidem
1201 1311 1336 1352 gratus
1357 1316 1459 1351 esse,
1482 1316 1548 1344 ne—

292 1367 409 1404 gares
428 1357 537 1395 illum
554 1358 933 1405 gratiamretulisse.
970 1365 1009 1397 at
1035 1359 1098 1397 hic
1125 1369 1169 1397 se
1189 1359 1328 1398 diebus
1350 1361 1548 1399 noctibus-

294 1421 370 1459 que
391 1412 636 1450 ⁴lassavitet
672 1412 865 1451 omnibus,
889 1413 974 1451 aliis
1001 1413 1235 1452 renuntiavit
1256 1415 1424 1461 officiis,
1458 1414 1547 1453 huic

293 1466 359 1503 uni
380 1466 572 1504 inminens
594 1472 632 1505 et
651 1472 857 1514 operatus,
878 1478 927 1505 ne
949 1478 1026 1516 qua
1045 1478 1088 1506 se
1109 1469 1259 1516 fugeret
1279 1470 1458 1507 occasio:
1481 1479 1546 1508 eo-

293 1521 382 1557 dem
407 1531 504 1568 ergo
530 1522 620 1559 loco
645 1526 762 1560 erunt
786 1522 869 1569 ille,
899 1522 964 1569 qui
993 1533 1126 1560 curam
1149 1524 1382 1561 referendae
1401 1524 1548 1571 gratiae

291 1575 447 1622 abiecit,
466 1581 504 1614 et
528 1576 605 1622 hic,
621 1575 690 1623 qui
709 1587 921 1624 numquam
942 1576 989 1614 ab
1010 1578 1075 1615 illa
1092 1578 1284 1616 recessit?
1310 1578 1473 1626 Iniquus
1489 1589 1546 1625 es,

292 1628 324 1666 si
343 1638 427 1666 rem
446 1639 470 1666 a
488 1638 551 1667 me
570 1630 718 1677 exigis,
736 1641 828 1669 eum
848 1631 984 1669 videas
1003 1631 1174 1670 animum
1197 1643 1275 1671 non
1296 1633 1484 1670 defuisse.
1590 1638 1592 1643 ·

252 1685 269 1717 1
369 1683 455 1721 XV.
483 1684 548 1721 Ad
567 1694 757 1723 summam
776 1689 886 1734 puta,
918 1696 1005 1724 cum
1027 1691 1165 1734 captus
1186 1697 1319 1734 esseS,
1347 1697 1407 1724 me
1429 1697 1546 1734 pecu—

244 1763 247 1769 ,
290 1735 394 1775 niam
419 1742 634 1776 mutuatum
660 1739 779 1778 rebus
806 1740 903 1778 meis
925 1740 963 1778 in
984 1741 1230 1779 securitatem
1252 1741 1455 1780 creditoris
1477 1742 1544 1779 ob-

286 1791 432 1839 ‚positis
459 1793 670 1840 navigasse
701 1792 827 1831 hieme
847 1799 923 1832 tam
945 1805 1066 1833 saeva
1085 1805 1156 1843 per
1174 1796 1315 1834 infesta
1334 1795 1544 1834 latrociniis

290 1846 422 1892 litora,
453 1856 655 1884 emensum
685 1847 874 1896 quicquid
903 1849 1064 1897 periculi
1089 1850 1244 1887 adferre
1273 1855 1403 1897 potest
1430 1850 1544 1888 etiam

289 1905 474 1947 pacatum
498 1911 618 1939 mare.
662 1903 880 1950 peragratis
914 1904 1094 1942 omnibus
1128 1904 1422 1951 solitudinibus,
1455 1915 1542 1943 cum

291 1965 393 2002 quos
420 1965 536 1993 nemo
565 1966 643 1994 non
669 1957 842 2003 fugiebat
861 1967 934 2004 ego
956 1969 1204 2006 quaer-,erem
1233 1959 1389 1997 tandem
1415 1958 1465 1995 ad
1484 1959 1541 2006 pi

287 2015 394 2047 ratas
427 2010 600 2057 perveni.
645 2016 683 2048 et
709 2012 783 2048 iam
813 2016 850 2048 te
879 2013 978 2050 alius
1012 2014 1250 2051 redemerat·
1285 2013 1447 2059 negabis
1480 2023 1542 2050 me

282 2064 450 2110 ,gratiam
482 2065 692 2103 retulisse?
733 2065 898 2103 etiamne
931 2067 963 2104 si
991 2067 1030 2104 in
1055 2068 1125 2105 illa
1146 2066 1395 2114 navigatione
1422 2077 1540 2114 pecu·

288 2119 411 2165 niam,
435 2130 552 2166 quain
573 2119 691 2157 saluti
710 2124 800 2158 tuae
819 2125 1110 2167 contraxeram,
1125 2122 1341 2168 ,naufragus
1363 2121 1542 2169 perdidi?

287 2173 453 2210 etiamne
480 2173 515 2211 si
542 2174 580 2210 in
599 2175 885 2223 vinculaquae
906 2175 1109 2213 detrahere
1128 2175 1195 2213 tibi
1215 2176 1339 2221 volui,
1367 2176 1456 2223 ipse
1482 2176 1538 2213 in-

249 2225 390 2263 Qcidir
422 2227 588 2274 negabis
615 2238 677 2266 me
704 2229 886 2267 retulisse
905 2229 1098 2275 gratiam?
1136 2233 1188 2267 At
1206 2229 1401 2268 mehercle
1418 2230 1536 2268 Athe-

286 2279 445 2319 nienses
460 2282 715 2320 Harmodium
732 2288 770 2321 et
783 2283 1086 2329 Aristogitonem
1102 2284 1369 2331 tyrannicidas
1383 2290 1536 2330 vocant,

285 2339 323 2372 et
341 2335 469 2374 Mucio
497 2347 636 2374 manus
661 2337 697 2374 in
720 2337 850 2375 hostili
878 2348 945 2375 ara
963 2337 1096 2377 relicta
1115 2338 1237 2377 instar
1255 2338 1379 2378 occisi
1396 2338 1517 2378 Porse

1536 2460 1555 2473 s
