1592 2580
313 179 498 222 NATUR.
520 179 731 230 QUAEST.
760 180 856 220 LlB.
875 180 961 221 vll.
986 185 1116 222 5—8.
1271 178 1353 221 301

77 296 129 326 ex
154 282 300 333 nitido,
330 283 382 323 ne
409 294 462 324 ex
488 283 623 332 aliqua
650 294 776 323 causa
792 282 938 323 refluat
954 293 1096 322 rursus
1116 291 1164 322 ac
1181 280 1355 322 remitta-

75 348 157 390 tur,
187 341 331 380 deinde
357 340 498 380 iterum
524 340 706 389 proximo
735 340 801 378 die
827 349 875 378 ac
905 338 1167 388 sequentibus
1188 347 1356 378 consur-

76 407 171 447 gere
190 402 230 436 et
247 396 430 436 eumdem
451 397 582 435 locum
602 395 861 434 inflammare.
889 394 1076 434 videmus
1091 394 1196 433 enim
1211 399 1356 433 ventos

75 463 150 503 per
173 452 390 504 conplures
419 451 507 490 dies
535 452 588 490 ad
611 451 868 491 constitutum
886 450 1033 490 redire.
1075 450 1235 499 pluviae
1256 461 1357 500 quo-

77 519 155 558 que
182 513 221 547 et
247 507 324 547 alia
352 513 632 557 tempestatum
655 517 806 556 genera
832 507 884 546 ad
909 507 1202 556 praescriptum
1220 516 1355 545 rever-

74 567 249 604 tuntur.“
307 564 369 603 Ut
411 563 643 602 breviter
683 568 850 602 autem
889 563 1202 602 voluntatem
1244 562 1355 601 eius
1371 566 1395 601 3

74 619 367 670 exprimam,
411 619 581 658 eadem
622 618 740 658 fieri
773 617 976 658 ratione
1009 617 1101 658 hos
1131 622 1355 657 cometas

74 675 355 722 existimat,
385 686 482 724 qua
510 675 641 714 fiunt
667 675 812 724 ignes
835 674 1039 714 turbine
1060 674 1226 713 eiecti.
1269 673 1356 711 Hoc

72 742 195 770 unum
226 732 408 778 interest,
437 731 547 780 quod
574 731 627 769 illi
657 730 867 781 [turbines]
892 740 943 768 ex
963 729 1161 778 superiori
1183 735 1296 779 parte
1316 728 1356 768 in

9 783 11 786 ⁴
72 792 200 826 terras
221 787 507 837 deprimuntur,
531 786 571 825 hi
591 786 643 825 de
661 791 767 825 terra
785 787 825 825 in
845 785 1056 834 superiora
1078 785 1310 825 eluctantur.

154 843 240 882 VII.
270 843 537 882 Adversus
566 842 691 881 haec
720 844 875 881 multa
893 842 1145 881 dicuntur.
1183 840 1391 882 Primuml

73 899 108 938 si
134 904 279 938 ventus
308 899 348 937 in
377 908 502 937 causa
528 903 657 944 esset,
687 909 904 947 numquam
931 901 1108 936 cometes
1129 898 1216 936 sine
1235 901 1355 936 vento

73 954 304 1004 adpareret:
324 965 430 993 nunc
445 958 577 993 autem
587 957 627 992 et
636 954 884 1002 quietissimo
894 955 988 992 aere
999 953 1179 1002 adparet.
1210 951 1358 991 deinde

74 1010 108 1049 si
128 1015 249 1050 vento
270 1011 402 1057 fieret,
435 1021 525 1048 cum
546 1015 665 1049 vento
686 1010 866 1056 caderet,
896 1013 935 1048 et
955 1007 991 1048 si
1011 1014 1130 1048 vento
1150 1007 1356 1057 inciperet,

0 1102 4 1115 ,
73 1071 273 1105 cresceret
292 1070 413 1105 vento
434 1075 566 1115 eoque
587 1070 698 1105 esset
716 1065 930 1113 ardentior,
962 1075 1043 1114 quo
1063 1065 1129 1103 ille
1148 1063 1357 1103 incitatior.

71 1121 144 1161 His
162 1122 316 1161 accedit
335 1122 432 1160 illud
449 1131 631 1171 quoque,
653 1122 763 1170 quod
778 1126 921 1160 ventus
938 1121 1083 1160 multas
1100 1121 1204 1159 aeris
1221 1124 1356 1168 partes

0 1181 1 1194 ¹
72 1175 246 1226 inpellit,
277 1183 454 1216 cometes
481 1177 519 1216 in
549 1187 630 1216 uno
652 1178 744 1217 loco
767 1177 954 1226 adparet,
985 1181 1024 1216 et
1049 1182 1194 1216 ventus
1221 1176 1261 1213 in
1290 1186 1355 1214 su-

70 1231 190 1271 blime
210 1244 289 1272 non
311 1233 512 1282 pervenit,
539 1237 720 1272 cometae
739 1238 871 1272 autem
890 1232 1074 1271 visuntur
1092 1242 1218 1281 supra
1237 1241 1356 1280 quam

71 1288 130 1327 ire
164 1289 295 1327 ventis
328 1288 432 1327 licet.
479 1288 688 1328 Transit
723 1288 908 1327 deinde
942 1288 1000 1326 ad
1039 1287 1182 1334 illos,
1227 1298 1353 1335 quos
1369 1296 1391 1329 2

71 1344 141 1383 ait
174 1344 445 1383 certiorem
477 1344 670 1383 habere
705 1345 970 1383 stellarum
1001 1343 1247 1392 speciem,
1287 1342 1356 1391 qui

71 1404 112 1439 et
132 1400 355 1449 procedunt
373 1405 414 1438 et
427 1400 544 1448 signa
560 1404 825 1448 praetereunt.
854 1399 880 1436 h
892 1410 915 1437 o
927 1410 947 1438 s
976 1399 1046 1437 ait
1075 1409 1132 1436 ex
1163 1398 1237 1436 eis
1249 1397 1307 1436 de
1320 1409 1357 1436 m

73 1455 244 1495 causis
282 1454 405 1494 fieri
442 1455 630 1504 quibus
666 1455 808 1503 illos,
848 1465 952 1503 quos
977 1454 1075 1492 dixit
1102 1453 1355 1492 humiliores:

71 1510 149 1549 hoc
176 1515 327 1550 tantum
349 1510 563 1559 interesse,
592 1510 704 1559 quod
723 1515 916 1549 terrarum
937 1509 1213 1549 exhalationes
1234 1509 1358 1547 multa

73 1576 219 1609 secum,
237 1567 351 1605 arida
376 1567 552 1606 serentes
581 1565 792 1609 celsiorem
821 1570 955 1614 petant
980 1570 1132 1614 partem
1154 1569 1193 1603 et
1211 1566 1250 1603 in
1272 1565 1354 1603 edi-

70 1622 175 1660 tiora
193 1623 295 1661 coeli
316 1621 505 1671 aquilone
525 1623 735 1671 pellantur.
784 1621 826 1660 Si
841 1621 931 1660 illos
948 1621 1083 1669 aquilo
1101 1621 1355 1670 propelleret,
1370 1630 1393 1666 3

73 1677 124 1716 ad
151 1678 356 1716 meridiem
384 1687 546 1727 semper
575 1683 799 1726 agerentur,
827 1687 907 1726 quo
932 1681 1079 1716 ventus
1107 1675 1173 1715 hic
1200 1676 1354 1715 nititur:

73 1733 183 1782 atqui
210 1734 321 1772 varie
345 1738 607 1780 concurrunt,
641 1733 707 1772 alii
735 1734 774 1772 in
802 1738 952 1781 ortum,
992 1732 1058 1771 alii
1082 1732 1122 1771 in
1152 1742 1354 1779 occasum,

73 1799 213 1828 omnes
233 1790 272 1827 in
294 1789 464 1838 flexum,
496 1789 606 1838 quod
628 1789 700 1827 iter
718 1800 797 1828 non
821 1789 934 1827 daret
949 1793 1106 1827 ventus.
1150 1788 1304 1827 Deinde
1320 1788 1355 1826 si

73 1845 274 1894 aquilonis
302 1845 392 1883 illos
422 1845 580 1894 inpetus
610 1844 647 1882 in
677 1846 798 1883 altum
817 1845 987 1893 levaret,
1015 1843 1105 1883 aliis
1124 1843 1254 1883 ventis
1274 1854 1355 1882 non
1417 1886 1419 1891 ¹

73 1901 270 1940 orirentur
291 1905 490 1939 cometae=
521 1900 630 1949 atqui
650 1902 842 1940 oriuntur.

155 1956 260 1995 VIII.
298 1957 407 1995 Illam
435 1967 542 1995 nunc
563 1957 758 1995 rationem
779 1955 866 1995 eius
887 1959 1074 2004 (utraque
1094 1953 1199 1993 enim
1217 1954 1355 2001 utitur)
1371 1960 1390 1994 1

72 2012 313 2051 refellamus.
363 2011 559 2060 Quicquid
579 2011 729 2051 humidi
749 2012 929 2060 aridique
944 2016 1050 2050 terra
1068 2010 1236 2057 efflavit,
1263 2021 1353 2049 cum

73 2066 113 2106 in
132 2079 255 2107 unum
276 2066 375 2115 coit,
403 2068 494 2116 ipsa
513 2067 716 2107 discordia
737 2078 951 2116 corporum
968 2067 1148 2116 spiritum
1163 2071 1300 2106 versat
1315 2066 1354 2104 in

74 2122 283 2163 turbinem.
325 2128 421 2162 tunc
449 2123 515 2162 illa
532 2124 595 2162 vis
616 2124 721 2162 venti
741 2122 1019 2163 circumeuntis
1041 2123 1232 2172 quicquid
1251 2121 1354 2160 intra

76 2189 123 2217 se
149 2179 457 2228 conprehendit,
494 2190 617 2218 cursu
645 2179 828 2217 accendit
854 2184 893 2218 et
921 2179 1027 2218 levat
1058 2178 1097 2216 in
1127 2179 1270 2225 altum,
1305 2187 1354 2216 ac

75 2239 155 2273 tam
174 2235 242 2274 diu
259 2240 393 2274 manet
413 2235 605 2284 splendor
624 2233 727 2283 ignis
744 2234 940 2283 expressi,
962 2233 1152 2283 quamdiu
1168 2233 1354 2272 alimenta

78 2289 293 2330 sufficiunt.
325 2292 472 2341 quibus
496 2291 770 2329 desinentibus
791 2296 830 2329 et
848 2290 936 2340 ipse
957 2289 1138 2329 subsidit.
1184 2289 1257 2337 Qui
1277 2289 1352 2328 hoc
1368 2294 1390 2328 2

78 2345 182 2396 dicit,
202 2356 282 2386 non
295 2351 415 2396 notat,
435 2346 563 2397 quails
581 2347 630 2386 sit
646 2345 843 2386 turbinum
861 2356 1002 2386 cursus
1020 2350 1058 2385 et
1074 2346 1202 2394 qualis
1219 2355 1349 2385 come-
