1592 2580
334 158 517 197 NATUR.
539 156 752 206 QUAEST.
781 156 877 196 LlB.
898 157 965 195 lv.
985 161 1019 195 2.
1234 155 1317 198 247

36 270 135 298 nora
154 263 265 298 sunt:
298 259 447 308 quippe
466 259 600 297 vernis
627 257 874 307 temporibus
894 257 1042 296 imbres
1063 257 1194 296 nivem
1214 257 1315 298 dilu-

38 321 127 363 unt,
162 315 351 363 reliquias
380 314 466 352 eius
500 314 650 362 primus
679 315 788 353 calor
815 313 1014 352 dissolvit.
1056 323 1131 352 nec
1150 313 1371 360 Rhenus20

38 381 112 410 nec
131 370 352 409 Rhodanus
381 380 455 408 nec
480 370 581 408 Ister
605 374 700 417 [nec
724 371 794 418 qui
817 371 890 408 alii
905 369 1086 416 hiberno]
1109 369 1317 410 subiacent
1359 408 1369 417 ,

35 427 162 473 coeto,
188 431 342 464 aestate
367 426 627 474 proveniunt:
656 430 696 464 et
722 425 797 463 illis
825 424 862 463 in
885 424 1238 473 septemtrionibus
1259 426 1315 464 al-

38 481 214 522 tissimae
233 482 375 530 iugiter
396 485 489 520 sunt
507 482 634 520 nives.
662 480 805 519 Phasis
826 491 990 529 quoque
1003 492 1080 529 per
1098 481 1200 520 idem
1219 486 1315 520 tem-

37 548 112 587 pus
137 542 177 575 et
197 537 475 586 Borysthenes
503 541 750 583 crescerent,
773 538 810 575 si
827 535 940 574 nives
962 541 1133 584 possent
1151 535 1317 576 flumina

36 598 176 632 contra
185 598 376 632 aestatem
387 603 531 641 magna
547 592 784 642 producere.
799 591 1009 630 Praeterea
1026 591 1059 631 si
1079 592 1178 631 haec
1191 602 1316 631 causa
1325 605 1368 639 21

37 649 246 688 adtolleret
263 649 411 695 Nilum,
432 653 586 688 aestate
606 649 732 698 prima
752 647 1008 696 plenissimus
1031 647 1185 687 flueret.
1221 652 1316 688 tunc

38 705 142 743 enim
162 705 359 743 maximae
378 709 418 743 et
436 705 612 753 integrae
631 703 763 742 adhue
783 703 898 743 nives
920 713 971 741 ex
997 703 1317 752 mollissimoque

38 760 151 799 tabes
180 765 260 799 est:
303 760 414 799 Nilus
443 766 575 799 autem
605 770 678 808 per
704 769 865 798 menses
894 765 1064 807 quatuor
1092 760 1254 809 liquitur
1277 764 1317 799 et

40 815 94 854 illi
115 816 294 864 aequalis
315 817 500 855 accessio
521 820 595 855 est.

121 870 165 910 Si
184 871 333 910 Thaleti
363 872 516 919 credis,
542 869 692 910 etesiae
720 869 982 910 descendenti
1008 870 1095 909 Nilo
1125 870 1369 917 resistunt22

39 931 79 965 et
105 937 250 966 cursus
280 927 366 965 eius
397 931 487 965 acto
517 931 655 966 contra
683 926 786 965 ostia
811 926 909 964 mari
937 926 1154 966 sustinent:
1182 927 1236 966 ita
1254 937 1314 965 re-

40 982 276 1022 verberatus
302 983 340 1020 in
364 992 410 1020 se
429 982 597 1021 recurrit
618 992 693 1020 nec
713 981 876 1028 crescit,
907 982 981 1020 sed
1009 982 1119 1021 exitu
1138 981 1315 1030 prohibi-

41 1043 103 1077 tus
122 1038 274 1077 resistit
288 1041 326 1076 et
347 1048 599 1087 quacumque
622 1048 717 1076 mox
738 1038 881 1086 potuit,
900 1037 1165 1077 inconcessus
1186 1048 1314 1076 erum-

40 1093 109 1143 pit.
150 1093 424 1144 Euthymenes
443 1093 708 1132 Massiliensis
731 1093 999 1132 testimonium
1023 1093 1135 1132 dicit:
1171 1093 1315 1141 „Navi-

39 1147 152 1198 gavi,
180 1148 328 1198 inquit,
359 1150 603 1188 Atlanticum
629 1159 755 1196 mare,
783 1149 893 1187 unde
918 1149 1030 1188 Nilus
1054 1148 1158 1195 fluit,
1189 1149 1316 1187 maior

41 1204 234 1254 quamdiu
268 1205 418 1243 etesiae
453 1210 609 1253 tempus
645 1204 874 1244 observant.
918 1209 1014 1243 tunc
1042 1204 1146 1243 enim
1177 1204 1316 1243 eicitur

39 1270 149 1298 mare
168 1259 407 1299 instantibus
428 1260 570 1299 ventis.
599 1271 689 1299 cum
709 1260 952 1308 resederint,
976 1266 1014 1299 et
1034 1261 1200 1309 pelagus
1221 1271 1315 1299 con-

41 1315 214 1365 quiescit
238 1315 448 1364 minorque
479 1315 741 1355 descendenti
768 1315 862 1354 inde
887 1315 950 1354 vis
969 1315 1056 1354 Nilo
1086 1320 1159 1354 est.
1205 1316 1314 1354 Cete-

39 1381 127 1410 rum
159 1370 288 1410 dulcis
323 1371 423 1409 mari
456 1382 582 1420 sapor
615 1375 678 1410 est
698 1375 738 1410 et
758 1371 908 1409 similes
929 1370 1108 1410 Niloticis
1133 1371 1316 1410 beluae.“

41 1426 172 1474 Quare
191 1436 310 1474 ergo,
338 1426 374 1465 si
393 1426 522 1479 Nilum
540 1427 690 1466 etesiae
710 1431 951 1475 provocant,
982 1432 1021 1465 et
1038 1432 1130 1465 ante
1149 1426 1240 1465 illos
1262 1426 1371 1466 in-23

43 1482 140 1530 cipit
158 1481 446 1521 incrementum
465 1481 552 1520 eius
572 1486 612 1520 et
631 1486 725 1531 post
743 1492 815 1520 eos
835 1482 978 1520 durat?
1003 1481 1217 1520 Praeterea
1235 1493 1315 1520 non

42 1537 87 1576 fit
105 1536 249 1583 maior,
270 1547 351 1586 quo
368 1537 423 1575 illi
445 1536 595 1576 flavere
612 1537 909 1585 vehementius,
939 1547 1014 1583 nee
1032 1538 1240 1576 remittitur
1259 1538 1317 1576 in-

44 1592 285 1642 citaturque,
310 1597 429 1641 prout
441 1592 520 1631 illis
535 1592 694 1641 inpetus
716 1592 809 1640 suit,
832 1592 942 1641 quod
958 1593 1089 1641 fieret,
1111 1594 1143 1631 si
1161 1592 1318 1632 illorum

42 1647 194 1687 viribus
225 1652 438 1687 cresceret.
487 1647 607 1696 Quid,
643 1649 752 1697 quod
780 1647 930 1688 etesiae
958 1649 1049 1687 litus
1072 1649 1318 1699 Aegyptium

7 1717 11 1720 ·
42 1703 257 1742 verberant
285 1708 326 1742 et
356 1709 496 1743 contra
529 1704 620 1742 illos
647 1704 758 1743 Nilus
793 1704 1020 1752 descendit,
1053 1704 1147 1742 inde
1179 1709 1318 1744 ventu·

41 1769 112 1798 rus
132 1758 242 1798 unde
270 1759 342 1805 illi,
373 1759 408 1798 si
435 1760 548 1808 origo
575 1759 626 1798 ab
645 1759 722 1798 illis
744 1764 881 1798 esset?
919 1759 1129 1799 Praeterea
1148 1770 1200 1798 ex
1220 1760 1318 1798 mari

42 1825 170 1864 purus
196 1818 236 1853 et
262 1814 472 1853 caeruleus
499 1814 701 1863 efflueret,
728 1826 809 1853 non
837 1820 880 1854 ut
905 1825 1010 1853 nunc
1039 1815 1219 1854 turbidus
1250 1825 1317 1854 ve·

42 1870 157 1909 niret.
213 1870 353 1918 Adde,
383 1871 494 1920 quod
521 1870 787 1909 testimonium
815 1871 901 1909 eius
930 1871 1087 1909 testium
1114 1871 1230 1909 turha
1253 1875 1374 1910 (ιο-24

42 1925 231 1974 arguitur.
270 1931 363 1964 tunc
394 1931 479 1965 erat
505 1925 714 1965 mendacio
742 1927 878 1972 locus,
906 1937 995 1964 cum
1021 1927 1156 1975 ignota
1182 1931 1321 1966 essent

37 1986 231 2028 externa,
254 1984 316 2029 [se]
338 1981 486 2020 libebat
504 1981 580 2020 illis
602 1981 759 2021 rabulas
779 1982 963 2021 miscere:
993 1992 1098 2020 nunc
1118 1992 1215 2021 vero
1238 1987 1320 2022 tota

44 2037 172 2076 exteri
191 2037 313 2076 maris
335 2048 407 2076 ora
425 2042 691 2076 mercatorum
711 2037 882 2077 navibus
902 2037 1125 2086 stringitur,
1149 2049 1319 2087 quorum

47 2102 163 2132 nemo
194 2097 328 2132 narrat
353 2093 372 2117 *
399 2104 504 2132 nunc
529 2095 750 2132 caeruleum
777 2093 904 2132 Nilum
931 2098 999 2148 aut
1025 2103 1134 2131 mare
1160 2094 1318 2143 saporis

39 2147 271 2196 ·alterius,*
294 2149 404 2198 quod
426 2153 464 2187 et
484 2153 623 2187 natura
646 2149 755 2187 credi
774 2153 900 2194 vetat,
932 2144 1024 2198 quia
1044 2149 1317 2189 dulcissimum

47 2203 238 2252 quodque
257 2209 296 2243 et
303 2205 562 2261 ‚levissimum
583 2204 645 2242 sol
665 2204 792 2243 trahit.
819 2203 1028 2243 Praeterea
1048 2215 1170 2254 quare
1189 2205 1371 2247 hieme25

48 2268 128 2296 non
157 2248 326 2299 crescit?
367 2265 406 2299 et
438 2267 529 2299 tunc
557 2264 690 2308 potest
715 2260 845 2299 ventis
875 2260 1063 2299 concitari
1091 2272 1218 2309 mare,
1238 2261 1317 2300 nti-

51 2314 210 2362 quando
236 2315 396 2364 quidem
425 2316 663 2355 maioribus.
699 2326 791 2354 nam
819 2315 967 2354 etesiae
986 2316 1192 2366 temperati
1211 2320 1315 2357 sunt.
