1592 2580
274 172 284 177 ’
336 175 400 217 ΒΕ
430 175 710 216 BENEFICIIS
738 176 835 215 LIB.
850 176 918 215 IV.
949 179 1076 216 1—4.
1291 173 1344 214 61

64 282 126 320 sit.
172 279 268 318 Nam
297 278 332 318 si
357 278 579 327 recipiendi
608 289 683 327 spe
709 278 992 326 tribueremus,
1026 277 1345 327 locupletissimo

64 336 228 385 cuique,
259 345 339 374 non
362 334 598 383 dignissimo
616 335 820 373 daremus;
849 344 954 373 nunc
968 344 1066 373 vero
1083 334 1194 373 diviti
1210 334 1345 383 inpor—

62 397 157 431 tuno
179 387 398 441 pa‘uperem
419 391 707 439 praeferamus.
725 393 815 429 'non
832 396 894 429 est
907 389 1150 428 beneficium
1169 389 1279 439 quod
1293 390 1345 428 ad

63 450 260 487 fortunam
280 450 448 496 spectat.
495 446 727 493 Praeterea,
749 446 783 485 si
799 451 842 485 ut
856 446 1148 495 prodessemus
1165 447 1254 485 sola
1269 456 1346 485 nos
1362 452 1385 485 2

62 504 246 543 invitaret
272 502 442 550 utilitas,
472 501 633 542 minime
663 501 860 540 beneficia
881 502 1122 541 distribuere
1142 502 1347 549 deberent,

63 559 130 609 qui
165 559 348 598 facillime
382 563 571 607 possent,
609 558 833 607 locupletes
866 562 906 597 et
940 561 1127 607 potentes
1162 563 1201 597 et
1227 569 1347 607 reges

62 615 192 654 aliena
226 625 304 664 ope
337 626 418 653 non
452 614 691 662 indigentes.
754 613 802 652 di
841 623 965 654 vero
1009 618 1083 652 tot
1120 624 1347 662 munera,

64 681 169 720 quae
205 671 316 710 sine
352 670 741 709 intermissione
782 669 966 709 diebus
1009 679 1065 708 ac
1105 669 1348 709 noctibus

63 727 298 774 fundunt,
337 737 418 765 non
447 727 600 765 darent.
644 726 684 764 in
714 726 847 765 omnia
874 725 976 764 enim
1006 724 1084 764 illis
1111 731 1254 765 natura
1275 737 1350 764 sua

63 783 212 822 sufficit
239 783 466 831 plenosque
494 787 532 821 et
557 787 664 821 tutos
694 786 732 820 et
752 781 1003 820 inviolabiles
1024 786 1223 830 praestat:
1252 782 1350 820 nulli

63 848 160 887 ergo
189 837 431 877 beneficium
458 838 628 886 dabunt,
658 838 693 877 si
721 848 802 876 una
830 837 952 876 dandi
983 848 1108 876 causa
1136 842 1198 877 est
1226 848 1272 877 se
1291 838 1350 876 in-

65 894 167 933 tueri
197 905 245 933 ac
273 905 390 933 suum
421 894 687 932 commodum.
735 893 846 932 Istud
873 904 955 932 non
982 893 1244 941 beneficium,
1277 893 1389 935 sed3

64 952 181 989 fenus
202 955 283 998 est,
316 949 627 998 circumspicere
650 961 731 989 non
751 950 819 988 ubi
840 949 989 998 optime
1009 960 1159 998 ponas,
1190 950 1262 989 sed
1283 949 1352 988 ubi

66 1006 428 1055 quaestuosissime
447 1005 621 1055 habeas,
644 1006 752 1044 unde
768 1006 954 1044 facillime
970 1007 1101 1044 tollas.
1133 1006 1245 1055 quod
1261 1016 1352 1044 cum

64 1064 184 1111 longe
204 1074 227 1101 a
247 1063 309 1101 dis
328 1066 522 1101 remotum
543 1062 611 1109 sit,
644 1061 824 1110 sequitur
844 1061 899 1100 uti
923 1060 1110 1100 liberales
1130 1062 1229 1101 sint:
1259 1072 1352 1100 nam

65 1119 100 1157 si
127 1129 209 1157 una
234 1117 421 1157 beneficii
447 1118 567 1156 dandi
593 1127 717 1156 causa
744 1117 795 1156 sit
815 1117 946 1155 dantis
965 1117 1112 1156 utilitas
1134 1118 1262 1164 (nulla
1281 1129 1351 1156 au·

64 1181 144 1214 tem
171 1185 220 1212 ex
241 1173 358 1212 nobis
378 1173 526 1212 utilitas
548 1173 624 1213 deo
646 1173 850 1222 speranda
870 1175 968 1222 est),
998 1173 1108 1212 nulla
1128 1175 1206 1213 deo
1228 1174 1351 1212 dandi

66 1229 251 1270 beneficii
272 1240 396 1268 causa
415 1234 490 1268 est.

145 1286 213 1324 IV.
252 1285 345 1324 Scio
377 1286 474 1334 quid
501 1285 579 1324 hoc
608 1286 697 1325 loco
725 1285 1042 1334 respondeatur:
1081 1286 1245 1335 „itaque
1268 1296 1350 1325 non
1369 1292 1386 1325 1

65 1343 134 1381 dat
151 1342 252 1381 deus
274 1341 489 1389 beneficia,
511 1341 586 1380 sed
601 1352 768 1380 securus
785 1346 824 1380 et
839 1341 1060 1390 neglegens
1077 1342 1215 1389 nostri,
1236 1352 1350 1381 aver-

67 1410 137 1438 sus
161 1409 184 1436 a
204 1398 352 1438 mundo
373 1398 481 1436 aliud
502 1397 582 1446 agit
601 1402 686 1444 aut,
717 1408 822 1446 quae
841 1397 1017 1436 maxima
1035 1397 1212 1446 Epicuro
1230 1398 1351 1436 felici-

64 1460 127 1493 tas
146 1454 324 1501 videtur,
354 1454 451 1492 nihil
470 1454 552 1501 agit
570 1464 645 1492 nec
665 1454 792 1502 magis
814 1454 924 1492 illum
939 1453 1138 1497 beneficia
1155 1464 1274 1502 quam
1292 1453 1350 1492 in-

66 1509 192 1549 iuriae
219 1512 425 1558 tangunt.“
469 1509 557 1547 Hoc
585 1510 653 1558 qui
683 1509 778 1548 dicit
805 1520 886 1548 non
918 1510 1083 1548 exaudit
1105 1510 1353 1558 precantium
1369 1516 1391 1549 2

66 1575 192 1604 voces
213 1570 252 1604 et
269 1566 448 1614 undique
469 1565 636 1605 sublatis
659 1565 699 1604 in
720 1566 876 1604 coelum
892 1565 1077 1605 manibus
1095 1571 1190 1604 vota
1204 1565 1352 1604 facien—

68 1621 164 1661 tium
184 1621 341 1670 privata
361 1631 408 1659 ac
430 1621 604 1669 publica.
644 1621 754 1670 quod
774 1622 958 1671 profecto
981 1631 1062 1660 non
1081 1621 1196 1661 fieret
1215 1632 1291 1660 nec
1311 1622 1351 1661 in

67 1677 175 1716 hunc
201 1678 376 1716 furorem
407 1687 547 1715 omnes
566 1677 755 1716 mortales
778 1678 1085 1717 consensissent
1105 1678 1353 1725 adloquendi

69 1733 194 1773 surda
210 1733 374 1772 numina
393 1737 432 1771 et
454 1731 687 1772 inefficaces
708 1733 829 1782 deos,
858 1733 935 1772 nisi
954 1744 1172 1773 nossemus
1194 1734 1352 1772 illorum

67 1789 266 1828 beneficia
283 1799 390 1828 nunc
412 1787 545 1828 oblata
563 1789 687 1836 ultro,
711 1799 818 1828 nunc
837 1789 1045 1829 orantibus
1063 1790 1175 1837 data,
1194 1800 1352 1838 magna,

67 1845 317 1894 tempestiva,
339 1845 521 1893 ingentes
538 1845 666 1883 minas
683 1845 905 1884 interventu
922 1856 996 1885 suo
1013 1846 1222 1885 solventia.
1255 1845 1352 1894 Quis
1368 1850 1390 1884 3

69 1905 132 1942 est.
151 1906 282 1940 autern
302 1906 381 1940 tam
401 1899 542 1948 miser,
571 1904 650 1939 tam
673 1901 899 1949 neglectus,
933 1901 1022 1951 quis
1043 1906 1122 1940 tam
1143 1902 1246 1940 duro
1270 1902 1352 1940 fato

69 1962 110 1996 et
134 1957 175 1996 in
199 1968 372 2006 poenam
391 1957 570 2006 genitus,
598 1961 643 1995 ut
662 1968 742 1996 non
761 1962 910 1996 tantam
932 1958 1098 1996 deorum
1121 1957 1353 1996 munificen-

69 2013 163 2052 tiam
190 2013 391 2053 senserit?
440 2013 560 2061 Ipsos
588 2011 680 2052 illos
701 2014 984 2062 conplorantes
1008 2019 1157 2053 sortem
1179 2024 1295 2052 suam
1315 2017 1354 2052 et

25 2070 38 2078 ”
71 2070 259 2118 querulos
280 2069 563 2117 circumspice:
592 2067 772 2107 invenies
793 2079 875 2107 non
895 2079 947 2107 ex
965 2074 1047 2108 toto
1063 2069 1353 2109 beneficiorum

73 2124 304 2164 coelestium
321 2132 509 2174 expertes
520 2154 530 2172 ,
552 2124 750 2163 neminem
766 2134 879 2173 esse,
900 2125 953 2163 ad
969 2135 1089 2173 quern
1105 2135 1185 2164 non
1202 2124 1353 2174 aliquid

73 2190 124 2219 ex
150 2180 217 2219 illo
247 2181 535 2229 benignissimo
564 2180 675 2219 fonte
697 2181 928 2219 manaverit.
974 2180 1118 2219 Parum
1140 2185 1202 2220 est
1221 2187 1353 2221 autem

74 2235 134 2281 id,
163 2237 272 2285 quod
294 2236 550 2276 nascentibus
572 2247 624 2274 ex
643 2246 777 2285 aequo
798 2235 1075 2276 distribuitur?
1101 2242 1144 2276 ut
1164 2247 1268 2286 quae
1288 2247 1352 2276 se-

76 2297 249 2338 quuntur
263 2292 463 2342 inaequali
479 2293 714 2342 dispensata
728 2303 918 2332 mensura
932 2297 1195 2342 transeamus,
1210 2303 1354 2344 parurn

76 2346 186 2387 dedit
203 2353 363 2399 natura,
392 2359 482 2390 cum
503 2359 548 2389 se
567 2347 706 2388 dedit?
