1624 2626
39 133 56 140 ·
325 123 458 162 DlAL.
488 122 554 161 III.
591 121 657 161 DE
678 121 769 161 IRA
788 121 882 160 LIB.
913 121 940 160 Ι.
970 126 1096 161 1—3.
1298 121 1352 163 37

121 274 126 277 ¹
178 224 294 272 {Ira
340 228 414 270 est
451 224 712 274 cupiditas
749 225 1078 264 ulciscendae
1118 227 1390 266 iniuriae.4

63 285 148 327 aut,
176 285 218 319 ut
243 282 301 319 ait
325 281 573 326 Posidonius,
606 281 862 330 cupiditas
883 282 1141 330 puniendi
1178 284 1303 330 eius,
1327 294 1354 323 a

62 348 153 386 quo
180 342 224 375 te
250 338 418 385 inique
440 336 586 386 putes
602 338 806 376 laesum.
835 336 1004 382 Quidam
1023 339 1077 376 ita
1096 337 1354 386 definierunt.-

62 395 143 431 ira
169 398 241 431 est
266 394 498 432 incitatio
517 394 675 432 animi
700 393 766 431 ad
779 394 1048 432 nocendum
1066 394 1130 441 ei,
1146 396 1243 449 *qui
1263 400 1355 433 aut

62 450 237 488 nocuit
268 452 356 487 aut
380 460 563 488 nocere
593 450 781 495 voluit]

172 505 256 530 ***
291 509 494 553 tamquam
527 509 595 543 aut
621 515 757 543 curam
785 509 962 544 nostram
985 504 1264 544 deserentibus
1285 512 1388 546 aut5

62 561 338 600 auctoritatem
358 560 718 599 contemnentibus.
765 560 894 609 Quid?
920 560 1208 609 gladiatoribus
1227 573 1353 611 quare

62 618 239 665 populus
267 616 452 655 irascitur
478 621 518 655 et
535 622 615 655 tam
635 617 791 665 inique,
820 622 863 656 ut
889 617 1073 656 iniuriam
1092 622 1220 666 putet,
1243 620 1354 668 quod

61 683 142 711 non
162 672 330 712 libenter
352 677 546 721 pereunt?
593 672 793 712 contemni
823 683 869 712 se
895 672 1044 712 iudicat
1070 678 1110 712 et
1126 675 1258 721 voltu,
1279 685 1355 723 ge-

62 734 139 776 stu,
168 728 315 767 ardore
335 739 359 766 a
378 733 607 777 spectatore
634 727 674 766 in
696 729 973 768 adversarium
1000 729 1178 768 vertitur.
1237 730 1351 778 Quic-
1368 736 1390 771 6

62 785 161 833 quid
189 789 252 824 est
276 784 376 831 tale,
406 795 486 823 non
513 788 576 823 est
603 784 682 830 ira,
712 784 786 823 sed
814 784 932 834 quasi
960 785 1037 832 ira,
1069 785 1172 825 sicut
1200 796 1356 835 puero·—

0 840 1 843 ’
59 851 168 888 rum,
199 839 266 889 qui
286 840 321 879 si
342 840 592 886 ceciderunt,
622 845 767 880 terram
789 841 990 880 verberari
1010 842 1150 880 volunt
1172 846 1210 881 et
1230 853 1355 891 saepe

0 914 2 934 2
61 907 114 935 ne
134 894 267 936 sciunt
286 896 467 944 quidem,
496 897 560 935 cui
580 896 820 944 irascantur,
852 897 926 935 sed
945 901 1096 936 tantum
1117 897 1356 944 irascuntur,

0 973 1 978 =
61 952 151 991 sine
170 962 295 990 causa
313 956 352 990 et
373 952 460 991 sine
481 952 643 999 iniuria,
672 963 753 991 non
772 956 905 990 tamen
927 951 1015 991 sine
1034 953 1168 1002 aliqua
1187 953 1356 993 iniuriae

0 1018 2 1022 ’
63 1007 202 1056 specie
221 1017 297 1046 nec
317 1007 404 1046 sine
425 1007 560 1056 aliqua
581 1018 736 1056 poenae
757 1007 988 1056 cupiditate.
1027 1009 1270 1048 deluduntur
1283 1010 1355 1048 ita-

62 1073 142 1113 que
168 1063 385 1102 imitatione
416 1064 619 1112 plagarum
643 1068 682 1102 et
701 1064 896 1102 simulatis
918 1064 1221 1113 deprecantium
1241 1066 1356 1104 lacri-

0 1139 1 1142 ¹
60 1119 137 1158 mis
159 1120 366 1168 placantur
387 1125 426 1158 et
446 1119 550 1159 falsa
569 1120 721 1158 ultione
742 1121 869 1159 falsus
891 1120 1008 1159 dolor
1028 1120 1190 1159 tollitur.

144 1175 211 1213 III.
254 1175 514 1224 „Irascimur‚
536 1176 684 1224 inquit,
706 1186 830 1225 saepe
851 1186 932 1215 non
953 1176 1029 1215 illis
1053 1176 1120 1226 qui
1141 1178 1356 1225 laeserunt,
1375 1180 1393 1212 l

61 1231 136 1270 sed
163 1230 213 1270 iis
245 1231 313 1280 qui
345 1233 494 1270 laesuri
524 1237 636 1271 sunt:
666 1236 709 1270 ut
739 1232 845 1271 scias
874 1233 973 1270 iram
995 1244 1076 1272 non
1099 1237 1281 1281 [tantum]
1306 1244 1358 1272 ex

59 1286 203 1326 iniuria
223 1287 376 1327 nasci.“
430 1289 582 1327 Verum
610 1292 673 1326 est
699 1287 820 1326 irasci
849 1299 924 1327 nos
945 1288 1137 1336 laesuris,
1173 1290 1247 1328 sed
1267 1290 1358 1338 ipsa

63 1343 304 1391 cogitatione
326 1354 400 1382 nos
423 1344 588 1382 laedunt
610 1348 650 1382 et
669 1343 851 1382 iniuriam
874 1345 941 1393 qui
969 1345 1146 1383 facturus
1169 1351 1247 1391 est,
1278 1346 1357 1383 iam

62 1398 170 1437 facit.
212 1399 290 1446 „Ut
311 1398 440 1445 scias,
465 1400 612 1448 inquit,
642 1410 722 1439 non
744 1410 837 1439 esse
857 1400 954 1438 iram
980 1411 1139 1449 poenae
1162 1402 1357 1450 cupidita·
1373 1403 1394 1436 2

62 1459 155 1506 tem,
176 1454 433 1494 infirmissimi
451 1466 575 1504 saepe
589 1454 881 1504 potentissimis
897 1456 1138 1496 irascuntur.
1167 1467 1243 1495 nec
1259 1467 1357 1506 poe-

63 1520 156 1548 nam
178 1511 471 1558 concupiscunt
492 1522 610 1560 quam
630 1522 710 1550 non
732 1515 935 1560 sperant.“
985 1512 1159 1552 Primum
1181 1513 1356 1551 diximus

64 1565 322 1614 cupiditatem
342 1576 436 1604 esse
459 1577 615 1615 poenae
635 1567 870 1617 exigendae,
888 1579 968 1607 non
990 1569 1230 1608 facultatem.
1261 1580 1356 1607 con-

64 1621 280 1670 cupiscunt
300 1627 431 1660 autern
451 1621 632 1661 homines
662 1629 700 1662 et
720 1634 825 1673 quae
854 1634 934 1662 non
967 1630 1151 1673 possunt.
1202 1625 1357 1663 Deinde

62 1687 182 1716 nemo
217 1683 293 1716 tam
323 1677 485 1716 humilis
514 1683 596 1726 est,
631 1679 699 1727 qui
728 1690 900 1728 poenam
928 1682 995 1719 vel
1020 1681 1163 1719 summi
1182 1681 1356 1719 hominis

65 1743 232 1782 sperare
252 1744 332 1772 non
354 1731 503 1781 possit:
534 1734 586 1772 ad
606 1735 834 1775 nocendum
856 1741 1041 1785 potentes
1067 1748 1219 1776 sumus.
1267 1736 1355 1774 Ari·
1374 1742 1396 1777 3

65 1789 222 1827 stotelis
242 1789 366 1828 finitio
388 1799 469 1827 non
489 1789 652 1829 multum
672 1801 695 1828 a
714 1796 852 1830 nostra
872 1792 998 1831 abest.
1050 1793 1103 1832 ait
1128 1794 1232 1831 enIm
1260 1792 1359 1829 iram

66 1854 160 1883 csse
190 1844 525 1894 cupiditatem
556 1845 754 1885 doloris
782 1849 1080 1896 reponendi.
1135 1849 1237 1896 Quid
1257 1847 1359 1886 inter

20 1943 23 1947 ⁴
66 1904 244 1940 nostram
265 1905 305 1940 et
322 1900 427 1939 hanc
448 1901 667 1940 finitionem
695 1898 867 1950 intersit,
900 1904 1071 1952 exsequi
1099 1906 1263 1952 longum
1285 1908 1358 1942 est.

31 1958 36 1963 '
67 1960 207 1996 contra
226 1961 438 2005 utramque
460 1956 604 1995 dicitur
629 1957 734 1996 feras
762 1958 884 1998 irasci
910 1969 987 1997 nec
1014 1959 1158 1998 iniuria
1177 1960 1356 1998 inritatas

66 2022 143 2051 nec
178 2022 332 2060 poenae
362 2012 567 2052 dolorisve
594 2012 711 2051 alieni
744 2024 880 2054 causa.
947 2026 1037 2053 nam
1067 2015 1222 2054 etiamsi
1257 2014 1357 2053 haec

67 2067 259 2114 efficiunt,
292 2078 372 2107 non
393 2068 494 2107 haec
515 2073 667 2117 petunt.
720 2068 801 2108 Sed
830 2070 1043 2109 dicendum
1075 2076 1137 2110 est
1164 2071 1271 2110 feras
1301 2070 1358 2109 ira
1375 2080 1396 2114 4

67 2133 206 2162 carere
225 2128 264 2162 et
291 2124 424 2163 omnia
445 2128 602 2173 praeter
623 2124 841 2163 hominem.
886 2137 978 2164 nam
1006 2136 1093 2165 cum
1123 2126 1174 2166 sit
1199 2127 1358 2165 inimica

66 2179 230 2227 rationi,
266 2190 466 2229 nusquam
495 2185 626 2218 tamen
657 2180 853 2228 nascitur,
888 2181 965 2219 nisi
993 2182 1062 2221 ubi
1079 2182 1222 2229 rationi
1242 2185 1356 2221 locus

67 2239 144 2273 est.
182 2235 345 2284 Inpetus
368 2235 516 2274 habent
538 2237 666 2283 ferae,
693 2236 865 2284 rabiem,
894 2237 1105 2285 feritatem,
1127 2239 1354 2278 incursum:

54 2289 168 2329 ‘iram
188 2290 348 2340 quidem
373 2301 454 2346 non
477 2292 605 2340 magis
630 2303 747 2341 quam
770 2292 979 2332 luxuriam.
1029 2299 1068 2333 et
1089 2295 1129 2333 in
1159 2296 1356 2344 quasdam
