1624 2626
280 178 361 219 218
506 181 550 221 L.
580 181 770 221 ANNAEI
799 183 1023 225 SENECAE
1050 185 1182 225 DIAL.
1211 186 1277 225 XI.

279 289 375 317 vero
395 278 614 329 disponunt
626 282 741 320 etiam
757 282 842 330 illa,
868 294 971 331 quae
984 285 1083 323 ultra
1102 283 1223 324 vitam
1239 289 1347 330 sunt,
1364 294 1528 331 magnas

281 334 406 372 moles
433 335 707 383 sepulcrorum
731 342 770 375 et
800 348 964 385 operum
986 338 1234 388 publicorum
1256 338 1528 378 dedicationes

280 392 318 425 et
340 388 391 426 ad
413 400 554 437 rogum
569 401 734 429 munera
757 397 796 430 et
810 391 1039 432 ambitiosas
1063 393 1290 441 exsequias.
1321 398 1360 431 at
1374 393 1527 431 meher-

280 443 389 481 cules
419 443 587 483 istorum
615 445 773 492 funera,
802 451 1002 495 tamquam
1028 448 1230 487 minimum
1259 447 1446 495 vixerint,
1476 447 1528 485 acl

279 495 388 536 faces
406 503 447 537 et
460 508 600 538 cereos
616 499 798 539 ducenda
814 506 916 540 sunt.

654 764 697 817 11·
729 763 908 818 ΔΝΝᾹΕΙ
934 764 1154 819 SENECAE

465 851 955 916 D1ALOGORUM
993 853 1219 916 LtBER
1256 853 1342 914 ΧΙ.

770 960 826 992 ΑΙ)
850 961 1059 994 POLYssmM

693 1038 748 1080 BE
773 1039 1116 1121 CONSOLA'l'IONE.

233 1223 253 1256 l
350 1211 380 1249 L
412 1214 498 1259 [2o.]
527 1209 595 1236 ***
614 1216 774 1251 nostrae
798 1223 1014 1261 conpares,
1036 1214 1148 1251 firma
1167 1217 1278 1252 sunt:
1315 1213 1349 1252 si
1368 1213 1530 1261 redigas

271 1267 323 1304 ad
352 1266 626 1305 condicionem
655 1271 819 1306 naturae
846 1267 976 1305 omnia
1003 1267 1241 1306 destruentis
1262 1272 1299 1306 et
1319 1269 1426 1306 unde
1449 1269 1531 1306 edi-

271 1322 339 1369 dit,
360 1322 501 1359 eodem
520 1321 759 1369 revocantis,
780 1322 931 1360 caduca
954 1327 1056 1361 sunt.
1089 1322 1184 1369 quid
1204 1322 1308 1360 enim
1327 1323 1532 1360 inmortale

269 1386 410 1414 manus
438 1377 625 1414 mortales
646 1377 835 1415 fecerint?
868 1376 1028 1424 Septem
1048 1377 1114 1415 illa
1133 1377 1321 1415 miracula
1341 1381 1379 1415 et
1398 1377 1432 1414 si
1453 1387 1533 1424 qua

269 1430 331 1469 his
360 1431 480 1469 multo
500 1430 738 1468 mirabiliora
758 1431 1008 1479 sequentium
1028 1442 1219 1470 annorum
1240 1431 1432 1470 exstruxit
1452 1441 1533 1468 am-

268 1484 385 1532 bitio,
419 1485 633 1534 aliquando
664 1486 749 1524 solo
778 1490 947 1534 aequata
974 1486 1163 1524 visentur.
1205 1487 1264 1523 lta
1291 1490 1370 1532 est,
1404 1485 1530 1523 nihil

269 1544 563 1587 perpetuum
577 1570 586 1587 ,
609 1550 763 1588 pauca
785 1540 1021 1579 diuturna
1040 1546 1166 1579 sunt.
1196 1540 1302 1578 aliud
1319 1540 1395 1579 alio
1412 1541 1531 1578 modo

269 1593 495 1641 fragileest.
523 1605 653 1632 rerum
675 1594 805 1633 exitus
825 1596 1036 1642 variantur,
1048 1599 1219 1633 ceterum
1237 1595 1426 1643 quicquid
1442 1605 1531 1633 coe-

233 1657 255 1689 2
272 1649 325 1696 pit
352 1653 390 1686 et
421 1648 576 1688 desinit.
617 1649 767 1687 Mundo
789 1650 951 1697 quidam
970 1650 1166 1688 minantur
1184 1649 1378 1688 interitum
1397 1654 1435 1692 et
1454 1649 1530 1687 hoc

267 1703 516 1750 universum,
546 1704 655 1752 quod
682 1704 811 1742 omnia
838 1705 972 1742 divina
990 1704 1241 1751 humanaque
1262 1703 1530 1751 conplectitur,

269 1758 303 1796 si
330 1758 391 1796 fas
419 1763 536 1806 putas
558 1759 740 1805 credere,
776 1758 861 1797 dies
886 1759 1028 1807 aliquis
1051 1757 1261 1807 dissipabit
1279 1762 1317 1796 et
1334 1758 1373 1795 in
1393 1759 1530 1796 consu—

269 1811 420 1850 sionem
450 1816 619 1851 veterem
644 1814 909 1862 tenebrasque
929 1814 1150 1861 demerget:
1184 1817 1246 1851 eat
1262 1822 1368 1850 nunc
1387 1811 1529 1859 aliquis

269 1871 307 1905 et
335 1867 512 1914 singulas
535 1868 742 1915 conploret
761 1869 926 1906 animas.
971 1867 1215 1917 Carthaginis
1235 1866 1531 1906 acNumantiae

270 1921 524 1970 Corinthique
548 1922 721 1961 cinerem
741 1928 779 1961 et
797 1923 831 1962 si
853 1923 948 1972 quid
969 1924 1084 1962 altius
1107 1922 1264 1971 cecidit,
1285 1924 1529 1971 lamentetur,

269 1986 357 2014 cum
380 1977 497 2015 etiam
515 1977 593 2016 hoc
614 1978 723 2026 quod
741 1989 821 2017 non
841 1978 980 2026 habet,
1016 1989 1095 2027 quo
1117 1978 1249 2026 cadat,
1286 1978 1336 2015 sit
1355 1979 1530 2017 interitu-

242 2079 245 2082 Α
268 2040 372 2067 rum:
407 2037 470 2070 eat
496 2032 640 2080 aliquis
669 2036 708 2071 et
733 2034 813 2071 sata
837 2037 985 2072 tantum
1015 2033 1227 2080 aliquando
1248 2033 1360 2070 nefas
1383 2044 1531 2072 ausura

229 2088 252 2122 3
267 2083 342 2121 sibi
362 2095 440 2123 non
464 2088 696 2135 pepercisse
717 2093 995 2136 conqueratur.
1017 2091 1102 2135 [21]
1125 2087 1219 2134 Quis
1239 2093 1317 2126 tam
1333 2088 1530 2136 superbae

269 2137 564 2189 impotentisque
585 2142 839 2189 adrogantiae
859 2148 938 2190 est,
957 2147 1000 2181 ut
1019 2143 1057 2180 in
1077 2142 1152 2179 hac
1171 2146 1335 2180 naturae
1354 2141 1528 2180 necessi—

267 2197 346 2230 tate
367 2196 497 2232 omnia
517 2196 567 2233 ad
588 2197 770 2235 eumdem
790 2197 908 2235 finem
929 2195 1153 2236 revocantis
1175 2206 1219 2234 se
1234 2207 1355 2234 unum
1370 2207 1416 2235 ac
1433 2207 1528 2235 suos

267 2248 409 2295 seponi
443 2250 534 2288 velit
566 2251 783 2300 ruinaeque
814 2253 930 2291 etiam
956 2251 1032 2299 ipsi
1058 2251 1206 2288 mundo
1235 2251 1432 2289 inminenti
1460 2251 1528 2289 ali·

224 2307 247 2341 3
269 2312 386 2351 quam
409 2303 569 2342 domum
589 2306 820 2345 subtrahat?
858 2305 1119 2345 Maximum
1148 2315 1269 2353 ergo
1289 2304 1528 2345 solatium
