1624 2626
320 181 398 222 112
559 182 602 221 L.
630 182 818 221 ANNAEI
847 182 1072 223 SENECAE
1098 184 1230 223 DIAL.
1254 184 1322 223 VI.

322 295 423 323 sona
441 284 562 332 patris
583 283 635 322 tui
653 284 847 331 gesseriS,
882 294 998 331 quem
1023 295 1102 322 non
1127 282 1256 322 minus
1281 283 1376 331 qua⁴
1424 283 1571 323 liberos

321 339 503 386 dilexisti,
524 343 691 387 excepto
711 349 759 377 eo
781 337 887 386 quod
915 349 994 376 non
1013 338 1179 387 optabas
1200 334 1387 386 superstf‘
1412 349 1469 376 m:
1498 350 1571 377 nec

320 393 403 432 scio
424 403 474 430 an
493 398 532 431 et
552 393 765 441 optaveris.
802 393 988 440 permittit
1011 394 1113 431 enim
1128 393 1204 431 sibi
1220 393 1412 440 quaedam
1435 398 1572 431 contra

318 448 465 486 bonum
483 457 631 485 morem
651 458 794 495 magna
812 447 951 494 pietas.
991 452 1153 486 mortem
1173 448 1220 484 A.
1241 447 1422 485 Cremutii
1443 447 1571 493 Cordi,

319 503 493 550 parentis
524 502 580 540 tui
609 507 796 550 quantum
823 506 994 549 poteras,
1018 501 1237 540 inhibuisti:
1268 506 1475 550 postquam
1502 501 1572 540 tibi

320 557 501 604 adparuit
520 556 620 594 inter
632 556 864 594 Seianianos
881 555 1066 594 satellites
1081 557 1184 594 illam
1199 567 1316 594 unam
1333 561 1467 603 patere
1489 566 1572 594 ser·

320 611 453 650 vitutis
474 612 618 659 sugam,
648 622 728 649 non
751 610 881 648 favisti
909 611 1073 649 consilio
1094 610 1192 657 eius,
1221 611 1294 648 sed
1322 610 1465 648 dedisti
1491 621 1572 647 ma-

320 676 396 703 nus
415 667 519 703 victa
537 665 750 712 fudistique
765 664 959 703 lacrimas.
988 667 1114 712 palam
1131 669 1169 702 et
1186 665 1352 712 gemitus
1373 664 1573 703 devorasti

322 720 492 768 quidem,
512 730 591 758 non
613 723 742 757 tamen
761 719 872 757 hilari
892 720 1019 757 fronte
1039 719 1169 758 texisti
1189 724 1226 757 et
1241 719 1317 757 hoc
1336 719 1402 756 illo
1423 719 1572 764 seculo,

279 776 301 809 3
323 785 400 822 quo
425 784 567 821 magna
581 774 709 821 pietas
730 778 813 811 erat
827 773 921 812 nihil
936 773 1042 822 inpie
1057 775 1206 811 facere=
1234 778 1278 811 ut
1290 783 1386 811 vero
1402 774 1573 820 aliquam

321 827 573 867 occasionem
600 829 759 866 mutatio
779 827 968 876 temporis
989 827 1107 874 dedit,
1134 827 1331 875 ingenium
1358 827 1480 875 patris
1505 827 1573 873 tui,

322 883 372 920 de
393 893 472 930 quo
493 887 697 930 sumptum.
713 888 796 922 erat
814 883 1068 930 supplicium,
1087 883 1126 920 in
1148 883 1277 921 visum
1294 881 1494 920 hominum
1511 891 1572 919 re-

321 937 468 975 duxisti
494 941 533 974 et
551 947 575 974 a
594 947 689 975 vera
714 938 822 976 illum
848 937 1057 975 vindicasti
1082 941 1206 975 morte
1234 947 1280 975 ao
1306 935 1508 974 restituisti
1534 936 1574 973 in

321 991 481 1039 publica
507 997 759 1030 monumenta
781 991 916 1039 libros,
939 1002 1040 1039 quos
1059 991 1119 1028 vir
1136 991 1200 1029 ille
1219 990 1455 1029 fortissimus
1483 999 1572 1028 san-

321 1046 439 1092 guine
467 1055 540 1083 suo
571 1045 796 1093 scripserat.
834 1044 987 1093 Optime
1010 1045 1188 1083 meruisti
1210 1046 1260 1084 de
1275 1045 1463 1084 Romanis
1493 1050 1572 1082 stu-

321 1099 408 1146 diis,
429 1109 570 1146 magna
590 1099 744 1138 illorum
763 1110 857 1147 pars
872 1105 1035 1137 arserat.
1073 1099 1220 1146 optime
1240 1100 1290 1137 de
1310 1098 1493 1147 posteris,
1523 1099 1574 1136 ad

321 1153 569 1202 quos'veniet
585 1154 813 1202 incorrupta
830 1164 960 1192 rerum
979 1153 1080 1191 fides
1095 1155 1248 1191 auctori
1263 1163 1338 1191 suo
1356 1163 1497 1200 magno
1516 1153 1572 1190 in—

321 1213 469 1255 putata.
508 1208 653 1256 optime
672 1208 722 1246 de
742 1209 843 1256 ipso,
873 1209 983 1247 cuius
1011 1208 1115 1255 viget
1131 1208 1355 1255 vigebitque
1375 1206 1573 1254 memoria,

324 1263 509 1310 quamdiu
529 1262 568 1300 in
583 1262 709 1310 pretio
729 1262 843 1301 suerit
855 1263 1033 1300 Romana
1043 1262 1241 1309 cognosci,
1264 1263 1449 1310 quamdiu
1467 1262 1572 1309 quis-

324 1327 441 1365 quam
462 1316 544 1365 erit,
578 1317 645 1365 qui
672 1317 815 1355 reverti
843 1317 934 1355 velit
960 1317 1011 1354 ad
1038 1322 1125 1355 aeta
1151 1317 1352 1363 maiorum,
1388 1317 1574 1364 quamdiu

323 1372 545 1419 quisquam,
569 1372 738 1419 quivelit
758 1371 872 1418 seire,
894 1371 989 1419 quid
999 1371 1050 1409 sit
1067 1371 1126 1409 vir
1139 1371 1352 1418 Romanus,
1378 1371 1471 1418 quid
1481 1371 1572 1408 sub—

322 1425 420 1463 actiS
454 1426 532 1463 iam
559 1426 778 1464 cervicibus
811 1426 983 1464 omnium
1011 1430 1050 1471 et
1085 1426 1133 1463 ad
1161 1424 1407 1463 Seianianum
1443 1425 1574 1472 iugum

323 1480 473 1518 adactis
502 1480 726 1526 indomitus,
755 1480 849 1528 quid
877 1481 927 1518 sit
951 1480 1069 1518 homo
1094 1479 1262 1526 ingenio,
1290 1480 1431 1527 animo,
1457 1490 1574 1517 manu

282 1540 304 1573 4
323 1535 432 1573 liber.
478 1534 659 1582 Magnam
680 1534 902 1572 mehercule
923 1535 1194 1572 detrimentum
1212 1533 1437 1582 respublica
1459 1544 1573 1582 cepe-

281 1635 289 1644 Ι
321 1592 392 1635 rat,
418 1589 451 1627 si
465 1588 571 1627 illum
591 1589 641 1627 ob
661 1589 760 1627 duas
779 1599 845 1626 res
866 1589 1146 1636 pulcherrimas
1166 1588 1203 1626 in
1227 1588 1461 1627 oblivionem
1482 1599 1574 1626 con-

323 1643 476 1691 iectum,
506 1644 766 1691 eloquentiam
790 1648 828 1681 et
846 1644 1073 1689 libertatem,
1095 1654 1173 1681 non
1197 1643 1389 1681 eruisses:
1423 1643 1572 1689 legitur,

322 1697 447 1744 floret,
468 1697 507 1735 in
527 1708 666 1735 manus
686 1698 897 1744 hominum,
918 1698 955 1735 in
970 1702 1133 1745 pectora
1146 1702 1328 1745 receptus
1344 1701 1575 1735 vetustatem

322 1753 468 1790 nullam
484 1753 610 1790 timet:
639 1757 678 1790 at
702 1752 856 1790 illorum
877 1753 1103 1790 carnificum
1131 1752 1207 1790 cito
1228 1752 1380 1789 scelera
1401 1761 1573 1799 quoque,

282 1810 302 1840 ὃ
325 1807 468 1854 quibus
495 1807 590 1845 solis
617 1806 843 1844 memoriam
870 1811 1106 1853 meruerunt,
1133 1806 1327 1844 tacebunt.
1364 1806 1471 1844 Haec
1494 1816 1572 1843 ma·

323 1861 486 1908 gnitudo
504 1860 621 1899 animi
641 1861 694 1899 tui
709 1861 830 1899 vetuit
847 1872 910 1899 me
930 1862 980 1899 ad
996 1871 1134 1899 sexum
1152 1865 1257 1898 tuum
1276 1861 1487 1908 respicere,
1509 1871 1574 1897 ve-

322 1917 392 1953 tuit
411 1916 462 1954 ad
476 1917 634 1962 voltum,
657 1926 774 1964 quem
788 1920 845 1954 tot
862 1926 1055 1954 annorum
1070 1914 1254 1954 continua
1271 1915 1431 1962 tristitia,
1452 1920 1494 1952 ut
1512 1925 1573 1952 se—

322 1971 399 2007 mel
418 1970 594 2017 obduxit,
611 1975 731 2017 tenet.
770 1974 808 2007 et
826 1971 929 2015 vide,
953 1981 1068 2018 quam
1087 1979 1165 2007 non
1186 1969 1396 2017 subrepam
1414 1969 1482 2007 tibi
1501 1979 1574 2006 nec

323 2025 467 2061 furtum
494 2026 625 2064 faeere
651 2024 868 2063 adfectibus
899 2024 977 2063 tuis
1004 2023 1188 2071 cogitem:
1219 2024 1378 2071 antiqua
1406 2025 1508 2065 mala
1534 2024 1573 2061 in

322 2080 549 2117 memoriam
570 2080 721 2127 reduxi,
749 2084 788 2117 et
805 2080 865 2118 vis
886 2080 989 2118 scire
1006 2078 1107 2116 hanc
1128 2089 1287 2126 quoque
1307 2079 1462 2126 plagam
1482 2087 1574 2116 esse

324 2133 566 2171 sanandam?
594 2133 750 2173 ostendi
767 2134 836 2171 tibi
856 2144 983 2182 aeque
1004 2133 1133 2179 magni
1149 2132 1321 2171 volneris
1340 2133 1570 2170 cicatricem.

324 2187 388 2224 alii
415 2187 547 2235 itaque
573 2190 740 2228 molliter
761 2192 878 2236 agant
907 2193 946 2226 et
970 2186 1227 2234 blandiantur,
1258 2197 1332 2234 ego
1358 2186 1572 2234 confligere

324 2250 414 2279 cum
434 2245 500 2280 tuo
520 2253 701 2282 moerore
716 2243 900 2282 constitui
913 2247 952 2280 et
965 2241 1150 2280 defessos
1167 2242 1463 2290 exhaustosque
1479 2248 1571 2279 ocu-

324 2296 398 2344 los,
419 2296 453 2335 si
474 2307 607 2335 verum
633 2299 704 2346 vis,
733 2297 858 2346 magis
885 2297 960 2335 iam
987 2305 1037 2334 ex
1065 2296 1349 2335 consuetudine
1377 2306 1494 2344 quam
1512 2308 1563 2338 ex
