1624 2626
353 172 378 212 8
407 172 576 211 DIAL.I.
598 171 769 219 QUARE
785 172 975 220 ALIQUA
990 170 1453 212 lNCOMMODA.·BONIS
1470 173 1604 212 VIRIS

353 274 507 313 radices
534 279 572 312 et
596 273 762 320 herbas,
792 281 892 320 quas
911 271 950 309 in
977 269 1228 318 repurgando
1248 279 1344 317 agro
1374 269 1616 318 triumphalis

355 339 478 368 senex
496 328 641 366 vulsit?
660 328 755 375 quid
770 331 892 375 ergo?
910 324 1061 363 felicior
1076 329 1193 371 esset,
1209 323 1245 363 si
1258 325 1297 362 in
1313 329 1487 364 ventrem
1503 335 1616 367 suum

354 383 557 432 longinqui
582 382 706 421 litoris
735 382 868 429 pisces
889 386 926 418 et
947 379 1153 427 peregrina
1172 379 1342 427 aucupia
1356 383 1616 426 congererem

354 440 388 477 si
408 437 782 487 conchyliis'superi
801 441 921 498 atque
942 435 1055 472 inferi
1075 434 1194 471 maris
1214 433 1405 482 pigritiam
1426 433 1618 472 stomachi

353 493 570 532 nausiantis
600 492 796 539 erigeret?
836 492 869 529 si
904 489 1052 537 ingenti
1080 496 1292 537 pomorum
1312 490 1418 526 strue
1446 489 1619 535 cingeret

312 551 332 587 7
351 548 502 597 primae
521 548 670 585 formae
690 547 817 592 feras,
839 549 976 592 captas
995 544 1115 582 multa
1135 543 1257 582 caede
1276 543 1530 582 venantium?
1557 543 1617 580 In-

352 603 444 641 felix
466 606 527 640 est
541 600 720 648 Rutilius,
745 601 851 648 quod
869 598 935 647 qui
950 599 1055 636 illum
1072 599 1366 644 damnaveiQunt
1386 607 1544 636 causam
1561 595 1617 635 di-

353 662 442 696 cent
459 657 638 695 omnibus
656 656 829 694 seculis?
860 654 967 703 quod
982 652 1170 702 aequiore
1186 652 1315 692 animo
1332 663 1477 700 passus
1498 655 1560 690 est
1575 661 1619 689 se

352 712 502 760 patriae
518 710 616 759 eripi
636 721 753 758 quam
770 710 844 748 sibi
865 708 1050 747 exilium?
1079 707 1184 757 quod
1205 707 1337 746 Sullae
1358 705 1535 757 dictatori
1555 716 1619 744 so-

351 768 413 805 lus
434 766 583 814 aliquid
609 765 766 812 negavit
785 770 823 803 et
849 767 1058 802 revocatus
1079 774 1158 801 non
1179 766 1326 800 tantum
1351 766 1456 799 retro
1488 760 1619 807 cessit,

354 821 426 859 sed
444 821 599 867 longius
621 819 746 866 fugit?
781 818 1004 866 „Viderint‚
1025 817 1166 865 inquit,
1187 817 1249 855 isti
1271 827 1371 865 quos
1386 817 1536 855 Romae
1552 815 1618 852 de—

354 874 559 923 prehendit
578 873 742 912 felicitas
762 878 840 911 tua.
872 873 1032 913 videant
1052 873 1199 920 largum
1219 871 1257 910 in
1280 872 1365 910 foro
1388 869 1619 918 sanguinem

353 935 392 968 et
411 939 532 976 supra
554 927 811 966 Servilianum
831 929 958 966 lacum
979 927 1035 975 (id
1052 927 1153 965 enim
1173 925 1474 974 proscriptionis
1495 923 1619 962 Sulla-

353 994 427 1022 nae
447 982 677 1031 spoliarium
697 987 774 1029 est)
806 987 1032 1020 senatorum
1052 981 1182 1029 capita
1208 986 1246 1019 et
1271 979 1421 1028 passim
1441 977 1619 1027 vagantis

353 1049 425 1086 per
439 1038 576 1076 urbem
599 1047 876 1085 percussorum
897 1046 1039 1084 greges
1059 1041 1096 1074 et
1122 1036 1243 1073 multa
1260 1035 1365 1072 milia
1385 1033 1527 1072 civium
1542 1034 1620 1074 Ro-

354 1103 556 1131 manorum
574 1102 654 1130 uno
671 1093 760 1130 loco
777 1096 868 1140 post
887 1091 1024 1137 fidem,
1044 1090 1163 1128 immo
1179 1089 1392 1137 peripsam
1408 1088 1526 1126 fidem
1541 1092 1620 1125 tru-

313 1149 335 1184 8
355 1148 493 1186 cidata.
524 1147 685 1185 videant
699 1146 774 1184 ista
791 1146 858 1194 qui
873 1146 1034 1186 exulare
1050 1155 1127 1182 non
1144 1147 1353 1192 possunt.“
1384 1142 1484 1190 Quid
1500 1146 1623 1190 ergo?

355 1202 449 1240 felix
469 1206 530 1241 est
547 1202 589 1239 L.
613 1201 739 1248 Sulla,
769 1200 877 1249 quod
903 1199 958 1237 illi
981 1199 1236 1238 descendenti
1264 1199 1315 1236 ad
1344 1198 1469 1236 forum
1489 1197 1620 1245 gladio

355 1257 627 1303 submovetur,
658 1256 765 1304 quod
783 1255 927 1303 capita*
942 1253 1016 1292 sibi
1038 1253 1302 1292 consularium
1327 1253 1501 1291 virorum
1523 1251 1620 1299 pati-

357 1318 416 1350 tur
436 1311 590 1350 ostendi
619 1315 658 1348 et
684 1311 853 1358 pretium
872 1307 1005 1347 caedis
1035 1319 1107 1355 per
1128 1313 1378 1356 quaestorem
1402 1318 1449 1345 ac
1468 1307 1621 1345 tabulas

355 1366 532 1413 publicas
553 1369 757 1403 numerat?
784 1363 938 1402 ethaeo
960 1363 1201 1402 omniafacit
1220 1363 1302 1409 ille,
1322 1362 1386 1400 ille
1408 1361 1474 1409 qui
1494 1362 1620 1408 legem

313 1424 334 1459 9
355 1421 572 1459 Corneliam
591 1419 686 1457 tulit.
733 1418 951 1458 Veniamus
973 1417 1022 1456 ad
1036 1417 1250 1465 Regulum:
1280 1417 1375 1465 quid
1394 1416 1447 1454 illi
1468 1416 1624 1453 fortuna

354 1475 497 1521 nocuit,
521 1475 628 1523 quod
643 1475 750 1512 illum
767 1475 1044 1513 documentum
1059 1472 1164 1519 fidei,
1179 1472 1457 1509 documentum
1475 1469 1622 1517 patien-

354 1530 432 1568 tiae
458 1530 574 1568 fecit?
616 1529 758 1577 Figunt
785 1533 914 1567 cutem
944 1527 1044 1565 clav-i
1075 1531 1113 1564 et
1141 1535 1394 1574 quocumque
1421 1525 1622 1571 fatigatum

356 1595 500 1633 corpus
516 1584 738 1631 reclinavit,
762 1582 911 1622 volneri
928 1581 1132 1626 incumbit,
1149 1581 1187 1619 in
1204 1586 1436 1629 perpetuam
1451 1578 1622 1626 vigiliam

355 1650 553 1687 suspensa
568 1643 659 1677 sunt
669 1638 834 1676 lumina:
855 1641 1003 1685 quanto
1019 1636 1109 1685 plus
1124 1636 1306 1674 tormenti
1321 1639 1428 1674 tanto
1447 1633 1624 1681 pluserit

354 1694 514 1741 gloriae.
558 1694 631 1732 Vis
657 1693 760 1731 scire
781 1702 896 1741 quam
924 1698 1003 1730 non
1035 1691 1233 1739 poeniteat
1261 1690 1337 1729 hoc
1360 1689 1485 1737 pretio
1506 1687 1622 1726 aesti-

355 1759 487 1787 masse
499 1747 677 1786 virtutem
689 1753 707 1785 2
732 1747 852 1786 refice
866 1747 973 1784 illum
988 1750 1026 1784 et
1040 1746 1147 1785 mitte
1163 1746 1199 1783 in
1217 1749 1414 1783 senatum:
1444 1742 1622 1785 eamdem

302 1809 344 1842 10
357 1803 585 1842 sententiam
607 1803 721 1841 dicet.
764 1802 994 1841 Feliciorem
1021 1809 1114 1848 ergo
1145 1805 1183 1838 tu
1203 1800 1469 1839 Maecenatem
1492 1801 1621 1845 putas,

356 1859 417 1896 cui
438 1857 638 1896 amoribus
659 1857 777 1896 anxio
807 1861 846 1895 et
871 1866 1057 1894 morosae
1082 1855 1219 1894 uxoris
1241 1853 1437 1894 cotidiana
1455 1851 1623 1899 repudia

356 1913 516 1950 deflenti
536 1923 700 1951 somnus
720 1923 793 1961 per
813 1911 1141 1961 symphoniarum
1161 1913 1315 1948 cantum
1335 1918 1385 1945 ex
1404 1906 1620 1954 longinquo

354 1967 442 2004 lene
459 1968 731 2006 resonantium
751 1967 978 2015 quaeritur?
1006 1976 1115 2004 mero
1133 1975 1177 2003 se
1191 1964 1282 2002 licet
1300 1962 1432 2010 sopiat
1446 1966 1484 2000 et
1500 1971 1620 2008 aqua-

353 2032 437 2060 rum
455 2022 674 2068 fragoribus
690 2026 831 2061 avocet
845 2025 883 2059 et
898 2021 990 2059 mile
1003 2019 1267 2068 voluptatibus
1283 2022 1452 2055 mentem
1464 2015 1621 2057 anxiam

354 2076 479 2121 fallat,
509 2080 586 2112 tam
608 2077 780 2125 vigilabit
803 2075 844 2114 in
864 2077 997 2124 pluma
1018 2085 1135 2124 quam
1154 2074 1218 2112 ille
1238 2074 1276 2111 in
1298 2081 1433 2110 cruce:
1472 2070 1544 2109 sed
1567 2068 1620 2108 illi

354 2130 537 2168 solatium
556 2135 616 2168 est
635 2142 706 2178 pro
726 2131 893 2170 honesto
915 2131 1013 2169 dura
1028 2130 1195 2168 tolerare
1212 2133 1250 2166 et
1268 2127 1319 2165 ad
1336 2136 1496 2165 eausam
1513 2135 1536 2163 a
1553 2134 1620 2171 pa-

352 2185 486 2224 tientia
513 2185 691 2231 respicit,
721 2187 827 2224 hunc
847 2185 1113 2233 voluptatibus
1133 2182 1349 2220 marcidum
1378 2185 1415 2218 et
1437 2179 1620 2217 felicitate

354 2239 472 2278 nimia
490 2238 731 2277 laborantem
751 2240 877 2288 magis
896 2240 958 2278 his
979 2249 1079 2287 quae
1098 2236 1255 2285 patitur,
1276 2241 1395 2274 vexat
1415 2243 1534 2272 causa
1550 2243 1618 2280 pa—

302 2293 487 2334 lltiendi.
538 2293 623 2332 Non
652 2303 778 2341 usque
807 2305 854 2333 eo
881 2294 920 2333 in
946 2291 1247 2343 possessionem
1276 2290 1431 2339 generis
1459 2286 1618 2326 humani
