1624 2626
340 152 407 192 DE
437 148 722 191 CLEMENTIA
749 150 844 189 LIB
859 150 889 189 1
919 156 1047 191 1—3.
1250 149 1334 200 279

58 255 273 304 ducatur
307 253 520 300 animus,
559 251 812 303 quomodo
851 251 1118 291 confirmet
1156 261 1259 290 eam
1288 256 1372 291 et

57 311 151 351 usu
178 321 314 349 suam
344 308 514 348 faciat.
1126 324 1148 352 ο

138 366 329 404 Nullam
356 375 476 404 vero
507 374 567 403 ex
595 363 828 404 omnibus
856 362 1139 402 virtutibus
1175 361 1375 411 magis2

58 421 242 461 homini
277 420 574 468 convenire,
624 430 730 458 cum
765 420 834 459 sit
870 419 1010 458 nulla
1047 418 1333 466 humanior,

59 481 261 516 constet
299 486 516 515 necesse
550 479 629 514 est
662 486 744 514 non
772 476 903 515 solum
929 474 1029 513 inter
1047 485 1144 521 nos,
1175 474 1242 523 qui
1262 474 1333 513 ho·

56 533 221 580 minem,
258 532 408 571 sociale
437 531 602 578 animal,
641 530 842 570 communi
866 529 973 569 bono
1001 530 1172 578 genitum
1204 530 1334 569 videri

55 589 263 636 volumus,
298 588 372 627 sed
398 587 515 626 etiam
546 587 646 625 inter
673 587 785 635 illos,
816 586 884 635 qui
910 585 1112 625 hominem
1137 586 1334 634 voluptati

28 685 33 689 ⁵
57 644 226 691 donant,
249 654 419 693 quorum
440 643 572 682 omnia
591 642 699 681 dicta
717 643 902 691 factaque
921 641 975 680 ad
993 641 1200 681 utilitatem
1219 652 1334 681 suam

56 703 259 748 spectant:
298 709 390 738 nam
418 699 452 737 si
483 698 655 747 quietem
683 698 781 747 petit
800 703 838 736 et
857 698 998 746 otium,
1027 697 1131 736 hanc
1149 697 1335 736 virtutem

55 760 220 794 naturae
247 765 345 793 suae
366 759 608 800 nactus‘est‚
642 764 746 803 quae
766 763 907 802 pacem
927 758 1032 792 amat
1050 758 1090 797 et
1107 764 1250 792 manus
1271 763 1332 791 re-

55 811 164 849 tinet.
218 810 414 850 Nullum
463 814 623 849 tamen
678 809 949 848 clementia
998 819 1058 847 ex
1102 809 1333 848 omnibus
1353 819 1376 854 3

55 866 218 914 magis
256 876 398 914 quam
435 875 600 914 regem
636 870 719 904 aut
756 865 1038 914 principem
1075 865 1233 905 decet.
1282 864 1337 903 ita

56 922 160 959 enim
187 932 356 971 magnae
385 921 490 959 vires
519 921 656 960 decori
679 921 912 969 gloriaeque
934 925 1045 968 sunt,
1075 920 1110 959 si
1130 920 1208 959 illis
1229 919 1335 959 salu-

54 978 151 1016 taris
173 977 350 1026 potentIa
371 981 442 1016 est.
474 988 564 1015 nam
587 976 778 1025 pestifera
798 977 858 1015 vis
877 980 939 1015 est
958 977 1094 1014 valere
1114 976 1165 1014 ad
1187 986 1336 1014 nocen-

57 1033 164 1071 dum.
211 1034 320 1072 lllius
349 1033 506 1071 demum
535 1032 766 1080 magnitudo
794 1031 949 1070 stabilis
980 1032 1226 1080 fundataque
1259 1036 1334 1078 est,

57 1099 176 1137 quem
197 1099 336 1128 omnes
355 1094 432 1127 tam
453 1099 576 1137 supra
592 1098 636 1126 se
652 1098 746 1127 esse
763 1097 883 1136 quam
902 1098 975 1136 pro
993 1098 1039 1126 se
1055 1087 1198 1134 sciunt,
1221 1087 1335 1125 cuius

56 1155 192 1183 curam
208 1145 409 1183 excubare
423 1155 497 1193 pro
515 1144 645 1182 salute
660 1142 909 1192 singulorum
919 1147 1040 1191 atque
1054 1143 1336 1181 universorum

56 1199 202 1239 cotidie
218 1200 485 1248 experiuntur,
503 1210 581 1247 quo
600 1199 845 1247 procedente
860 1209 953 1247 non,
974 1204 1174 1247 tamquam
1189 1199 1337 1236 malum

55 1255 220 1304 aliquod
241 1260 307 1294 aut
324 1256 488 1294 noxium
509 1254 654 1294 animal
675 1266 698 1294 e
718 1254 840 1294 cubili
859 1254 1088 1303 prosilierit,
1113 1253 1336 1302 diffugiunt,

56 1311 130 1350 sed
154 1315 352 1360 tamquam
379 1311 429 1350 ad
451 1312 600 1350 clarum
621 1321 669 1349 ac
687 1311 911 1350 beneficum
931 1311 1045 1349 sidus
1065 1310 1245 1348 certatim
1266 1310 1335 1348 ad—

55 1367 210 1414 volant,
247 1367 406 1406 obicere
434 1377 479 1406 se
507 1377 581 1415 pro
603 1367 669 1406 illo
690 1366 950 1406 mucronibus
971 1365 1243 1405 insidiantium
1264 1376 1335 1414 pa-

55 1422 244 1461 ratissimi
272 1428 311 1462 et
337 1422 594 1462 substernere
624 1432 797 1471 corpora
817 1433 909 1470 sua,
940 1422 974 1461 si
995 1433 1068 1471 per
1087 1426 1260 1470 stragem
1282 1421 1336 1459 illi

57 1477 269 1516 humanam
296 1477 370 1517 iter
395 1478 447 1516 ad
476 1479 645 1517 salutem
672 1478 905 1517 struendum
933 1478 997 1516 sit.
1037 1488 1221 1516 somnum
1249 1477 1336 1515 eius

57 1533 264 1572 nocturnis
284 1533 465 1572 excubiis
484 1533 675 1573 muniunt.
712 1535 837 1572 latera
858 1533 1002 1573 obiecti
1022 1532 1335 1580 circumfusique

59 1589 288 1627 defendunt.
318 1588 610 1628 incurrentibus
631 1590 819 1638 periculis
841 1599 886 1628 se
907 1592 1132 1638 opponunt.
1168 1588 1256 1626 Non
1272 1587 1335 1626 hic
1355 1597 1378 1631 4

58 1649 120 1682 est
146 1644 233 1682 sine
251 1644 405 1683 ratione
428 1645 587 1692 populis
607 1644 855 1693 urbibusque
875 1655 1101 1683 consensus
1122 1644 1182 1683 sic
1202 1648 1334 1692 prote-

58 1699 177 1747 gendi
205 1700 445 1748 amandique
470 1710 588 1748 reges
609 1705 648 1739 et
677 1710 722 1739 se
742 1711 897 1748 suaque
918 1700 1111 1746 iactandi,
1142 1710 1334 1748 quocum-

59 1765 138 1803 que
157 1755 400 1794 desideravit
420 1754 650 1804 imperantis
671 1757 794 1794 salus.
827 1766 903 1794 nec
922 1755 1023 1794 haec
1041 1755 1172 1794 vilitas
1194 1754 1255 1793 sui
1274 1759 1337 1792 est

58 1815 126 1849 aut
152 1810 368 1858 dementia,
401 1821 472 1859 pro
501 1822 582 1850 uno
611 1810 742 1859 capite
767 1815 826 1850 tot
852 1810 960 1849 milia
977 1811 1166 1860 excipere
1187 1811 1335 1848 ferrum

58 1876 106 1904 ac
121 1866 252 1905 multis
269 1866 462 1905 mortibus
479 1877 595 1905 unam
611 1866 782 1905 animam
795 1866 992 1906 redimere
1003 1897 1012 1914 ,
1033 1876 1334 1914 nonnumquam

58 1921 168 1960 senis
188 1926 228 1961 ct
245 1921 421 1960 invalidi.
453 1922 793 1970 Quemadmodum
810 1928 933 1961 totum
951 1933 1099 1971 corpus
1117 1922 1248 1959 animo
1267 1921 1333 1959 de·
1354 1933 1376 1967 5

58 1975 182 2016 servit
200 1982 239 2016 et
257 1988 348 2016 cum
366 1977 444 2017 hoc
464 1982 572 2016 tanto
594 1977 720 2016 maius
736 1982 928 2026 tantoque
945 1977 1171 2026 speciosius
1188 1977 1248 2023 sit,
1269 1976 1336 2015 ille

58 2031 96 2070 in
126 2033 282 2072 occulto
312 2038 470 2072 maneat
498 2033 629 2072 tenuis
657 2038 697 2072 et
724 2033 763 2071 in
785 2044 863 2081 qua
885 2033 983 2071 sede
1003 2033 1126 2071 latitet
1145 2033 1333 2080 incertus,

59 2092 190 2126 tamen
216 2099 377 2136 manus,
409 2089 555 2138 pedes,
587 2088 691 2128 oculi
717 2088 920 2137 negotium
948 2087 1003 2126 illi
1035 2092 1197 2135 gerunt,
1226 2087 1334 2126 iilum

57 2142 157 2181 haec
176 2145 277 2183 cutis
297 2144 439 2192 munit,
459 2144 564 2183 illius
584 2142 699 2182 iussu
718 2143 893 2182 iacemus
914 2148 981 2182 aut
1000 2143 1165 2191 inquieti
1180 2142 1332 2182 discur-

58 2197 194 2237 rimus.
225 2210 314 2238 cum
334 2200 398 2239 ille
417 2199 637 2249 imperavit,
657 2200 743 2237 sive
763 2210 909 2238 avarus
926 2198 1112 2238 dominus
1133 2202 1204 2245 est,
1223 2208 1334 2237 mare

59 2252 157 2307 lucri
180 2265 304 2294 causa
323 2260 563 2303 scrutamur,
595 2255 681 2294 sive
701 2254 954 2300 ambitiosus,
984 2255 1214 2293 iamdudum
1234 2255 1331 2293 dex-

6 2330 13 2338 ·
59 2311 183 2348 teram
202 2310 371 2351 flammis
392 2311 612 2351 obiecimus
632 2314 701 2350 aut
715 2309 978 2350 voluntariam
995 2314 1165 2358 [mortem
1178 2313 1333 2360 oppeti-
