1624 2626
74 184 144 226 AD
155 183 392 225 HELVIAM
403 182 622 224 ΜΑΤΒΕΜ
630 182 696 223 DE
706 181 1101 222 CONSOLATIONE.
1121 190 1174 224 11.
1189 189 1242 223 12.
1271 182 1353 225 251

74 288 230 327 niamus
250 286 299 325 ad
321 285 564 335 locupletes:
593 295 713 334 quam
732 285 855 339 multa
874 290 967 325 sunt
985 290 1187 335 tempora,
1208 285 1357 336 quibus

76 341 322 394 pauperibus
338 342 489 381 similes
506 341 613 380 sint?
635 341 894 381 circumcisae
910 347 1004 381 sunt
1019 341 1358 391 peregrinantium

76 398 260 438 sarcinae
279 403 318 436 et
337 397 520 448 quotiens
542 396 834 436 festinationem
850 397 1079 436 vnecessitas
1094 396 1246 437 itineris
1262 408 1356 437 exe-

73 454 149 504 git,
178 453 366 492 comitum
388 453 506 492 turba
524 451 741 492 dimittitur.
781 452 995 493 militantes
1016 458 1185 502 quotam
1202 459 1358 503 partem

73 520 206 549 rerum
234 519 397 548 suarum
431 518 567 547 secum
601 508 768 556 habent,
807 519 896 548 cum
931 519 1089 547 omnem
1119 509 1358 559 adparatum

77 565 298 604 castrensis
326 564 542 613 disciplina
570 564 840 603 submoveat?
884 564 1142 603 Nec-tantum
1171 564 1396 604 condicio-3

74 621 167 660 illos
186 625 411 670 temporum
430 625 499 659 aut
518 621 696 659 locorum
716 619 855 669 inopia
871 620 1118 669 pauperibus
1138 626 1357 670 exaequati

74 681 239 716 sumunt
257 676 456 725 quosdam
477 676 584 724 dies,
615 686 705 714 cum
732 676 810 715 iam
829 675 920 715 illos
941 675 1165 715 divitiarum
1182 677 1359 716 taedium

76 731 204 782 cepit,
235 732 380 781 quibus
406 731 516 770 humi
543 736 715 770 coenent
741 736 781 770 et
804 737 958 771 remoto
987 742 1086 770 auro
1111 737 1360 781 argentoque

75 787 264 828 fictilibus
290 792 464 828 utantur.
509 788 734 826 dementes!
775 787 854 826 hoc
884 787 994 836 quod
1023 787 1239 837 aliquando
1261 798 1359 827 con·

77 845 309 893 cupiscunt,
329 853 491 892 semper
503 843 652 882 timent.
686 842 718 882 Ο
735 848 884 892 quanta
898 841 990 882 illos
1008 840 1137 892 caligo
1153 844 1357 891 mentium,

76 904 227 950 quanta
241 899 464 949 ignorantia
477 899 655 938 veritatis
671 904 845 947 exercet,
867 909 986 948 quam
1001 899 1219 948 voluptatis
1233 909 1360 938 causa

76 955 296 994 imitantur!
342 955 407 993 Me
436 954 597 1004 quidem
626 954 812 1004 quotiens
831 955 884 994 ad
906 955 1070 1004 antiqua
1089 955 1277 1003 exempla
1294 965 1356 993 re·
1372 961 1396 996 4

76 1011 213 1061 spexi,
242 1010 490 1060 paupertatis
507 1011 564 1049 uti
579 1010 739 1050 solatiis
756 1010 899 1060 pudet,
921 1011 1111 1059 quoniam
1129 1010 1292 1060 quidem
1307 1021 1358 1050 eo

74 1072 298 1116 temporum
325 1066 483 1106 luxuria
511 1066 703 1115 prolapsa
731 1071 812 1114 est,
839 1070 884 1105 ut
901 1067 1031 1105 maius
1052 1065 1237 1105 viaticum
1260 1076 1357 1105 exu-

74 1124 156 1161 lum
183 1123 252 1170 sit,
268 1133 403 1172 ‘quam
431 1121 524 1160 olim
552 1122 832 1170 patrimonium
852 1121 1077 1171 principum
1099 1122 1184 1160 fuit.
1224 1121 1359 1160 Unum

77 1178 205 1217 fuisse
232 1179 408 1217 Homero
435 1187 616 1225 servum,
645 1183 728 1217 tres
754 1177 928 1225 Platoni,
959 1179 1110 1217 nullum
1129 1177 1303 1226 Zenoni,
1334 1189 1360 1216 a

75 1245 157 1283 quo
185 1233 320 1284 coepit
347 1233 574 1272 Stoicorum
606 1233 736 1283 rigida
769 1244 817 1272 ac
843 1233 969 1272 virilis
998 1233 1219 1283 sapientia,
1257 1233 1358 1272 satis

76 1295 246 1330 constat.
291 1301 384 1328 num
412 1300 508 1338 ergo
537 1288 753 1337 quisquam
777 1299 850 1328 eos
879 1290 1030 1328 misere*
1053 1289 1211 1328 vixisse
1238 1289 1357 1336 dicet,

73 1350 118 1385 ut
135 1357 216 1385 non
237 1346 325 1395 ipse
343 1345 590 1384 miserrimus
611 1345 662 1384 ob
683 1345 762 1384 hoc
782 1345 968 1384 omnibus
983 1345 1195 1383 videatur?
1222 1344 1358 1384 Mene·
1373 1353 1395 1387 5

73 1401 164 1440 nius
190 1402 392 1451 Agrippa,
423 1400 491 1450 qui
520 1400 621 1440 inter
650 1405 785 1449 patres
813 1410 861 1438 ac
882 1400 1042 1448 piebem
1062 1399 1250 1449 publicae
1268 1411 1358 1449 gra-

75 1456 154 1495 tiae
185 1462 396 1506 sequester
423 1456 513 1502 fuit,
550 1466 643 1494 aere
671 1457 817 1495 collato
845 1456 1053 1495 funeratus
1080 1462 1154 1495 est.
1198 1455 1358 1495 Attilius

75 1513 276 1560 Regulus,
307 1523 398 1551 cum
422 1511 582 1551 Poenos
615 1512 655 1550 in
682 1512 820 1550 Africa
847 1512 1050 1560 funderet,
1086 1511 1139 1550 ad
1173 1515 1359 1550 senatum

77 1567 240 1615 scripsit
259 1567 549 1606 mercenarium
567 1578 684 1606 suum
705 1566 952 1607 discessisse
966 1573 1006 1621 et
1020 1567 1071 1606 ab
1087 1577 1136 1607 eo
1153 1567 1359 1606 desertum

77 1633 172 1662 esse
200 1633 289 1670 ruS,
320 1622 431 1672 quod
451 1622 608 1662 senatui
630 1623 788 1671 publice
808 1623 956 1671 curari,
982 1623 1077 1662 dum
1097 1624 1263 1662 abesset
1278 1623 1358 1662 Re—

76 1679 216 1727 guluS,
248 1678 414 1727 placuit:
445 1677 567 1716 fuitne
585 1679 682 1716 tanti
701 1689 863 1717 servum
882 1689 962 1718 non
982 1679 1153 1728 habere,
1183 1683 1228 1718 ut
1248 1680 1358 1718 colo·

77 1745 154 1773 nus
188 1734 275 1773 eius
307 1734 483 1783 populus
515 1734 721 1773 Romanus
757 1738 894 1773 esset?
940 1733 1143 1784 Scipionis
1174 1735 1283 1773 filiae
1305 1743 1397 1779 ex6

77 1855 252 1894 aequum
287 1844 537 1884 mehercules
572 1850 657 1884 erat
692 1846 887 1894 populum
916 1846 1140 1885 Romanum
1171 1846 1358 1885 tributum

79 1899 259 1950 Scipioni
288 1901 413 1939 semel
441 1900 644 1948 conferre,
674 1911 762 1939 cum
791 1911 815 1939 a
836 1901 1073 1951 Carthagine
1093 1911 1255 1950 semper
1274 1901 1359 1939 exi-

78 1962 202 2005 geret.
249 1955 279 1995 Ο
301 1957 439 1995 felices
458 1957 569 1995 viros
585 1957 826 2005 puellarum,
856 1956 1003 2005 quibus
1018 1957 1196 2006 populus
1211 1957 1358 1996 Roma-

78 2022 158 2051 nus
185 2013 276 2052 loco
304 2011 437 2051 soceri
465 2011 554 2050 suit!
597 2011 851 2051 beatioresne
883 2012 984 2052 istos
1009 2018 1148 2062 putaS‚
1186 2022 1359 2061 quorum

78 2068 348 2118 pantomimae
375 2067 512 2107 decies
542 2068 726 2106 sestertio
754 2068 928 2115 nubunt,
963 2079 1083 2117 quam
1111 2067 1355 2116 Scipionem,

80 2123 196 2163 cuius
215 2123 329 2162 liberi
348 2134 372 2162 a
393 2129 556 2171 senatu,
584 2128 714 2162 tutore
733 2134 829 2170 suo,
854 2123 894 2162 in
915 2123 1050 2162 dotem
1065 2133 1136 2162 aes
1151 2133 1276 2172 grave
1291 2133 1355 2162 ac-

81 2181 300 2229 ceperunt?
345 2180 590 2228 Dedignatur
624 2179 769 2228 aliquis
803 2180 1097 2227 paupertatem,
1135 2177 1248 2218 cuius
1276 2182 1393 2229 tam-1

82 2235 213 2274 clarae
231 2235 422 2284 imagines
442 2240 561 2274 sunt?
588 2235 815 2283 indignatur
828 2235 921 2274 exul
936 2233 1088 2283 aliquid
1102 2233 1179 2274 sibi
1196 2235 1355 2281 deesse,

82 2298 174 2328 cum
193 2290 362 2330 defuerit
383 2290 561 2340 Scipioni
577 2291 652 2329 dos
664 2321 673 2339 ,
691 2291 847 2338 Regulo
863 2290 1151 2340 mercenarius,
1168 2289 1356 2330 Menenio

84 2345 225 2396 funus,
261 2356 351 2386 cum
379 2347 564 2386 omnibus
593 2346 672 2386 illis
700 2346 811 2396 quod
838 2346 995 2395 deerat,
1024 2345 1117 2387 ideo
1143 2345 1355 2386 honestius
