1592 2580
286 172 367 212 250
650 172 693 212 L.
721 172 911 210 ANNAEI
938 171 1162 210 SENECAE

238 278 259 312 6
279 273 405 319 Quare
434 281 511 309 non
541 275 580 309 et
599 280 673 318 ego
692 270 785 308 mihi
805 270 908 308 idem
928 269 1164 318 permittam,
1196 268 1302 317 quod
1320 269 1532 317 Anaxago-

281 331 372 364 ras?
413 326 512 363 inter
540 325 668 364 nullos
696 324 821 372 mag1s
856 334 971 372 quam
1001 323 1100 362 inter
1131 323 1390 372 philosophos
1419 324 1535 362 debet

280 391 372 418 esse
390 389 519 428 aequa
534 379 714 418 libertas:
734 379 884 426 grando
904 378 997 416 nihil
1010 378 1113 416 aliud
1129 384 1189 417 est
1204 389 1319 426 quam
1336 388 1536 426 suspensa

279 435 445 483 glacieS,
466 434 532 472 nix
551 433 589 471 in
606 434 745 482 pruina
765 434 943 481 pendens
963 433 1202 480 congelatio=
1222 433 1316 470 illud
1336 433 1437 470 enim
1458 433 1534 470 iam

280 489 469 535 diximus,
501 488 609 536 quod
636 488 736 526 inter
758 499 901 536 aquam
921 492 960 527 et
983 497 1112 525 rorem
1137 487 1311 534 interest,
1339 487 1415 525 hoc
1435 487 1535 525 inter

280 545 459 591 pruinam
488 549 527 582 et
553 542 740 591 glaciem,
774 553 848 582 nec
875 553 953 582 non
983 542 1083 580 inter
1101 542 1229 580 nivem
1248 545 1286 579 et
1305 542 1533 589 grandinem

278 598 483 636 interesse.

242 664 261 697 1
360 653 426 690 IV.
459 652 638 691 Poteram
663 662 726 689 me
760 656 966 699 peracta
1001 651 1298 699 quaestione
1324 650 1533 690 dimittere:

280 707 353 756 sed
371 707 472 745 bene
492 717 671 745 mensum
691 705 794 744 dabo
814 711 878 754 et,
912 706 1095 753 quoniam
1124 706 1239 753 coepi
1257 705 1324 744 tibi
1345 706 1534 744 molestus

279 772 390 809 esse,
411 762 600 810 quicquid
615 761 654 799 in
673 761 750 800 hoc
770 762 858 799 loco
878 760 1076 809 quaeritur
1094 760 1234 798 dicam.
1271 760 1535 807 Quaeritur

280 821 429 863 autem,
465 827 618 864 quare
650 815 804 853 hieme
832 815 1022 863 ningat,
1055 825 1148 853 non
1175 814 1456 862 grandinet,
1489 818 1536 852 et

278 881 399 910 vere
420 871 511 909 iam
540 871 730 918 frigore
749 869 967 908 infracto
985 870 1175 917 grando
1195 870 1349 907 cadat.
1377 869 1474 907 Nam
1496 873 1537 907 ut

279 925 391 963 fallar
409 925 498 972 tibi,
530 936 664 963 verum
692 924 785 962 mihi
816 923 1270 972 quidempersuadetur,
1301 924 1367 971 qui
1386 933 1448 961 me
1468 933 1534 961 us-

281 991 359 1028 que
381 980 430 1018 ad
451 980 659 1018 mendacia
676 979 775 1016 haec
792 979 958 1026 leviora,
974 979 1012 1017 in
1034 979 1177 1026 quibus
1197 989 1243 1017 os
1265 978 1434 1026 percidi,
1454 988 1534 1016 non

238 1041 259 1074 2
279 1035 381 1073 oculi
409 1035 490 1072 erui
519 1036 668 1081 solent,
695 1033 896 1072 credulum
926 1039 1098 1081 praesto.
1137 1033 1271 1071 Hieme
1291 1042 1358 1070 aer
1379 1032 1479 1080 riget
1497 1036 1536 1070 et

278 1090 367 1127 ideo
396 1089 571 1127 nondum
601 1088 639 1126 in
667 1097 809 1136 aquam
829 1088 1011 1135 vertitur,
1047 1087 1119 1126 sed
1141 1087 1179 1126 in
1201 1087 1347 1132 nivem,
1384 1087 1447 1125 cui
1467 1096 1535 1124 aer

279 1143 540 1191 propinquior
559 1148 642 1181 est:
673 1153 763 1181 cum
784 1152 855 1180 ver
873 1143 1020 1190 coepit,
1040 1142 1165 1180 maior
1182 1141 1380 1181 inclinatio
1402 1141 1534 1189 sequi-

278 1204 339 1236 tur
371 1198 558 1245 temporis
592 1201 631 1235 et
667 1197 853 1235 calidiore
881 1198 992 1235 coelo
1021 1196 1171 1235 maiora
1196 1196 1295 1235 fiunt
1327 1195 1532 1234 stillicidia.

278 1251 367 1290 ideo
380 1282 389 1299 ‚
408 1255 451 1290 ut
469 1252 522 1290 ait
540 1251 738 1299 Vergilius
760 1255 914 1297 noster,

636 1315 723 1344 cum
741 1307 820 1343 ruit
838 1304 1078 1352 imbriferum
1097 1316 1174 1352 ver,

278 1360 547 1400 vehement10r
574 1363 636 1398 est
661 1359 822 1398 mutatio
851 1359 954 1397 aeris
980 1359 1157 1407 undique
1182 1357 1367 1407 patefacti
1397 1361 1436 1395 et
1454 1357 1533 1396 sol-

280 1415 404 1453 vent1s
437 1425 481 1453 se
512 1414 603 1463 ipso
632 1418 773 1462 tepore
797 1412 1018 1452 adiuvante.
1061 1414 1113 1452 ob
1141 1413 1217 1452 hoc
1243 1412 1363 1450 nimbi
1391 1421 1534 1459 graves

239 1480 260 1514 3
280 1470 404 1518 magis
424 1470 606 1517 vastique
628 1479 746 1517 quam
766 1468 987 1517 pertinaces
1008 1468 1248 1506 deferuntur.
1272 1467 1433 1505 ⁴Bruma
1451 1466 1533 1504 len-

281 1531 339 1563 tas
360 1524 514 1573 pluvias
534 1523 708 1562 habetet
727 1527 886 1569 tenues,
915 1523 1052 1571 quales
1080 1532 1202 1570 saepe
1221 1523 1350 1560 solent
1366 1521 1533 1559 interve—

278 1579 377 1624 nire,
401 1589 487 1617 cum
511 1577 645 1626 pluvia
659 1587 748 1615 rara
767 1581 806 1615 et
826 1576 973 1616 minuta
994 1578 1124 1615 nivem
1143 1575 1303 1625 quoque
1322 1574 1534 1614 admixtam

276 1634 404 1672 habet.
441 1633 607 1671 dicimus
626 1631 794 1670 nivalem
814 1631 937 1679 diem,
966 1642 1054 1670 cum
1080 1633 1200 1670 altum
1222 1631 1345 1678 frigus
1365 1634 1404 1668 et
1424 1629 1533 1668 triste

277 1688 430 1727 coelum
458 1691 530 1727 est.
571 1687 778 1725 Praeterea
804 1687 989 1735 aquilone
1020 1685 1140 1724 flante
1166 1690 1206 1725 et
1229 1695 1344 1724 suum
1380 1685 1535 1722 coelum

276 1743 443 1780 habente
462 1742 632 1780 minutae
649 1741 804 1789 pluviae
824 1744 932 1779 sunt:
961 1745 1094 1808 austro
1114 1740 1238 1779 imber
1252 1738 1455 1788 inprobior
1472 1741 1535 1777 est

278 1801 317 1835 et
335 1800 467 1844 guttae
487 1796 698 1858 pleniores.

238 1859 255 1891 1
357 1852 406 1889 V.
441 1851 538 1888 Rem
565 1860 588 1888 a
610 1837 756 1889 nostris
782 1849 953 1898 positam
971 1859 1101 1898 neque
1122 1849 1254 1887 dicere
1273 1848 1420 1894 audeo,
1442 1845 1533 1895 quia

276 1905 428 1944 infirma
457 1905 629 1950 videtur,
666 1915 796 1952 neque
827 1904 1050 1953 praeterire.
1093 1903 1189 1952 quid
1214 1903 1318 1942 enim
1343 1901 1433 1945 mali
1460 1905 1532 1948 est,

275 1960 423 2008 aliquid
453 1963 492 1998 et
517 1958 682 1997 faciliori
707 1959 826 1998 iudici
841 1959 1042 2000 scribere?
1077 1958 1194 1997 immo
1215 1958 1250 1996 si
1269 1956 1399 1997 omnia
1417 1966 1530 2004 argu·

275 2019 406 2052 menta
429 2014 481 2052 ad
506 2013 716 2053 obrussam
737 2014 984 2061 coeperimus
1011 2013 1190 2062 exigere,
1220 2011 1412 2051 silentium
1432 2009 1531 2048 indi-

276 2073 396 2107 cetur.
427 2078 554 2116 pauca
575 2068 678 2106 enim
693 2068 904 2106 admodum
920 2072 1010 2106 sunt
1029 2067 1114 2106 sine
1134 2065 1380 2105 adversario:
1402 2069 1532 2102 cetera

235 2127 256 2160 2
275 2122 349 2161 etsi
372 2123 551 2170 vineunt,
578 2123 739 2170 litigant.
775 2123 898 2162 Aiunt
923 2123 1043 2169 enim,
1072 2131 1183 2168 vere,
1214 2119 1403 2168 quicquid
1426 2119 1530 2161 ecca

278 2177 478 2227 Scythiam
506 2182 543 2215 et
563 2177 728 2216 Pontum
755 2181 794 2214 et
820 2177 1177 2225 septemtrionalem
1205 2176 1362 2222 plagam
1387 2173 1529 2221 glacia-

276 2236 356 2269 tum
383 2237 421 2270 et
447 2232 672 2270 adstrictum
702 2235 781 2278 est,
814 2231 995 2270 relaxari.
1035 2236 1128 2269 tunc
1155 2229 1315 2268 flumina
1333 2228 1461 2276 gelata
1481 2231 1531 2273 [et

276 2287 404 2336 lacus]
437 2286 662 2334 discedere,
696 2290 788 2324 tunc
825 2287 986 2325 obrutos
1017 2288 1170 2324 montes
1203 2285 1332 2322 nivem
1361 2283 1528 2321 solvere.
