1624 2626
331 160 410 203 104
722 161 765 199 L.
789 159 978 199 ANNAEI
1005 159 1229 199 SENECAE

332 261 393 298 dis
415 268 574 307 quoque
596 256 810 304 irascimur,
833 257 939 305 quod
959 258 1102 306 aliquis
1128 269 1203 297 nos
1232 259 1450 307 antecedat,
1478 260 1584 300 obliti

333 318 520 362 quantum
539 312 735 351 hominum
761 318 865 350 retro
886 310 948 358 sit,
968 316 1007 350 et
1031 312 1170 360 paucis
1197 313 1435 352 invidentem
1462 326 1586 362 quan-

331 373 412 407 tum
430 371 620 416 sequatur
644 377 668 405 a
687 371 796 414 tergo
817 366 986 413 ingentis
1005 364 1188 405 invidiae.
1240 368 1362 405 Tanta
1379 373 1508 407 tamen
1528 369 1585 407 in-

332 423 549 470 portunitas
570 421 771 459 hominum
791 425 861 467 est,
889 424 932 458 ut
950 421 1128 468 quamvis
1156 422 1316 459 multum
1348 424 1583 471 acceperint,

290 483 311 516 2
331 476 494 515 iniuriae
513 477 602 514 loco
623 476 674 514 sit
694 476 782 524 plus
802 474 982 521 accipere
1002 476 1192 523 potuisse.
1230 475 1346 514 Dedit
1363 474 1456 514 mihi
1473 488 1584 525 prae·

330 536 474 569 turam:
512 531 585 570 sed
604 531 852 568 consulatum
872 539 1136 576 speraveram.
1174 530 1282 568 dedit
1299 529 1509 569 duodecim
1529 533 1584 570 fa—

331 596 442 624 sces:
463 586 536 624 sed
556 596 633 623 non
655 585 746 622 fecit
760 583 997 622 ordinarium
1014 585 1229 622 consulem.
1266 595 1290 623 a
1308 594 1370 623 me
1390 587 1584 624 numerari

331 641 454 678 voluit
472 650 638 677 annum:
665 639 737 676 sed
757 638 871 676 deest
885 637 976 675 mihi
995 638 1047 676 ad
1062 639 1339 678 sacerdotium.
1378 644 1585 688 cooptatus

329 693 369 733 in
390 695 595 741 collegium
615 703 721 731 sum:
751 693 826 730 scd
843 702 913 731 cur
931 692 970 730 in
989 697 1138 731 unum?
1157 694 1441 733 consummavit
1460 694 1585 742 digni-

329 753 448 787 tatem
467 758 613 785 meam=
641 747 715 785 sed
733 747 967 796 patrimonio
987 747 1080 785 nihil
1093 749 1270 786 contulit.
1298 759 1346 787 ca
1364 749 1473 787 dedit
1491 749 1584 788 mihi

290 810 311 842 3
332 813 433 850 quae
450 802 623 840 debebat
640 801 756 840 alicui
778 802 885 840 dare.
920 802 970 840 de
987 812 1064 840 suo
1084 802 1176 840 nihil
1200 803 1370 851 protulit.
1407 804 1494 851 Age
1512 814 1583 852 po-

330 857 406 896 tius
424 857 572 904 gratias
593 867 665 905 pro
686 856 759 903 his,
790 866 892 904 quae
915 856 1117 905 accepisti.
1163 858 1316 905 reliqua
1336 863 1526 906 exspecta
1547 863 1586 897 et

329 911 504 951 nondum
522 912 681 960 plenum
701 921 793 949 esse
818 915 857 949 te
875 911 1016 958 gaude.
1056 911 1156 950 inter
1182 913 1409 977 voluptaees
1429 918 1491 951 est
1518 923 1583 951 su-

330 976 495 1016 peresse
515 966 623 1014 quod
643 975 796 1013 speres.
845 964 988 1003 Omnes
1007 965 1154 1004 vicisti:
1186 967 1351 1014 primum
1378 977 1470 1006 esse
1491 971 1527 1006 te
1546 967 1586 1005 in

328 1021 458 1058 animo
488 1020 603 1058 amici
627 1019 683 1057 tui
719 1020 877 1057 laetare.
931 1019 1041 1059 multi
1066 1025 1105 1058 te
1131 1021 1308 1059 vincunt:
1365 1021 1585 1068 considera,

330 1073 476 1123 quanto
495 1074 708 1113 antecedas
735 1075 871 1122 plures
892 1084 1009 1121 quam
1037 1076 1239 1122 sequaris.
1286 1076 1401 1123 Quod
1421 1077 1472 1115 sit
1489 1077 1528 1114 in
1547 1080 1586 1114 te

331 1129 463 1167 vitium
483 1129 695 1167 maximum
723 1129 910 1176 quaeris?
947 1129 1068 1166 falsas
1087 1129 1261 1169 rationes
1281 1131 1466 1169 conficis=
1495 1131 1587 1170 data

330 1194 472 1231 magno
491 1182 688 1230 aestimas,
707 1188 872 1231 accepta
891 1194 1027 1231 parvo.

292 1244 310 1275 l
407 1238 560 1276 XXXII.
589 1237 707 1275 Aliud
725 1237 765 1275 in
786 1237 861 1276 alio
881 1248 956 1276 nos
976 1238 1190 1277 deterreat:
1222 1239 1457 1287 quibusdam
1476 1237 1585 1278 time-

330 1303 441 1331 amus
467 1292 597 1340 irasci,
626 1292 863 1340 quibusdam
891 1302 1114 1340 vereamur,
1144 1293 1379 1341 quibusdam
1411 1294 1586 1332 fastidia-

329 1358 429 1385 mus.
483 1346 665 1395 Magnam
692 1356 775 1384 rem
803 1346 888 1388 sine
916 1347 1034 1385 dubio
1064 1348 1292 1394 fecerimus,
1324 1349 1358 1386 si
1385 1349 1586 1387 servulum

329 1401 523 1439 infelicem
543 1402 582 1438 in
599 1402 839 1448 ergastulum
857 1400 1091 1439 miserimus.
1121 1403 1215 1450 quid
1226 1413 1487 1451 properamus
1498 1414 1585 1441 ver-

329 1456 468 1494 berare
487 1455 628 1503 statim,
658 1466 771 1493 crura
799 1455 978 1504 protinus
1005 1457 1212 1504 frangere?
1248 1468 1325 1495 non
1347 1457 1489 1505 peribit
1513 1468 1585 1505 po-

290 1515 319 1552 2*
330 1515 452 1549 testas
470 1510 558 1557 ista,
579 1510 613 1548 si
633 1509 847 1548 differetur.
887 1510 979 1548 Sine
998 1510 1039 1548 id
1057 1515 1213 1558 tempus
1234 1512 1384 1558 veniat,
1410 1522 1488 1560 quo
1509 1512 1586 1560 ipsi

329 1565 554 1604 iubeamus:
574 1574 679 1603 nunc
699 1575 749 1602 ex
763 1565 928 1612 imperio
944 1565 1026 1602 irae
1041 1566 1261 1614 loquemur.
1298 1576 1385 1604 cum
1404 1566 1470 1605 illa
1479 1566 1584 1605 abie-

328 1620 387 1665 rit,
410 1624 499 1657 tunc
519 1619 750 1666 videbimus,
771 1624 916 1667 quanto
936 1620 1012 1657 ista
1031 1620 1079 1658 lis
1090 1621 1334 1658 aestimanda
1354 1621 1416 1659 sit.
1454 1621 1492 1658 in
1509 1621 1585 1659 hoc

331 1674 433 1712 enim
452 1673 667 1722 praecipue
686 1674 874 1712 fallimurx
913 1674 964 1711 ad
988 1675 1133 1713 ferrum
1152 1675 1343 1721 venimus,
1367 1675 1417 1712 ad
1437 1675 1583 1723 capita-

332 1729 382 1766 lia
399 1728 608 1777 supplicia,
630 1732 668 1765 et
682 1728 863 1775 vinculis,
892 1739 1063 1775 carcere,
1097 1730 1200 1767 fame
1230 1730 1474 1768 vindicamus
1501 1740 1584 1767 rem

290 1788 311 1822 3
330 1783 597 1830 castigandam
624 1781 759 1830 flagris
778 1783 1005 1821 levioribus.
1049 1783 1301 1831 ‚,Quomodo‚
1328 1784 1480 1832 inquiS‚
1507 1794 1583 1822 nos

331 1837 443 1875 iubes
463 1837 615 1883 intueri,
637 1848 755 1885 quam
775 1838 915 1885 omnia,
934 1848 1007 1886 per
1020 1848 1125 1886 quae
1143 1839 1246 1876 laedi
1265 1838 1479 1886 videamur,
1493 1839 1582 1888 ‚exi-

330 1902 418 1939 gua,
449 1892 602 1936 misera,
623 1891 789 1939 pueri-lia
809 1892 925 1930 sint.“
972 1892 1056 1940 Ego
1076 1902 1171 1931 vcro
1191 1893 1284 1931 nihil
1303 1893 1427 1940 magis
1448 1903 1583 1932 suase-

330 1946 403 1983 rim
419 1957 536 1994 quam
551 1955 706 1984 sumere
720 1947 915 1994 ingentem
932 1947 1101 1985 animum
1122 1952 1160 1986 et
1176 1947 1285 1994 haec,
1310 1953 1471 1995 propter
1481 1957 1583 1995 quae

331 2000 538 2047 litigamus,
556 2000 829 2047 discurrimus,
852 2001 1092 2046 anhelamus,
1119 2002 1252 2040 videre
1281 2012 1396 2049 quam
1424 2001 1584 2040 humilia

332 2058 370 2091 et
388 2054 539 2093 abiecta
558 2055 647 2101 sint,
675 2055 770 2093 nulli
791 2056 857 2104 qui
888 2056 1006 2094 altum
1031 2054 1214 2105 quiddam
1241 2061 1306 2094 aut
1332 2056 1583 2104 magnificum

333 2108 477 2157 cogitat
495 2110 756 2157 respicienda.

293 2171 312 2202 1
409 2162 578 2201 ΧΧΧΙΙΙ.
609 2164 719 2202 Circa
741 2163 947 2213 pecuniam
966 2163 1174 2212 plurimum
1191 2164 1482 2203 vociferationis
1501 2168 1581 2202 estz

333 2216 431 2255 haec
451 2217 535 2255 fora
556 2218 750 2267 defatigat,
778 2223 911 2267 patres
937 2219 1163 2266 liberosque
1190 2219 1402 2266 committit,
1430 2228 1582 2256 venena

333 2271 481 2319 miscet,
503 2271 655 2319 gladios
667 2279 744 2312 tam
756 2272 1056 2323 percussoribus
1077 2283 1194 2320 quam
1213 2272 1432 2321 legionibus
1453 2273 1579 2312 tradit.
