1624 2626
344 166 411 205 DE
442 164 730 204 CLEMENTIA
756 163 896 203 LIB.I.
925 167 1099 204 22--26-
1278 158 1362 201 297

83 268 158 307 ista
174 263 307 306 rabies
326 271 389 306 est
407 266 603 315 sanguine
617 266 796 315 gaudere
810 275 858 305 ac
872 264 1106 305 volneribus
1117 293 1128 314 ,
1149 267 1189 304 et
1201 261 1360 303 abiecto

81 322 240 364 homine
258 322 298 360 in
319 323 502 362 silvestre
521 321 666 361 animal
688 321 872 361 transire.

161 376 283 418 XXV.
313 378 415 426 Quid
443 377 547 417 enim
573 378 758 426 interest,
786 381 941 425 orote,
970 375 1224 425 Alexander,
1252 374 1358 414 leoni
1379 376 1400 410 1

78 433 362 486 Lysimachum
383 434 536 474 obicias
557 444 607 472 an
627 434 718 482 ipse
737 434 891 472 laceres
908 431 1096 471 dentibus
1115 433 1221 471 tuis?
1247 437 1360 471 tuum

80 501 127 531 os
157 494 237 537 est,
268 493 338 529 tua
363 490 431 529 illa
455 490 604 528 feritas.
654 488 684 528 O
705 499 825 538 quam
846 498 1018 538 cuperes
1039 487 1110 526 tibi
1130 486 1266 536 potius
1285 498 1360 526 un·

78 556 180 595 gues
210 555 324 593 esse,
353 544 424 584 tibi
449 544 592 584 rictum
614 545 724 584 illum
746 544 994 592 edendorum
1012 543 1359 592 hominum-capa-

79 605 194 641 cem?
240 601 327 640 Non
353 601 550 650 exigimus
580 605 680 648 ate,
709 604 754 640 ut
772 611 914 640 manus
935 600 1030 648 ista,
1062 599 1226 639 exitium
1246 598 1358 638 sami-

77 657 232 697 liarium
264 657 548 705 certissimum,
588 657 656 695 ulli
687 656 872 696 salutaris
902 656 978 704 sit,
1015 659 1060 694 ut
1092 655 1168 694 iste
1202 654 1358 694 animus

78 714 213 759 feroit,
243 711 467 752 insatiabile
495 713 671 761 gentium
697 713 863 760 malum,
893 711 991 751 citra
1010 711 1246 759 sanguinem
1268 721 1358 749 cae-

78 769 252 817 demque
281 768 463 808 satietur:
494 767 743 807 clementiam
769 778 893 815 voca,
922 768 990 806 ubi
1011 767 1063 805 ad
1092 766 1359 806 occidendum

77 824 249 863 amicum
277 824 456 863 carnifex
483 823 585 863 inter
613 824 796 863 homines
827 823 997 872 eligitur.
1044 822 1133 861 Hoc
1153 827 1215 862 est
1235 832 1360 872 quare
1380 823 1403 857 2

77 881 141 918 vel
170 879 343 918 maxime
367 878 637 918 abominanda
656 880 709 919 sit
727 878 913 927 saevitia,
946 878 1057 928 quod
1077 878 1239 918 excedit
1257 878 1360 917 fines

77 934 248 985 primum
275 934 438 984 solitos,
476 935 622 974 deinde
647 935 859 975 humanos.
901 945 1010 974 nova
1037 934 1239 983 supplicia
1265 944 1361 974 eon-

77 990 208 1041 quirit,
229 990 431 1040 ingenium
448 991 632 1038 advocat,
651 991 914 1030 instrumenta
929 989 1143 1038 excogitat,
1167 1000 1241 1039 per
1256 1000 1361 1039 quae

75 1046 251 1086 varietur
269 1051 392 1096 atque
419 1047 658 1086 extendatur
685 1047 820 1095 dolor,
848 1051 887 1085 et
907 1046 1124 1085 delectetur
1144 1045 1260 1085 malis
1286 1045 1357 1085 ho-

75 1103 237 1142 minum.
283 1103 392 1141 Tunc
419 1101 486 1141 ille
513 1102 623 1141 dirus
651 1102 772 1141 animi
791 1101 957 1140 morbus
977 1101 1028 1139 ad
1049 1100 1247 1140 insaniam
1266 1112 1357 1151 per·
1376 1099 1399 1134 3

74 1158 183 1198 venit
200 1156 395 1207 ultimam,
422 1167 513 1196 cum
534 1158 752 1196 crudelitas
772 1168 892 1196 versa
912 1162 974 1196 est
993 1156 1032 1195 in
1054 1158 1300 1206 voluptatem
1319 1162 1359 1197 et

74 1214 152 1254 iam
178 1212 366 1254 occidere
391 1213 594 1253 hominem
621 1214 750 1253 iuvat=
783 1224 876 1252 nam
903 1214 1021 1252 talem
1050 1213 1181 1251 virum
1200 1223 1225 1252 a
1243 1218 1358 1263 tergo

74 1269 255 1319 sequitur
281 1269 460 1317 eversio,
493 1269 606 1318 odia,
636 1279 813 1317 venena,
838 1269 973 1318 gladii.
999 1273 1080 1308 tam
1098 1269 1232 1308 multis
1252 1269 1358 1318 peri-

75 1325 177 1365 culis
191 1325 350 1375 petitur,
367 1335 488 1375 quam
502 1326 715 1365 multorum
730 1323 822 1374 ipse
836 1325 1059 1373 periculum
1076 1329 1149 1373 est,
1170 1325 1357 1374 privatis-

76 1391 155 1431 que
189 1391 490 1430 nonnumquam
525 1380 726 1430 consiliis,
764 1381 864 1419 alias
899 1391 996 1420 vero
1032 1381 1358 1420 consternatione

6 1477 22 1493 0
75 1436 235 1486 publica
250 1437 569 1476 circumvenitur.
592 1437 693 1476 levis
708 1437 815 1475 enim
831 1441 869 1475 et
884 1436 1042 1485 privata
1057 1436 1260 1485 pernicies
1276 1447 1358 1476 non

74 1496 180 1531 totas
199 1491 320 1531 urbes
341 1497 495 1532 movet:
525 1493 637 1541 quod
656 1494 734 1532 late
755 1494 888 1531 furere
910 1492 1045 1541 coepit
1063 1497 1103 1532 et
1123 1502 1264 1531 omnes
1288 1492 1355 1530 ad-

77 1547 183 1596 petit,
204 1548 384 1597 undique
405 1547 628 1597 configitur.
668 1548 888 1598 Serpentes
910 1548 1103 1597 parvulae
1122 1548 1263 1587 fallunt
1281 1557 1355 1586 nec
1372 1552 1396 1587 4

74 1603 235 1652 publice
250 1604 556 1653 conquiruntur:
575 1603 644 1643 ubi
660 1605 795 1654 aliqua
809 1603 967 1643 solitam
982 1614 1212 1642 mensuram
1227 1608 1355 1643 trans-

75 1659 119 1699 iit
145 1663 186 1698 et
211 1659 250 1697 in
277 1664 499 1698 monstrum
529 1655 728 1707 excrevit,
758 1659 827 1699 ubi
856 1660 988 1698 fontes
1021 1664 1120 1709 potu
1147 1658 1285 1698 infecit
1304 1663 1356 1708 et,

75 1715 109 1754 si
128 1714 314 1762 adflavit,
345 1714 476 1754 deurit
497 1715 742 1764 obteritque,
772 1725 1028 1765 quacumque
1056 1715 1243 1764 incessit,
1271 1715 1355 1754 bal—

73 1770 175 1810 listis
194 1771 351 1819 petitur.
394 1770 705 1810 Possuntverba
720 1771 818 1810 dare
832 1775 872 1810 et
887 1771 1061 1810 evadere
1076 1771 1224 1820 pusilla
1238 1771 1355 1819 mala,

72 1825 299 1875 ingentibus
341 1827 500 1866 obviam
539 1827 628 1865 itur.
684 1825 752 1865 Sic
783 1838 888 1871 unus
924 1837 1046 1875 aeger
1082 1837 1160 1866 nec
1193 1827 1397 1865 domums

74 1881 236 1931 quidem
265 1883 480 1932 perturbat.
527 1886 568 1921 at
591 1881 660 1920 ubi
688 1882 1061 1922 crebrismortibus
1090 1882 1355 1932 pestilentiam

72 1948 168 1977 esse
200 1938 406 1988 adparuit,
441 1936 704 1977 conclamatio
733 1938 903 1978 civitatis
930 1949 978 1977 ac
1009 1939 1107 1987 ,ruga
1135 1942 1198 1977 est
1225 1942 1265 1978 et
1290 1937 1355 1977 dis

72 1993 174 2043 ipsis
201 2005 343 2033 manus
373 1994 625 2032 intentantur.
669 1993 751 2032 Sub
781 2005 863 2033 uno
894 1994 1028 2043 aliquo
1057 1998 1163 2033 tecto
1192 1992 1356 2033 flamma

73 2050 282 2098 adparuit.
326 2049 474 2088 familia
500 2049 703 2098 vicinique
728 2061 876 2098 aquam
902 2049 1099 2098 ingerunt.
1146 2053 1187 2088 at
1216 2049 1352 2089 incen-

71 2105 181 2144 dium
199 2110 359 2145 vastum
378 2110 417 2145 et
438 2106 582 2144 multas
602 2105 682 2144 iam
701 2105 845 2145 domos
867 2105 1081 2154 depastum
1100 2109 1213 2155 parte
1237 2104 1350 2145 urbis

73 2161 262 2200 obruitur.

153 2216 292 2256 XXVI.
324 2217 601 2256 Crudelitatem
628 2216 875 2266 privatorum
896 2183 1065 2255 serviles
1086 2225 1249 2266 quoque
1268 2227 1350 2255 ma-
1370 2223 1390 2257 1

72 2282 148 2310 nus
183 2272 258 2311 sub
292 2278 400 2313 certo
429 2273 560 2312 crucis
589 2272 769 2320 periculo
797 2273 904 2311 ultae
932 2277 1050 2311 sunt=
1091 2276 1354 2323 tyrannorum

73 2332 213 2375 gentes
242 2329 466 2379 populique
493 2333 532 2368 et
559 2338 729 2379 quorum
758 2331 844 2368 erat
870 2328 1017 2368 malum
1046 2332 1086 2369 et
1111 2328 1170 2379 hi,
1205 2328 1353 2378 quibus
