1624 2626
727 330 771 399 ι.
796 328 976 382 Arium
1004 329 1222 384 SENECAE

527 426 1013 490 DIALOGORUM
1048 428 1266 491 LIBER
1303 428 1433 491 vul.

837 541 894 571 AD
920 539 1112 573 SERENUM

883 615 939 658 llll
960 616 1078 661 0'1'10.

317 792 333 824 1
431 779 462 817 1.
492 782 577 826 [28.]
605 777 740 802 ******
770 790 839 817 cur
865 779 980 818 nobis
1006 790 1148 828 magno
1169 790 1370 820 consensu
1386 781 1479 820 vitia
1497 790 1602 819 com-

351 834 561 873 mendant?
594 833 685 872 licet
702 834 795 871 nihil
815 833 921 872 aliud
933 864 942 882 ‚
963 835 1070 883 quod
1087 836 1139 873 sit
1157 836 1338 883 salutare,
1355 840 1602 884 temptemus,

351 889 527 937 proderit
553 893 682 926 tamen
710 898 781 936 per
807 899 853 926 se
872 889 1002 936 ipsum
1021 890 1228 928 secedere:
1255 890 1438 929 meliores
1459 890 1602 929 erimus

352 943 505 991 singuli.
540 943 652 991 quid,
673 943 781 991 quod
800 943 988 981 secedere
1007 944 1058 981 ad
1079 945 1247 992 optimos
1266 945 1372 984 vlros
1389 949 1427 982 et
1445 945 1604 992 aliquod

352 999 571 1059 exemplum
592 997 753 1044 eligere,
775 997 826 1034 ad
845 998 953 1044 quod
972 998 1090 1035 vitam
1109 998 1333 1046 dirigamus,
1353 999 1469 1038 licet?
1497 999 1604 1047 quod

350 1052 426 1090 nisi
454 1052 532 1090 otio
559 1062 639 1089 non
643 1021 718 1088 t'fit
755 1055 847 1088 tune
875 1056 1008 1098 potest
1034 1052 1208 1090 obtinere
1238 1054 1345 1101 quod
1372 1055 1492 1091 semel
1524 1055 1602 1100 pla-

352 1107 448 1153 cuit,
476 1105 544 1144 ubi
561 1116 676 1144 nemo
695 1105 919 1152 intervenit,
949 1105 1014 1153 qui
1032 1106 1216 1144 iudicium
1235 1108 1364 1146 adhuc
1383 1107 1605 1146 inbecillum

351 1161 500 1208 populo
519 1160 696 1198 adiutore
725 1160 968 1206 detorqueat.
1007 1165 1099 1198 tune
1126 1166 1258 1208 potest
1286 1161 1367 1200 vita
1387 1162 1542 1209 aequali
1568 1167 1606 1199 et

351 1226 430 1253 uno
466 1218 603 1254 tenore
637 1214 871 1262 procedere,
919 1225 1035 1262 quam
1073 1215 1288 1262 propositis
1325 1215 1605 1254 diversissimis

276 1311 278 1314 ,
316 1277 336 1310 2
353 1268 581 1308 scindimus.
626 1268 723 1307 Nam
753 1269 854 1306 inter
879 1274 1010 1307 cetera
1038 1270 1142 1307 mala
1166 1270 1263 1308 illud
1290 1270 1506 1318 pessimum
1533 1276 1603 1315 est,

352 1325 459 1373 quod
480 1324 574 1362 vitia
591 1322 681 1371 ipsa
705 1327 912 1361 mutamus.
950 1323 1007 1362 sic
1024 1333 1074 1361 ne
1098 1323 1174 1362 hoe
1203 1324 1360 1372 quidem
1378 1325 1492 1363 nobis
1513 1334 1604 1363 con-

351 1378 464 1426 tingit
482 1387 712 1426 permanere
732 1378 770 1415 in
789 1379 891 1416 malo
912 1377 988 1415 iam
1009 1377 1200 1416 familiari.
1233 1379 1338 1417 aliud
1359 1389 1409 1417 ex
1428 1379 1503 1417 alio
1523 1379 1604 1426 pla-

353 1438 416 1471 cet
440 1438 637 1480 vexatque
664 1442 738 1471 nos
765 1431 840 1470 hoe
869 1442 1046 1479 quoque,
1077 1433 1185 1479 quod
1211 1433 1353 1471 1udicia
1371 1438 1506 1471 nostra
1527 1443 1605 1471 non

351 1492 500 1526 tantum
518 1497 659 1536 prava,
687 1487 759 1524 sed
778 1487 892 1524 etiam
916 1487 1018 1524 levia
1036 1491 1138 1524 sunt.
1167 1485 1402 1526 fluctuamus
1422 1487 1606 1535 aliudque

354 1552 404 1579 ex
424 1542 500 1580 alio
520 1541 889 1589 conprehendimus.
917 1541 1036 1588 petita
1053 1540 1321 1589 relinquimus,
1340 1542 1474 1580 relicta
1492 1551 1604 1589 repe-

317 1598 481 1639 3timus.
519 1596 705 1634 Alternae
730 1596 830 1633 inter
857 1595 1107 1643 cupiditatem
1137 1601 1310 1634 nostram
1338 1600 1377 1634 et
1403 1595 1604 1644 poeniten-

352 1651 442 1689 tiam
468 1650 576 1688 vices
604 1654 706 1688 sunt.
743 1650 961 1698 pendemus
984 1650 1086 1687 enim
1108 1650 1181 1689 toti
1211 1661 1261 1688 ex
1289 1650 1426 1689 alienis
1451 1650 1605 1688 iudiciis

354 1710 392 1743 et
408 1705 448 1743 id
468 1705 654 1753 optimum
679 1704 795 1743 nobis
816 1705 986 1752 videtur,
1017 1705 1123 1752 quod
1151 1706 1336 1752 petitores
1361 1704 1624 1743 laudatores-1

356 1769 434 1807 que
451 1760 595 1797 multos
614 1758 748 1806 habet,
774 1769 854 1797 non
872 1758 913 1796 id
932 1759 1039 1807 quod
1059 1759 1298 1797 laudandum
1317 1759 1622 1806 petendumque]

354 1819 426 1852 est.
459 1823 534 1851 nee
553 1813 656 1851 viam
681 1813 824 1852 bonam
845 1823 892 1851 ae
916 1814 1057 1852 malam
1085 1823 1154 1861 per
1172 1823 1217 1851 se
1236 1812 1506 1859 aestimamus,
1533 1814 1621 1852 sed*

318 1875 340 1907 4
354 1868 467 1906 turba
484 1867 748 1929 vestigiorum,
767 1868 807 1905 in
828 1868 970 1915 quibus
987 1868 1093 1907 nulla
1107 1872 1196 1907 sunt
1209 1867 1462 1906 redeuntium.
1488 1868 1619 1906 Dices

355 1922 464 1960 mihi.
506 1952 528 1970 ‚‚
520 1923 627 1970 ‚quid
653 1921 739 1970 agis
767 1922 945 1961 Senecae
984 1923 1134 1961 deseris
1162 1925 1320 1970 partes?
1355 1928 1460 1961 certe
1484 1922 1604 1961 Sto1ei
1616 1931 1624 1968 J

356 1977 479 2015 nostri
506 1977 656 2016 dieunt:
683 1987 812 2025 usque
838 1979 890 2016 ad
915 1977 1090 2016 ultimum
1105 1976 1209 2014 vitae
1226 1976 1373 2014 finem
1363 1987 1402 2014 1n
1423 1981 1512 2015 actu
1532 1977 1605 2017 eri·
1615 1973 1624 2020 J

356 2041 465 2078 mus,
493 2042 572 2070 non
591 2032 815 2070 desinemus
835 2032 1027 2071 communi
1051 2031 1154 2069 bono
1176 2040 1353 2091 operam
1351 2031 1471 2077 dare,
1494 2030 1603 2071 adiu·
1614 2043 1620 2085 J

356 2095 451 2123 vare
473 2086 660 2134 singulos,
681 2096 795 2134 opem
816 2087 917 2125 ferre
933 2086 1046 2125 etiam
1063 2083 1226 2123 inimicis
1245 2087 1357 2124 senili
1371 2095 1500 2123 manu.
1529 2077 1619 2137 nosJ

358 2149 514 2187 sumus,
548 2141 614 2188 qui
638 2141 754 2179 nullis
781 2143 893 2180 annis
922 2140 1161 2179 vacationem
1189 2139 1327 2178 damus
1355 2144 1393 2178 et
1418 2140 1525 2187 quod
1552 2121 1617 2207 aitJ

357 2193 422 2230 ille
438 2192 498 2231 vir
519 2195 810 2243 disertissimus

710 2251 889 2289 canitiem
901 2251 1016 2297 §alea
1029 2250 1247 2296 premimus.
1608 2275 1614 2320 J

359 2311 434 2340 nos
456 2312 608 2352 sumus,
638 2304 742 2353 apud
763 2315 863 2353 quos
882 2313 1007 2352 usque
1027 2313 1074 2341 eo
1095 2302 1187 2340 nihil
1207 2307 1295 2342 ante
1313 2306 1477 2342 mortem
1507 2299 1613 2342 otio-¹
1608 2294 1618 2358 J

1597 2360 1624 2436 JJ

1607 2465 1610 2487 J

1605 2490 1609 2573 J

1600 2582 1615 2626 J}
