1592 2580
291 172 372 213 316
649 174 691 211 L.
720 174 909 212 ANNAEI
939 174 1162 213 SENECAE

292 272 424 310 diores
453 281 544 309 esse
572 271 736 317 debere,
768 283 884 320 quam
912 282 1000 310 cum
1029 273 1079 310 de
1099 273 1158 311 dis
1182 274 1320 321 agitur.
1368 273 1409 312 Si
1429 274 1544 313 intra-
1581 288 1592 322 ’,

290 337 376 363 mus
397 326 542 373 templa
561 325 775 374 conpositi,
807 327 840 364 si
862 327 912 364 ad
932 326 1166 365 sacrificium
1183 329 1384 366 accessuri
1400 330 1546 367 voltum
1587 323 1592 363 ¹.

290 380 570 426 submittimus,
601 385 731 427 togam
752 381 1006 428 adducimus,
1033 381 1067 419 si
1086 382 1123 419 in
1145 391 1258 420 omne
1277 388 1546 430 argumentum

289 433 508 472 modestiae
535 434 737 482 fingimur:
767 440 913 482 quanto
942 435 1017 474 hoc
1045 435 1168 484 magis
1193 437 1322 475 facere
1343 437 1545 486 debemus,

290 499 379 527 cum
408 489 456 526 de
485 486 701 535 sideribus,
732 490 782 527 de
809 501 943 527 eorum
974 495 1127 536 natura,
1158 491 1206 528 de
1227 491 1348 529 stellis
1372 492 1546 540 disputa-

289 554 389 589 mus,
413 553 462 580 ne
484 543 577 591 quid
596 549 752 591 temere,
778 555 827 581 ne
847 544 941 592 quid
962 545 1216 592 inprudenter
1235 549 1302 582 aut
1322 546 1546 593 ignorantes

253 598 542 636 2adfirmemus
570 604 637 636 aut
670 599 839 637 scientes
872 599 1134 637 mentiamur?
1185 600 1279 637 Nec
1320 601 1548 639 miremur

289 657 385 691 tam
414 653 551 690 tarde
581 652 708 698 erui,
740 664 864 700 quae
893 658 985 691 tam
1016 654 1112 691 alte
1141 654 1316 692 iacent.
1362 654 1545 693 Panaetio

290 712 329 745 et
358 707 438 752 his,
471 707 536 754 qui
566 707 689 744 videri
716 709 852 746 volunt
880 714 1057 747 cometen
1089 719 1166 746 non
1194 718 1285 746 esse
1309 708 1548 747 ordinarium

291 761 402 799 sidus
432 761 503 798 sed
532 761 670 799 salsam
702 762 844 800 sideris
877 763 1035 807 faciem,
1074 763 1278 810 diligenter
1303 764 1548 802 tractandum

290 821 368 861 est,
390 826 440 853 an
460 825 587 863 aeque
608 817 734 854 omnis
757 828 848 864 pars
868 817 957 854 anni
979 817 1142 855 edendis
1166 818 1327 855 cometis
1343 818 1439 856 satis
1455 823 1547 866 apta

290 870 356 917 sit,
377 881 426 907 an
447 870 574 907 omnis
596 872 694 908 coeli
715 871 823 919 regio
842 872 1004 918 idonea,
1025 873 1062 909 in
1080 883 1157 920 qua
1173 876 1363 917 creentur,
1385 883 1433 909 an
1453 883 1546 920 qua—

290 934 459 972 cumque
484 921 560 971 ire,
597 925 650 962 ibi
677 926 791 963 etiam
820 926 975 973 concipi
1003 927 1173 974 possint,
1204 931 1242 964 et
1265 931 1412 973 cetera,
1444 937 1546 974 quae

290 979 474 1017 universa
490 981 688 1026 tolluntur,
713 991 799 1018 cum
816 981 904 1019 dico
922 981 1008 1019 illos
1026 992 1101 1019 non
1119 980 1298 1019 fortuitos
1315 991 1406 1018 esse
1422 981 1545 1028 ignes,

289 1034 362 1071 sed
384 1033 554 1072 intextos
575 1035 740 1082 mundo,
771 1046 873 1082 quos
895 1047 972 1073 non
994 1037 1217 1083 frequenter
1238 1036 1386 1083 educit,
1415 1036 1487 1073 sed
1507 1035 1545 1072 in

251 1089 442 1128 3occult0
471 1094 632 1127 movet.·
665 1089 786 1135 Quam
814 1091 933 1127 multa
960 1096 1114 1138 praeter
1140 1090 1214 1128 hos
1249 1100 1319 1138 per
1351 1094 1546 1128 secretum

288 1148 381 1180 eunt
395 1154 607 1189 numquam
623 1143 801 1182 humanis
818 1145 942 1182 oculis
956 1145 1146 1183 orientia?
1165 1154 1293 1191 neque
1303 1144 1404 1181 enim
1416 1145 1546 1183 omnia

288 1197 387 1235 deus
409 1197 555 1235 homini
575 1198 676 1235 fecit.
721 1198 845 1245 Quota
866 1209 957 1245 pars
979 1200 1109 1246 operis
1133 1199 1223 1236 tanti
1240 1199 1354 1236 nobis
1371 1199 1542 1243 commit-

288 1251 403 1289 titur?
440 1251 527 1299 ipse
556 1252 622 1299 qui
649 1253 721 1290 ista
750 1257 904 1299 tractat,
932 1254 997 1300 qui
1018 1253 1210 1299 condidit,
1241 1252 1308 1300 qui
1326 1257 1448 1291 totum
1468 1253 1545 1291 hoc

287 1305 464 1344 fundavit
487 1306 673 1353 deditque
693 1307 797 1345 clrca
816 1317 880 1353 se,
909 1308 1032 1345 maior
1053 1319 1144 1355 pars
1165 1306 1226 1344 sui
1247 1307 1378 1354 operis
1398 1317 1445 1344 ac
1464 1317 1543 1345 me-

250 1365 271 1398 4
287 1360 369 1407 lior,
392 1359 526 1407 effugit
545 1361 682 1398 oculos
695 1391 704 1406 ,
725 1362 959 1409 cogitatione
976 1362 1164 1399 visendus
1182 1366 1253 1399 est.
1295 1361 1416 1399 Multa
1430 1371 1542 1409 prae-

289 1420 394 1453 terea
413 1419 580 1462 cognata
599 1415 746 1453 numini
766 1426 918 1454 summo
939 1421 978 1454 et
995 1417 1161 1454 vicinam
1182 1416 1318 1454 sortita
1333 1415 1544 1463 potentiam

287 1469 458 1508 obscura
485 1474 586 1507 sunt.
620 1474 688 1507 aut
714 1472 901 1515 sortasse,
933 1471 1041 1518 quod
1060 1469 1185 1517 magis
1205 1471 1374 1517 mireris,
1404 1471 1542 1510 oculos

287 1529 444 1562 nostros
472 1528 510 1561 et
535 1525 684 1572 inplent
710 1530 747 1562 et
774 1525 984 1572 effugiunt,
1018 1526 1103 1563 sive
1127 1525 1202 1562 illis
1223 1530 1328 1562 tanta
1350 1525 1541 1563 subtilitas

286 1584 365 1625 est,
397 1583 580 1626 quantam
600 1579 791 1627 consequi
812 1580 918 1617 acies
940 1579 1108 1617 humana
1125 1590 1204 1617 non
1227 1580 1371 1627 possit,
1400 1580 1484 1617 sive
1503 1579 1543 1616 in

287 1634 483 1671 sanctiore
503 1643 668 1671 secessu
687 1634 870 1672 maiestas
890 1638 998 1672 tanta
1018 1634 1166 1672 delituit
1181 1639 1218 1672 et
1234 1644 1397 1681 regnum
1414 1645 1540 1681 suum,

286 1687 326 1725 id
354 1693 414 1726 est
441 1698 485 1725 se
512 1688 612 1735 regit
638 1698 710 1725 nec
736 1689 802 1726 ulli
830 1689 978 1726 aditum
1007 1689 1073 1726 dat
1090 1688 1167 1726 nisi
1186 1688 1326 1726 animo.
1374 1688 1472 1735 Quid
1492 1689 1543 1726 sit

285 1742 379 1788 hoc,
419 1742 504 1780 sine
534 1753 613 1789 quo
641 1742 734 1780 nihil
759 1747 840 1790 est,
872 1743 972 1781 scire
1000 1754 1078 1781 non
1108 1742 1539 1790 possumusz'etmira-

284 1807 388 1844 mur,
419 1797 451 1834 si
481 1807 581 1843 quos
617 1796 809 1844 igniculos
842 1808 980 1844 parurn
1013 1797 1216 1842 novimus,
1255 1808 1339 1835 cum
1372 1797 1540 1834 maxima

247 1859 267 1890 5
284 1862 376 1899 pars
406 1850 539 1888 mundi
568 1851 666 1889 deus
696 1852 836 1890 lateat?
881 1851 1002 1898 Quam
1030 1853 1149 1890 multa
1168 1851 1349 1889 animalia
1367 1851 1442 1888 hoc
1462 1850 1538 1897 pri-

284 1916 388 1944 mum
416 1905 675 1952 cognovimus
702 1906 858 1944 seculo!
902 1917 1018 1954 quam
1045 1907 1165 1944 multa
1191 1906 1348 1953 negotia
1380 1915 1428 1942 ne
1463 1904 1539 1943 hoc

284 1960 462 2008 quidem!
495 1960 615 1998 Multa
636 1961 826 1998 venientis
847 1961 934 1998 aevi
954 1962 1125 2009 populus
1145 1960 1276 2007 ignota
1295 1959 1407 1998 nobis
1428 1959 1537 1997 sciet.

281 2015 400 2052 multa
416 2015 561 2052 seculis
577 2020 667 2052 tunc
684 2015 823 2052 suturis
834 2045 843 2062 ,
866 2026 953 2053 cum
971 2015 1158 2053 memoria
1173 2015 1294 2054 nostri
1311 2013 1536 2059 exoleverit,

282 2073 546 2106 reservantur.
591 2068 736 2107 Pusilla
764 2079 828 2107 res
855 2071 1025 2108 mundus
1053 2074 1129 2115 est,
1160 2068 1236 2107 nisi
1257 2069 1292 2106 in
1313 2069 1397 2113 illo,
1429 2068 1537 2115 quod

245 2127 266 2160 6
283 2128 457 2170 quaerat,
484 2122 611 2161 omnis
635 2124 804 2161 mundus
827 2124 980 2162 habeat.
1013 2125 1097 2162 Non
1111 2125 1239 2170 semel
1260 2120 1453 2170 quaedam
1473 2132 1535 2159 sa-

282 2187 348 2214 cra
374 2177 589 2215 traduntur.
639 2178 799 2216 Eleusin
826 2183 976 2225 servat,
1015 2178 1123 2226 quod
1150 2177 1331 2216 ostendat
1359 2177 1535 2214 revisen-

280 2231 406 2269 tibus:
434 2242 564 2270 rerum
584 2237 723 2271 natura
742 2243 855 2271 sacra
874 2243 947 2271 sua
966 2244 1042 2271 non
1063 2232 1184 2271 semel
1203 2232 1330 2270 tradit.
1366 2231 1535 2281 initiatos

280 2294 354 2323 nos
382 2287 599 2325 credimus:
635 2288 673 2324 in
703 2286 896 2326 vestibulo
925 2286 1010 2326 eius
1038 2287 1258 2325 haeremus.
1303 2285 1369 2324 illa
1392 2295 1535 2325 arcana
