1592 2580
288 202 366 243 174
650 201 692 239 L.
718 200 907 239 ANNAEI
933 199 1156 247 SENECAE

286 307 433 355 tantuin
463 300 564 349 parti
591 299 752 340 nubium
778 299 1014 346 adfunditur,
1050 308 1262 346 numquam
1291 303 1394 336 terra
1428 302 1540 335 tenus

243 359 264 391 3
287 356 503 394 descendet
518 360 653 394 arcus=
683 353 793 401 atqui
806 364 936 402 usque
952 355 989 392 in
1000 353 1164 392 »humum
1181 352 1391 390 dimittitur.
1428 351 1542 389 Prae-

286 416 393 448 terea
419 421 634 458 numquam
652 420 730 447 non
751 413 887 446 contra
906 410 1029 447 solem
1050 418 1165 445 arcus
1187 412 1258 445 est.
1298 406 1393 444 nihil
1414 411 1542 444 autem

286 465 337 502 ad
357 475 438 502 rem
456 464 641 512 pertinet,
662 473 785 511 supra
802 463 952 500 infrave
967 462 1035 510 sit,
1057 462 1149 510 quia
1162 466 1304 508 totum,
1325 460 1430 508 quod
1448 470 1541 498 eon-

286 525 344 557 tra
364 524 443 565 est,
466 519 568 557 latus
589 519 829 556 verberatur.
876 517 1026 556 Deinde
1045 516 1256 564 aliquando
1274 525 1408 553 arcum
1425 519 1463 552 et
1478 525 1542 552 oc-

287 574 424 612 cidens
446 572 550 611 facit.
588 577 680 610 tunc
701 577 806 610 certe
827 582 877 609 ex
895 570 1069 610 inferiori
1088 575 1197 618 parte
1216 570 1342 607 nubes
1362 569 1450 606 ferit
1467 573 1543 606 ter-

287 629 341 666 ris
370 628 639 676 propinquus=
668 625 776 674 atqui
795 631 833 664 et
856 631 946 664 tune
965 625 1122 663 dimidia
1143 635 1233 672 pars
1257 629 1334 669 est,
1365 623 1543 671 quamvis

246 687 269 721 4
288 683 413 721 solem
441 682 567 720 nubes
588 692 639 719 ex
659 681 794 718 humili
812 685 851 718 et
869 680 1030 718 sordido
1051 679 1257 726 accipiant.
1301 678 1450 724 Nostri,
1479 677 1543 725 qui

288 736 347 775 sic
372 737 411 774 in
440 736 562 783 nube,
601 735 804 784 quomodo
830 735 869 772 in
897 735 1060 782 speculo
1092 735 1221 771 lumen
1253 733 1390 770 volunt
1419 731 1543 776 reddi,

288 791 432 829 nubem
462 801 598 828 cavam
627 790 773 828 faciunt
799 794 838 827 et
863 793 996 827 sectae
1017 789 1120 836 pilae
1144 792 1311 835 partem,
1344 797 1447 834 quae
1466 796 1544 824 non

290 849 422 893 potest
447 849 573 884 totum
600 844 736 882 orbem
760 843 950 890 reddere,
986 842 1078 891 quia
1107 842 1195 889 ipsa
1223 851 1315 889 pars
1344 840 1451 879 orbis
1471 843 1544 878 est.

287 896 499 948 Proposito
529 899 698 944 accedo,
730 903 1065 946 argumento-non
1087 897 1303 934 consentio.
1341 906 1431 933 nam
1451 894 1484 932 si
1506 894 1544 931 in

291 965 468 993 concavo
497 954 660 1001 speculo
680 957 763 990 tota
784 952 904 990 facies
925 951 1100 999 oppositi
1116 950 1223 988 orbis
1241 949 1479 998 exprimitur,
1508 953 1547 986 et

249 1020 270 1052 5
290 1009 328 1047 in
353 1007 550 1047 semiorbe
573 1008 667 1045 nihil
690 1006 870 1055 prohibet
890 1011 1010 1045 totam
1033 1004 1186 1053 adspici
1202 1005 1330 1053 pilam.
1379 1004 1544 1051 „Etiam—

290 1074 394 1102 nunc
415 1063 585 1101 diximus
603 1062 776 1100 eirculos
796 1062 989 1109 adparere
1009 1060 1298 1107 soli-lunaeque
1316 1059 1355 1096 in
1371 1057 1544 1096 similitu—

290 1118 420 1156 dinem
440 1127 555 1155 arcus
576 1116 858 1154 circumdatos:
889 1114 1093 1163 quare'il-le
1113 1114 1282 1151 circulus
1303 1111 1483 1160 iungitur,
1508 1117 1546 1150 et

290 1171 327 1209 in
350 1182 444 1209 arcu
463 1174 704 1219 numquam?
732 1170 875 1208 deinde
897 1179 1018 1217 quare
1033 1178 1190 1215 semper
1205 1177 1405 1205 concavae
1420 1167 1545 1204 nubes

291 1227 415 1265 solem
436 1225 660 1272 accipiunt,
672 1235 750 1262 non
767 1223 981 1272 aliquando
1000 1224 1138 1271 planae
1155 1226 1193 1260 et
1208 1220 1482 1260 tumentes‘e“*
1494 1220 1513 1242 *
1525 1219 1544 1243 *

249 1287 271 1321 6
370 1280 605 1318 Aristoteles
636 1279 692 1316 ait·
711 1283 804 1326 post
822 1279 1044 1316 autumnale
1064 1275 1354 1324 aequinoctium
1375 1273 1547 1323 qualibet

291 1335 388 1373 hora
409 1333 488 1371 diei
507 1343 642 1371 areum
659 1333 763 1379 fieri,
787 1337 936 1370 aestate
956 1343 1033 1370 non
1054 1330 1140 1369 fieri
1157 1330 1233 1368 nisi
1253 1335 1319 1368 aut
1337 1330 1546 1377 incipiente

290 1394 358 1427 aut
377 1389 560 1426 inclinato
581 1388 656 1426 die.
689 1387 800 1425 cuius
820 1387 877 1423 rei
897 1397 1019 1424 causa
1033 1384 1240 1423 manifesta
1255 1389 1334 1422 est:
1366 1384 1542 1431 primum,

292 1444 385 1492 quia
403 1442 534 1480 media
554 1442 632 1480 diei
653 1446 763 1490 parte
783 1441 844 1479 sol
864 1440 1127 1478 calidissimus
1149 1439 1272 1477 nubes
1293 1438 1447 1482 evincit,
1473 1445 1547 1474 nec

291 1502 423 1546 potest
449 1497 656 1545 imaginem
683 1506 794 1534 suam
816 1495 865 1533 ab
884 1495 947 1532 his
964 1495 1177 1542 recipere,
1193 1504 1293 1541 quas
1313 1492 1467 1531 scindit.
1509 1495 1548 1528 at

291 1552 477 1590 matutino
504 1556 682 1599 tempore
710 1554 778 1588 aut
802 1550 1239 1597 vergens-in'occasum
1261 1547 1388 1586 minus
1408 1546 1547 1583 virium

251 1612 270 1647 7
291 1607 427 1651 habet,
450 1606 540 1644 ideo
568 1616 592 1643 a
619 1604 789 1643 nubibus
810 1603 995 1642 sustineri
1013 1607 1052 1641 et
1069 1601 1266 1650 repercuti
1286 1605 1426 1649 potest.
1471 1600 1544 1638 De—

291 1661 384 1699 inde
415 1671 503 1698 cum
532 1671 662 1698 arcum
693 1660 823 1697 facere
849 1670 927 1697 non
949 1659 1075 1696 soleat
1093 1654 1477 1698 nisiadversushis,
1507 1653 1546 1690 in

293 1715 439 1763 quibus
459 1714 568 1760 facit,
596 1713 786 1760 nubibuS,
818 1724 903 1751 cum
923 1712 1126 1750 breviores
1141 1711 1231 1749 'dies
1253 1714 1361 1756 sunt,
1389 1717 1546 1754 semper

293 1770 478 1817 obliquus
500 1772 571 1806 est.
600 1769 732 1816 itaque
753 1767 925 1815 qualibet
944 1767 1170 1814 dieiparte,
1200 1765 1313 1803 etiam
1333 1774 1423 1802 cum
1441 1762 1544 1801 alt-is—

293 1824 416 1863 simus
444 1828 524 1869 est,
548 1822 667 1860 habet
693 1822 845 1870 aliquas
875 1821 1018 1868 nubes,
1048 1831 1147 1868 quas
1168 1829 1218 1857 ex
1237 1819 1409 1858 adverso
1430 1817 1545 1855 ferIre

293 1879 434 1926 possit.
479 1882 518 1915 at
548 1876 790 1924 temporibus
820 1876 978 1914 aestivis
1007 1885 1129 1922 supra
1156 1879 1335 1912 nostrum
1360 1870 1545 1910 verticem

295 1933 416 1971 fertur
445 1931 618 1979 ideoque
641 1930 774 1968 medio
803 1930 867 1968 die
894 1929 1199 1968 excelsissimus>
1220 1933 1344 1966 terras
1367 1925 1545 1963 :rectiore

295 1986 465 2035 adspicit
493 1986 620 2032 linea,
659 1995 775 2033 quam
807 1984 973 2022 utullis
1007 1983 1174 2022 nubibus
1213 1981 1340 2030 possit
1370 1979 1543 2018 occurri:

297 2052 435 2080 omnes
455 2040 648 2078 enim-sub
670 2049 714 2076 se
733 2044 823 2076 tunc
843 2038 972 2077 habet.

257 2104 277 2137 1
376 2096 440 2133 IX.
485 2095 618 2133 Nune
648 2094 705 2131 de
731 2093 890 2140 virgis
920 2092 1180 2130 dicendum
1209 2094 1304 2136 est,
1341 2099 1441 2136 quas
1466 2098 1543 2126 non

297 2152 425 2188 minus
446 2150 572 2197 pictas
584 2147 794 2196 variasque
810 2152 848 2184 et
866 2157 992 2194 aeque
1013 2145 1227 2194 pluviarum
1243 2145 1355 2191 signa
1370 2144 1544 2181 solemus

299 2205 492 2252 accipere.
529 2204 567 2241 in
595 2203 847 2251 quibus·non
871 2201 1032 2238 multum
1062 2208 1206 2248 operae
1237 2197 1545 2236 consumendum

297 2263 377 2304 est,
406 2257 497 2306 quia
525 2258 657 2305 virgae
683 2256 780 2295 nih-il-
804 2255 907 2293 aliud
934 2259 1024 2293 sunt
1044 2264 1160 2302 quam
1190 2253 1393 2300 inperfecti
1416 2257 1542 2289 arcus.

298 2323 385 2351 nam
408 2313 528 2351 facies
543 2312 617 2350 illis
635 2308 1002 2360 quidem-estpicta,
1025 2309 1094 2347 sed
1112 2307 1202 2346 nihil
1220 2307 1368 2347 curvati
1382 2305 1542 2345 habent:
