1624 2626
286 199 367 240 250
525 199 568 236 L.
599 196 787 236 ANNAEI
813 197 1040 238 SENECAE
1066 198 1197 237 DIAL.
1223 199 1305 238 XlI.
1488 201 1513 226 Φ

285 311 408 347 mum,
432 310 508 338 non
525 298 651 346 magis
669 308 784 346 quam
799 297 904 336 ullus
921 296 1090 336 sufficiet
1103 297 1242 336 humor
1256 298 1307 336 ad
1322 297 1541 338 satiandum

287 366 396 401 eum,
427 353 540 392 cuius
569 352 810 391 desiderium
837 362 917 391 non
940 362 990 390 ex
1009 351 1161 400 inopia,
1191 353 1262 391 sed
1283 363 1332 390 ex
1351 358 1460 391 aestu
1480 364 1540 391 ar-

288 409 462 448 dentium
482 409 679 446 viscerum
699 408 833 446 oritur.
863 417 941 445 non
961 405 1064 445 enim
1083 407 1166 445 sitis
1187 407 1270 455 illa,
1293 407 1365 445 sed
1379 408 1541 446 morbus

249 465 360 503 4est.
405 464 501 502 Nee
528 462 620 500 hoc
647 462 693 500 in
720 461 933 510 pecunia
957 465 1141 500 tantum
1176 465 1258 499 aut
1291 461 1541 500 alimentis

288 518 476 557 evenit:
514 516 683 555 eadem
714 521 893 554 natura
923 520 998 554 est
1029 517 1075 553 in
1109 516 1237 554 omni
1266 516 1542 564 desiderio,

289 573 420 621 quod
448 571 590 610 modo
619 582 715 609 non
742 581 803 608 ex
830 569 1021 619 inopia,
1049 570 1140 608 sed
1158 580 1217 608 ex
1235 570 1357 608 vitio
1377 570 1542 608 nasci-

288 632 379 666 tur.
421 626 611 675 quicquid
634 626 687 664 illi
707 625 979 672 congesseris,
1007 635 1086 663 non
1106 624 1195 663 finis
1215 624 1287 662 erit
1306 623 1542 673 cupiditatis,

289 682 361 720 sed
391 681 552 730 gradus.
607 679 680 731 Qui
708 679 922 718 continebit
952 679 1085 728 itaque
1118 689 1163 717 se
1195 679 1296 717 intra
1328 679 1544 718 naturalem

288 737 468 784 modum,
496 739 769 784 paupertatem
788 745 866 773 non
883 734 1041 773 sentiet:
1073 734 1139 782 qul
1155 734 1369 772 naturalem
1384 734 1542 771 modum

289 791 463 837 excedit,
490 799 579 828 eum
599 790 637 827 in
658 790 820 828 summis
836 794 996 838 quoque
1012 789 1154 837 opibus
1173 792 1386 836 paupertas
1401 798 1543 836 seque-

288 850 361 883 tur.
406 844 652 884 Necessariis
679 844 801 883 rebus
829 849 869 883 et
893 843 1011 882 exilia
1038 842 1257 889 sufficiunt,
1286 842 1545 890 supervacuis

252 898 273 932 5
290 909 364 938 nec
392 909 527 948 regna.
574 898 741 937 Animus
771 899 949 947 est,·qui
976 897 1118 936 divites
1146 897 1248 935 facit.
1283 896 1347 934 hie
1368 896 1407 934 in
1428 896 1546 934 exilia

290 955 469 1002 sequitur
497 957 536 992 et
569 954 607 991 in
635 953 919 992 solitudinibus>
944 951 1194 1001 asperrimi&
1232 961 1321 989 cum
1357 956 1546 999 quantum

291 1009 387 1048 satis
407 1013 468 1047 est
483 1004 890 1056 sustinendocorpori
906 1006 1071 1054 invenit,
1092 1007 1179 1054 ipse
1193 1005 1309 1043 bonis
1324 1005 1407 1044 suis
1424 1005 1545 1044 abun·

291 1064 358 1101 dat
376 1068 414 1100 et
432 1063 586 1101 fruitur:
617 1061 785 1110 pecunia
804 1062 854 1099 ad
870 1062 1038 1099 animum
1055 1060 1148 1098 nihil
1166 1060 1350 1107 pertinet,
1371 1069 1450 1097 non
1465 1070 1545 1097 ma-

292 1118 352 1165 gis
382 1122 499 1164 quam
527 1117 579 1154 ad
607 1116 706 1154 deos
734 1115 960 1153 inmortales
989 1114 1120 1153 omnia
1139 1114 1231 1160 ista,
1259 1123 1361 1161 quae
1379 1113 1547 1162 inperita

253 1171 449 1219 eingenia
477 1175 516 1208 et
540 1170 654 1208 nimis
685 1169 919 1217 corporibus
949 1169 1032 1206 suis
1052 1168 1209 1206 addicta
1229 1167 1461 1216 suspiciunt.
1490 1169 1545 1205 la·

292 1226 426 1274 pides,
456 1235 608 1272 aurum,
640 1227 844 1272 argentum
865 1228 902 1261 et
928 1223 1059 1271 magni
1083 1222 1303 1270 laevatique
1323 1232 1546 1260 mensarum

293 1279 411 1318 orbes
438 1283 595 1317 terrena
614 1284 705 1317 sunt
726 1278 922 1326 pondera,
945 1287 1046 1325 quae
1066 1286 1144 1315 non
1167 1281 1298 1324 potest
1316 1287 1448 1314 amare
1466 1275 1545 1315 sin·

294 1344 408 1372 cerus
427 1334 579 1372 animus
598 1342 645 1371 ac
663 1338 825 1370 naturae
846 1342 942 1370 suae
961 1341 1129 1377 memor,
1153 1331 1251 1368 levis
1271 1331 1377 1379 ipse,
1400 1341 1546 1379 expers

293 1394 333 1427 et
363 1389 602 1436 quandoque
636 1387 806 1426 emissus
842 1386 983 1433 fuerit,
1022 1386 1073 1424 ad
1106 1395 1258 1423 summa
1290 1386 1545 1424 emicaturus:

293 1443 445 1481 interim
466 1447 652 1490 quantum
681 1452 753 1490 per
770 1451 901 1479 moras
922 1440 1184 1479 membrorum
1203 1443 1242 1477 et
1259 1439 1362 1478 hanc
1383 1440 1546 1478 circum·

294 1499 419 1536 fusam
440 1507 599 1545 gravem
619 1496 814 1534 sarcinam
834 1495 942 1542 licet,
963 1494 1079 1533 celeri
1092 1499 1132 1533 et
1146 1493 1296 1532 volueri
1313 1494 1548 1542 cogitatione

256 1555 277 1591 7
295 1551 426 1590 divina
452 1553 673 1600 perlustrat.
722 1550 894 1598 ideoque
920 1559 992 1587 nec
1017 1551 1178 1587 exulare
1203 1559 1391 1597 umquam
1417 1552 1550 1597 potest

293 1607 394 1644 liber
419 1611 458 1645 et
484 1607 544 1644 dis
574 1609 765 1654 cognatus
792 1609 830 1643 et
849 1604 954 1643 omni
972 1604 1117 1642 mundo
1140 1603 1325 1651 omnique
1343 1614 1444 1642 aevo
1464 1609 1547 1651 par.

294 1671 383 1699 nam
411 1659 596 1708 cogitatio
625 1661 710 1707 eius
738 1660 843 1696 circa
869 1669 985 1698 omne
1015 1659 1168 1696 coelum
1185 1662 1223 1696 et
1241 1657 1279 1695 in
1302 1667 1416 1695 omne
1435 1667 1546 1705 prae*

294 1715 448 1754 teritum
469 1716 722 1763 futurumque
742 1718 896 1762 tempus
912 1712 1124 1751 inmittitur.
1161 1712 1440 1760 corpusculum
1457 1712 1545 1757 hoc,

297 1769 479 1808 custodia
505 1774 544 1808 et
571 1770 765 1808 vinculum
788 1768 922 1815 animi,
954 1768 1030 1807 huc
1050 1771 1168 1815 atque
1190 1767 1281 1805 illuc
1300 1767 1474 1805 iactatur.
1508 1766 1548 1804 in

295 1825 374 1863 lioc
399 1824 615 1887 supplicia,
643 1824 682 1862 in
709 1823 785 1861 hoc
814 1797 1035 1869 latrocinia,
1063 1822 1102 1860 in
1121 1821 1198 1860 hoc
1215 1821 1341 1860 morbi
1360 1831 1547 1859 exercen-

295 1884 378 1918 tur:
409 1879 561 1918 animus
583 1879 742 1927 quidem
760 1877 848 1927 ipse
868 1887 982 1916 sacer
1000 1881 1039 1954 et
1057 1880 1239 1916 aeternus
1257 1878 1318 1913 est
1336 1879 1375 1914 et
1391 1876 1453 1914 cui
1468 1886 1548 1914 non

297 1934 426 1983 possit
445 1933 536 1972 inici
555 1944 710 1972 manus.

262 1995 282 2028 1
377 1988 459 2027 XII.
500 1989 566 2027 Ne
601 1998 672 2026 me
705 1990 850 2036 putes
877 1985 936 2024 ad
963 1950 1212 2024 elevanda
1238 1983 1549 2022 incommoda

298 2042 643 2091 paupertatis,
682 2051 820 2091 quam
851 2050 989 2079 nemo
1015 2048 1212 2088 gravem
1241 2039 1414 2086 sentit,
1450 2038 1548 2076 nisi

301 2097 381 2144 qui
419 2102 577 2145 putat,
615 2097 684 2136 uti
720 2099 907 2135 tantum
937 2093 1223 2144 praeceptis
1253 2093 1547 2142 sapientum.

298 2150 467 2189 Primum
488 2151 671 2200 adspice,
702 2155 848 2199 quanto
866 2150 991 2188 maior
1008 2159 1101 2197 pars
1120 2147 1170 2186 sit
1188 2155 1548 2199 pauperum,⁷quos

299 2204 420 2243 nihilo
448 2207 603 2244 notabis
626 2206 816 2244 tristiores
845 2204 1171 2251 sollicitioresque
1191 2201 1394 2240 divitibus=
1429 2201 1548 2240 immo

300 2259 436 2298 nescio
464 2271 513 2297 an
532 2270 578 2298 eo
598 2261 780 2300 laeuores
801 2260 896 2307 sint,
927 2258 1037 2307 quod·
1052 2257 1203 2295 animus
1222 2257 1374 2296 illorum
1392 2257 1430 2294 in
1450 2265 1547 2304 pau-

265 2318 289 2353 2
303 2315 409 2354 ciora
436 2314 689 2362 distringitur.
734 2308 996 2353 Transeamus
1015 2323 1041 2351 a
1056 2312 1291 2362 pauperibus
1307 2320 1410 2350 nunc
1428 2315 1466 2350 et
1481 2320 1548 2349 ve-
