1592 2580
284 200 362 242 176
629 201 671 241 L.
700 200 888 239 ANNAEI
920 199 1146 239 SENECAE

282 303 374 350 quia
405 301 561 349 pinguis
589 300 731 338 humor
757 299 885 337 minus
913 299 1026 338 facile
1052 300 1227 338 turbatur
1253 304 1292 338 et
1316 300 1537 348 ideoquas

280 356 419 404 recipit
447 355 638 402 imagines
666 359 810 392 servat.
854 354 1048 402 adparere
1078 359 1206 392 autem
1235 354 1425 402 imagines
1458 365 1535 393 non

282 416 453 458 possunt
479 409 553 447 nisi
581 409 619 447 in
646 409 796 457 liquido
818 414 856 447 et
875 409 1040 447 inmoto:
1077 413 1169 448 tunc
1189 410 1363 447 solemus
1389 414 1537 456 notare,

281 464 612 513 quemadmodum
643 465 732 502 luna
751 458 826 502 s'oli
845 473 891 501 se
911 467 1090 511 opponat
1108 469 1146 502 et
1165 464 1268 502 illum
1290 469 1396 502 tanto
1418 464 1537 502 maio-

278 530 360 557 rem
387 519 565 558 subiecto
593 527 764 566 corpore
791 518 1031 563 abscondat,
1061 518 1179 556 modo
1199 529 1248 556 ex
1272 523 1400 565 parte,
1431 517 1465 555 si
1487 518 1539 556 ita

277 575 439 622 contigit
465 579 507 612 ut
533 573 635 612 latus
664 573 900 619 incurreret,
930 572 1047 611 modo
1076 575 1210 611 totum.
1266 573 1375 611 Haeo
1397 572 1539 611 dicitur

279 630 455 676 perfecta
475 627 665 674 delectio,
695 637 798 674 quae
824 628 958 666 stellas
986 637 1147 675 quoque
1175 627 1346 665 ostendit
1365 631 1403 665 et
1422 628 1535 665 inter-

278 683 369 731 cipit
390 685 536 730 lucem,
564 687 656 720 tunc
677 682 847 728 scilicet,
879 693 966 720 cum
986 686 1151 729 uterque
1172 681 1279 720 orbis
1302 680 1376 719 sub
1397 681 1536 720 eodem

278 738 508 776 libramento
535 736 652 775 stetit.
700 736 1035 783 Quemadmodum
1062 747 1156 784 ergo
1177 737 1384 784 utriusque
1406 737 1535 783 imago

279 794 314 830 in
336 793 450 830 terris
472 791 626 840 adspici
649 796 799 839 potest,
826 791 879 828 ita
897 791 934 829 in
955 793 1065 837 aere,
1101 801 1189 830 cum
1210 791 1267 829 sic
1288 795 1450 829 coactus
1471 800 1539 829 aer

278 853 316 886 et
342 846 527 895 limpidus
557 845 749 893 constitit,
778 851 820 884 ut
838 844 978 884 faciem
998 846 1096 884 solis
1116 845 1332 893 acciperet,
1364 855 1478 893 quam
1501 851 1538 883 et

278 902 378 939 aliae
404 901 530 939 nubes
559 901 776 948 accipiunt,
812 900 885 938 sed
911 901 1193 947 transmittunt,
1223 900 1254 938 si
1283 904 1351 938 aut
1372 899 1538 938 mobiles

279 961 370 995 sunt
388 961 454 994 aut
473 966 586 993 rarae
601 960 667 993 aut
679 954 885 994 sordidae:
914 955 1080 993 mobiles
1097 955 1199 993 enim
1215 959 1407 1002 spargunt
1420 954 1536 999 illam,

276 1021 390 1049 rarae
417 1011 612 1056 emittunt,
650 1009 838 1048 sordidae
864 1015 1082 1057 turpesque
1110 1020 1187 1047 non
1216 1009 1408 1055 sentiunt,
1437 1009 1539 1048 sicut

278 1066 381 1114 apud
405 1076 478 1105 nos
498 1065 706 1112 imaginem
728 1064 932 1102 maculosa
951 1074 1030 1101 non
1049 1064 1232 1102 reddunt.
1567 1075 1569 1077 ’

237 1126 253 1156 1
358 1120 457 1158 xm.
502 1119 640 1157 Solent
671 1123 711 1157 et
741 1118 834 1156 bina
867 1118 951 1156 fieri
989 1119 1163 1166 parlielia
1195 1119 1332 1156 eadem
1370 1118 1534 1158 ratione.

279 1175 370 1222 quid
391 1174 494 1212 enim
513 1174 681 1221 inpedit,
712 1184 790 1221 quo
810 1171 938 1210 minus
956 1178 1013 1211 tot
1029 1174 1120 1221 sint,
1143 1177 1239 1222 quot
1254 1173 1380 1212 nubes
1396 1172 1538 1212 fuerint

277 1234 392 1276 aptae
413 1229 464 1266 ad
484 1228 744 1266 exhibendam
766 1228 863 1266 solis
883 1227 1080 1274 effigiem?
1123 1227 1287 1275 Quidam
1307 1229 1344 1265 in
1366 1228 1430 1266 illa
1446 1237 1535 1266 sen-

278 1284 396 1321 tentia
422 1288 534 1329 sunt,
573 1283 756 1330 quotiens
783 1282 863 1320 duo
895 1281 1106 1320 simulacra
1138 1282 1228 1321 talia
1254 1283 1466 1328 exsistant,
1497 1288 1540 1320 ut

278 1338 449 1376 iudicent
474 1347 595 1375 unum
623 1346 715 1375 esse
745 1337 863 1384 solis,
891 1337 1055 1375 alterum
1081 1335 1276 1384 imaginis.
1317 1348 1406 1375 nam
1428 1338 1539 1384 apud

279 1403 351 1430 nos
380 1401 540 1440 quoque
564 1402 658 1437 ,cum
687 1391 800 1439 plura
819 1391 981 1438 specula
1001 1391 1196 1438 disposita
1216 1396 1306 1429 sunt
1325 1391 1397 1436 ita,
1423 1396 1463 1430 ut
1481 1393 1534 1429 al-

278 1448 348 1485 teri
370 1447 420 1484 sit
439 1450 679 1494 conspectus
699 1444 878 1490 alterius,
904 1446 1034 1483 omnia
1048 1446 1245 1493 inplentur
1260 1450 1298 1484 et
1314 1456 1392 1483 una
1408 1445 1535 1493 imago

279 1513 373 1539 vera
400 1507 479 1547 est,
509 1506 664 1539 ceterae
691 1499 902 1548 imaginum
922 1500 1075 1547 efligies
1097 1505 1199 1539 sunt.
1238 1500 1331 1538 nihil
1353 1499 1455 1538 enim
1476 1511 1536 1538 re-

280 1558 370 1600 fert,
402 1556 498 1605 quid
524 1555 594 1602 sit,
623 1555 730 1603 quod
756 1555 919 1602 speculo
947 1555 1196 1593 ostendatur:
1225 1555 1414 1603 quicquid
1433 1555 1535 1593 enim

237 741 258 774 {Q

280 1612 402 1658 videt,
431 1610 570 1648 reddit.
619 1610 677 1647 Ita
703 1609 781 1647 illic
802 1620 962 1658 quoque
988 1609 1026 1647 in
1048 1610 1222 1657 sublimi,
1251 1609 1285 1647 si
1306 1609 1431 1648 nubes
1453 1610 1534 1648 l'ors

280 1666 411 1714 aliqua
437 1665 652 1712 disposuit,
688 1670 730 1702 ut
753 1664 853 1702 inter
879 1674 925 1702 se
952 1664 1217 1712 conspiciant,
1254 1665 1375 1702 altera
1409 1663 1534 1702 nubes

239 1724 260 1756 2
280 1721 377 1758 solis
403 1719 632 1767 imaginem,
667 1720 790 1757 altera
823 1718 1004 1766 imaginis
1028 1719 1169 1757 reddit.
1222 1719 1373 1757 Debent
1406 1724 1532 1757 autem

279 1776 354 1813 hae
387 1774 533 1820 nubes,
571 1783 673 1821 quae
701 1773 777 1810 hoc
805 1778 1024 1821 praestant,
1059 1774 1207 1811 densae
1239 1783 1349 1818 esse,
1386 1773 1532 1818 laeves,

280 1828 535 1878 splendidae,
572 1828 688 1875 plane
716 1827 877 1866 naturae
903 1829 1013 1876 solis.
1054 1827 1105 1866 ob
1133 1827 1209 1866 hoc
1241 1828 1372 1866 omnia
1399 1827 1531 1866 huius-

279 1884 386 1923 modi
405 1883 614 1921 simulacra
633 1882 801 1920 candida
821 1888 913 1921 sunt
931 1888 969 1921 et
987 1882 1128 1921 similia
1146 1883 1347 1921 lunaribus
1365 1882 1532 1928 circulis,

281 1939 373 1987 quia
391 1949 442 1976 ex
462 1947 658 1986 percussu
677 1937 835 1984 oblique
855 1943 1017 1985 accepto
1039 1938 1124 1975 sole
1141 1937 1414 1985 resplendent:
1443 1946 1533 1974 nam

280 1995 314 2032 si
341 1994 441 2031 infra
468 1993 591 2031 solem
619 1991 744 2029 nubes
772 1992 887 2029 fuerit
906 1996 944 2030 et
963 1991 1142 2040 propior,
1168 1991 1283 2030 abeo
1303 1990 1531 2038 dissipatur.
1591 1996 1592 2026 3

280 2050 397 2096 longe
413 2052 542 2085 autem
561 2046 692 2095 posita
708 2045 842 2084 radios
862 2057 940 2085 non
960 2045 1116 2085 remittit
1134 2056 1207 2084 nec
1226 2044 1432 2093 imaginem
1448 2046 1532 2083 effi-
1590 2059 1592 2066 ι

282 2102 352 2149 cit,
386 2102 478 2150 quia
497 2101 603 2149 apud
623 2110 698 2139 nos
715 2110 876 2148 quoque
896 2101 1077 2148 specula,
1107 2111 1195 2138 cum
1215 2111 1237 2138 a
1259 2100 1374 2138 nobis
1394 2101 1532 2147 procul
1589 2122 1592 2145 s

282 2157 450 2195 abducta
472 2160 580 2203 sunt,
607 2155 748 2194 faciem
767 2165 844 2193 non
864 2155 1051 2202 reddunt,
1074 2155 1164 2203 quia
1183 2153 1288 2192 acies
1304 2159 1440 2192 nostra
1451 2152 1530 2192 n‘on

238 2216 261 2250 3
284 2206 399 2249 babet
425 2221 555 2259 usque
582 2210 631 2248 ad
659 2220 733 2248 nos
758 2219 972 2247 recursum.
1023 2209 1245 2247 Pluviarum
1270 2214 1465 2248 autemet
1491 2209 1529 2245 hi
1587 2212 1589 2257 f

281 2266 407 2313 soles,
435 2271 522 2304 utar
547 2265 650 2303 enim
667 2263 854 2303 historica
872 2264 1024 2312 lingua,
1051 2263 1195 2302 indicia
1213 2268 1318 2302 sunt.
1344 2264 1475 2311 utique
1496 2263 1529 2301 si
1586 2307 1587 2317 ἵ

282 2330 305 2358 a
331 2326 440 2368 parte
467 2320 588 2359 austri
609 2319 882 2366 constiterunt,
911 2318 1040 2358 nubes
1057 2318 1148 2357 inde
1166 2319 1334 2358 maxime
1351 2319 1524 2367 ingrave-
1584 2360 1586 2373 1
