1592 2580
285 137 472 178 NATUR.
494 136 709 186 QUAEST.
737 136 834 177 LIB.
850 137 898 177 11.
926 142 1100 180 24—27.
1256 138 1337 180 195

57 244 111 279 ex
125 239 206 279 alto
219 238 433 278 ferebatur.
455 243 570 278 noctu
586 238 744 278 demum
760 237 957 287 prodebat
971 237 1124 288 ignem,
1145 249 1226 279 non
1241 250 1337 280 con-

55 295 246 345 tinum,
265 294 340 333 sed
370 305 423 333 ex
452 294 672 334 intervallis
706 294 941 333 emicantem
974 293 1182 334 futminum
1211 306 1337 345 more,

57 350 243 402 quotins
274 350 398 389 ardor
430 350 609 389 infernus
646 349 814 389 iacentis
851 360 977 399 super
1008 351 1143 390 undae
1174 351 1336 400 pondus

247 406 436 446 delude
455 407 740 446 saxaevoluta
758 415 965 456 rupesque
982 406 1127 456 partim
1145 407 1336 455 inlaesae,
1351 414 1373 449 5

56 460 179 512 qm
183 460 381 512 spiritus,
417 467 631 511 antequam
656 467 886 509 urerentur,
925 462 1155 511 expulerat,
1194 462 1339 511 partim

54 519 206 558 exesae
231 522 273 556 et
296 516 338 556 in
365 518 564 557 levitatem
593 517 767 566 pumicis
785 527 948 566 versae,
977 517 1199 557 novissime
1218 528 1336 558 cacu-

52 583 146 612 men
170 572 252 613 usti
283 573 431 613 montis
464 573 636 613 emicuit.
680 577 824 622 postea
850 572 1044 613 altitudini
1071 573 1272 614 adiectum
1299 579 1339 613 et

54 639 197 668 saxum
215 628 314 667 illud
333 629 373 668 in
391 629 704 679 magnitudinem
719 629 875 668 insulae
890 629 1026 668 crevit.
1073 629 1184 669 Idem
1199 633 1338 669 nostra
1352 638 1375 673 6

53 685 246 724 memoria
270 685 435 725 Valerio
459 684 640 725 Asiatico
659 686 826 725 consule
845 683 987 724 iterum
1008 684 1165 725 accidit.
1210 685 1335 734 Quor-

55 751 128 779 sus
147 740 250 779 haec
267 740 411 779 retuli?
435 745 480 780 ut
497 741 711 790 adpareret
728 751 804 780 nec
823 741 1064 780 exstinctum
1085 740 1217 790 ignem
1237 740 1336 780 mari

54 796 271 844 superfuso
292 806 367 835 nec
386 797 565 845 inpetum
584 797 671 836 eius
691 795 885 845 gravitate
904 797 1076 845 ingentis
1095 796 1228 836 undae
1243 807 1335 844 pro-

54 850 221 891 hibitum
247 851 378 890 exire:
414 853 679 892 ducentorum
709 863 903 901 passuum
935 852 1064 892 fuisse
1089 851 1336 891 altitudinem

53 907 372 956 Asclepiodotus
400 907 559 947 auditor
582 907 788 947 Posidonii
812 907 991 955 tradidit,
1029 919 1104 957 per
1132 917 1251 956 quam
1275 907 1334 946 di-

52 962 222 1012 remptis
247 963 366 1012 aquis
392 963 497 1012 ignis
526 964 699 1004 emersit.
743 963 860 1012 Quod
887 964 921 1002 si
941 964 1123 1002 inmensa
1139 972 1335 1011 aquarum
1350 971 1371 1006 7

52 1019 116 1057 vis
145 1018 394 1058 flammarum
420 1029 472 1058 ex
498 1020 577 1058 imo
597 1019 834 1059 subeuntem
854 1020 934 1058 vim
953 1030 1033 1058 non
1051 1017 1180 1066 potuit
1198 1018 1335 1067 oppri-

53 1075 182 1122 mere,
220 1079 370 1123 quanto
398 1075 530 1114 minus
559 1075 741 1124 inpedire
771 1075 915 1124 poterit
939 1074 1068 1123 ignem
1092 1072 1257 1117 nubium
1276 1078 1332 1113 te-

54 1129 146 1168 nuis
173 1129 317 1169 humor
343 1135 384 1169 et
410 1131 627 1170 roscidus?
661 1130 765 1169 adeo
785 1140 852 1169 res
871 1131 1044 1169 istanon
1065 1128 1195 1168 adfert
1211 1129 1332 1169 ullam

54 1196 226 1233 moram,
264 1195 370 1235 quae
396 1191 535 1226 contra
561 1196 708 1226 causas
729 1187 880 1235 ignium
899 1186 965 1229 sit,
994 1193 1098 1232 quos
1118 1194 1201 1223 non
1221 1184 1331 1224 vide-

51 1252 143 1280 mus
163 1242 335 1280 emicare
354 1241 430 1280 nisi
449 1242 693 1291 inpendente
709 1242 836 1281 coelo.
864 1248 1050 1278 serenum
1065 1238 1154 1278 sine
1169 1240 1332 1279 fulmine

53 1302 128 1336 est.
163 1307 244 1335 non
272 1296 393 1336 habet
418 1298 519 1337 istos
546 1302 675 1336 metus
705 1297 792 1336 dies
817 1304 964 1342 purus,
993 1304 1045 1332 ne
1065 1305 1147 1334 nox
1169 1296 1331 1345 quidem

51 1351 130 1391 nisi
148 1352 324 1392 obscura
343 1352 530 1393 nubibus.
577 1353 704 1401 „Quid
724 1353 847 1397 ergo?
874 1360 956 1388 non
974 1350 1191 1398 aliquando
1213 1352 1328 1390 etiam
1345 1358 1368 1393 8

53 1408 339 1456 adparentibus
366 1409 494 1448 stellis
519 1413 559 1448 et
583 1412 699 1446 nocte
725 1405 940 1453 tranquilla
971 1405 1203 1454 fulgurat‘3“
1248 1406 1330 1446 Sed

54 1464 161 1502 scias
180 1463 271 1502 licet
291 1463 371 1502 illic
390 1464 519 1503 nubes
536 1471 650 1507 esse,
676 1459 784 1499 unde
803 1460 998 1508 splendor
1016 1460 1198 1509 effertur,
1227 1473 1328 1511 quas

53 1518 180 1556 videri
194 1529 219 1557 a
233 1518 350 1558 nobis
366 1525 556 1559 terrarum
571 1521 702 1555 tumor
716 1526 796 1555 non
810 1515 914 1555 sinit.
942 1515 1072 1555 Adice
1085 1527 1202 1564 nunc,
1220 1518 1329 1567 quod
1344 1525 1366 1560 9

54 1573 142 1612 fieri
174 1578 325 1623 potest,
359 1579 402 1613 ut
433 1572 560 1611 nubes
594 1582 776 1611 summae
803 1576 843 1611 et
871 1571 1042 1612 humiles
1074 1572 1219 1612 adtritu
1252 1584 1327 1613 suo

53 1629 185 1678 ignem
212 1630 398 1675 reddant,
429 1628 496 1677 qui
523 1627 563 1665 in
582 1627 770 1666 inferiora
789 1637 1012 1675 expressus
1032 1628 1071 1667 in
1094 1634 1207 1677 parte
1226 1629 1327 1669 coeli

54 1685 213 1724 sincera
231 1693 409 1734 puraque
427 1682 586 1722 visitur:
616 1683 690 1722 sed
708 1683 753 1722 fit
770 1683 809 1720 in
831 1683 1009 1723 sordida.

135 1740 291 1779 XXVII.
327 1739 572 1778 Tonitrua
605 1737 892 1779 distinxere
924 1738 1120 1788 quidam
1157 1738 1248 1789 ita,
1277 1746 1362 1783 utl

54 1796 283 1835 dicerent
321 1805 468 1834 unum
511 1804 630 1833 esse
664 1803 842 1843 genuS‚
884 1795 1031 1834 cuius
1067 1805 1219 1844 grave
1261 1797 1327 1836 sit

52 1861 266 1890 murmur
281 1880 293 1897 ,
341 1851 491 1899 quale
539 1854 787 1888 terrarum
836 1855 1017 1890 motum
1063 1852 1326 1892 antecedit

53 1908 189 1946 clauso
205 1910 324 1945 vento
342 1911 381 1946 et
395 1906 599 1945 fremente.
625 1905 704 1944 hoc
719 1906 922 1954 quomodo
937 1906 1118 1945 videatur
1133 1906 1210 1945 illis
1225 1907 1324 1956 fieri,

53 1962 195 2001 dicam.
246 1961 344 2000 Cum
373 1962 553 2010 spiritum
581 1960 684 2000 intra
710 1971 757 2000 se
779 1962 962 2000 clausere
988 1962 1136 2010 nubes,
1165 1962 1206 2000 in
1229 1973 1323 2002 con-
1339 1973 1360 2007 2

53 2017 166 2056 cavis
183 2018 360 2067 partibus
381 2027 517 2056 earum
534 2017 735 2056 volutatus
751 2027 820 2055 aer
834 2016 1002 2056 similem
1015 2016 1096 2066 agit
1109 2018 1323 2066 mugitibus

54 2083 206 2121 sonum,
218 2083 384 2112 raucum
394 2077 433 2111 et
444 2073 651 2121 aequalem
662 2077 702 2111 et
711 2073 958 2112 continuum:
979 2073 1113 2121 itaque
1122 2073 1238 2112 etiam
1251 2074 1322 2114 hu-

53 2128 160 2167 mida
177 2133 239 2168 est
256 2129 323 2168 illa
340 2129 450 2177 regio
467 2132 506 2166 et
524 2128 671 2166 exitum
689 2128 846 2167 claudit.
872 2128 963 2167 ideo
979 2128 1206 2168 huiusmodi
1222 2131 1321 2169 toni-

53 2188 142 2222 trun
159 2185 315 2223 venturi
334 2183 569 2234 praenuntia
586 2183 724 2222 imbris
740 2188 844 2222 sunt.
886 2184 1042 2223 Aliud
1062 2195 1220 2233 genus
1245 2189 1357 2225 ests

54 2248 188 2288 acre,
208 2241 318 2289 quod
332 2240 519 2280 acerbum
534 2238 678 2287 mage*
693 2238 860 2278 dixerim
871 2250 990 2288 quam
1005 2251 1206 2288 sonorum,
1221 2251 1318 2292 qua-

54 2293 131 2333 lem
146 2295 282 2336 audire
301 2297 498 2345 solemus,
519 2306 607 2335 cum
623 2305 746 2345 super
760 2300 879 2345 caput
895 2294 1062 2336 alicuius
1078 2296 1236 2347 dirupta
1250 2307 1317 2339 ve-

1048 2350 1121 2394 13*
