1598 2606
262 154 315 195 36
633 153 674 190 L.
703 150 892 191 ANNAEI
921 150 1146 190 SENECAE

262 264 370 300 mus,
403 262 453 290 ne
485 252 591 290 velut
620 251 854 290 intolerabili
886 251 1040 290 sarcina
1070 252 1251 303 depressi
1285 251 1514 292 deficiamus

263 309 420 346 animo?
456 306 588 353 „bona
614 305 707 343 mihi
735 306 881 343 donata
905 310 996 344 sunt
1022 310 1062 344 et
1089 307 1212 345 fames
1233 306 1417 355 defensa,
1447 308 1514 346 de-

266 367 410 401 tractae
438 361 600 407 sordes,
632 364 831 407 [servatus]
861 360 1021 408 spiritus
1039 365 1079 399 et
1103 361 1263 400 libertas
1283 362 1413 410 potior
1435 362 1515 410 spl-

263 416 357 455 ritu:
395 421 434 455 et
460 415 660 464 quomodo
692 415 839 452 referre
871 415 1032 462 gratiam
1063 420 1230 464 potero?
1264 417 1422 463 quando
1452 417 1516 455 ille

227 477 250 511 4
265 471 394 510 veniet
413 470 519 516 dies,
551 480 630 518 quo
649 469 702 507 illi
723 470 894 507 animum
912 471 1322 509 meum'ostendam'e“
1357 471 1429 509 Hic
1451 470 1514 509 ille

264 531 343 572 est,
379 535 460 574 quo
487 525 576 573 ipse
602 534 733 569 suum*
750 523 932 562 ostendit.
974 523 1115 573 excipe
1142 525 1374 564 beneficimn
1390 555 1400 572 ‚
1426 535 1514 563 -am-

263 581 439 628 plexare.
481 579 631 626 gaude,
661 588 740 616 non
768 579 877 626 quod
903 578 1096 628 accipias,
1134 579 1208 618 sed
1235 580 1343 628 quod
1369 580 1516 618 reddas

264 635 550 681 debiturusque
570 634 638 672 sis.
682 644 760 672 non
785 634 912 671 adibis
930 637 1005 672 tam
1028 644 1193 682 magnae
1211 634 1267 671 rei
1288 632 1516 682 periculum,

262 693 306 727 ut
324 691 444 727 casus
465 689 659 736 ingratum
682 688 813 726 facere
832 693 870 726 te
886 689 1027 736 possit.
1061 689 1196 727 Nullas
1211 689 1279 727 tibi
1297 698 1516 735 proponam

264 744 536 789 difficultates,
564 753 614 780 ne
634 743 889 790 despondeas
919 743 1064 791 animo,
1094 753 1144 782 ne
1171 743 1348 781 laborum
1368 752 1414 780 ac
1434 743 1517 782 lon-

263 808 337 846 gae
360 797 559 837 servitutis
582 797 882 845 exspectatione
904 797 1080 836 deficias.
1122 808 1201 836 non
1223 797 1362 836 differo
1383 800 1441 835 te:
1468 797 1519 835 de

265 852 539 900 praesentibus
568 852 647 890 fiat.
685 852 905 900 Numquam
934 853 1011 890 eris
1033 858 1185 900 gratus,
1215 852 1291 891 nisi
1311 850 1439 890 statim
1460 861 1517 889 es.

227 915 246 947 5
263 907 362 954 Quid
389 917 483 955 ergo
511 908 662 945 facies?
700 916 776 944 non
799 917 907 945 arma
927 907 1119 946 sumenda
1137 911 1247 946 sunt:
1286 911 1324 945 et
1349 907 1520 944 fortasse

238 967 388 1006 uerunt.
427 972 505 1000 non
533 960 658 999 maria
685 962 922 1000 emetienda:
961 962 1131 1000 fortasse
1157 962 1272 1002 etiam
1297 961 1427 999 ventis
1449 959 1518 999 mi·

263 1017 446 1055 nantibus
475 1017 623 1055 solves.
663 1016 722 1054 vis
753 1016 923 1054 reddere
951 1016 1220 1055 beneficium?
1254 1015 1422 1063 benigne
1453 1025 1519 1053 ac-

265 1072 369 1120 cipe:
409 1071 574 1109 retulisti
600 1070 782 1117 gratiam,
810 1081 887 1109 non
913 1076 954 1109 ut
973 1071 1145 1109 solvisse
1165 1077 1202 1110 te
1223 1075 1356 1119 putes,
1386 1070 1459 1109 sed
1479 1074 1519 1108 ut

265 1126 442 1164 securior
462 1125 624 1163 debeas.

636 1318 680 1370 L.
713 1316 892 1369 ΑΝΝΑΕΙ
928 1315 1147 1368 SENECAE

543 1417 607 1448 AD
643 1415 906 1449 AEBUTIUM
942 1415 1238 1447 LIBERALEM

409 1493 538 1554 ΒΕ
623 1491 1383 1556 BENEFlcllS

754 1606 927 1645 LIBER
962 1604 1027 1645 111.

231 1794 245 1825 1
346 1782 375 1818 I.
404 1782 489 1820 Non
514 1781 662 1819 referre
681 1781 884 1819 beneficiis
904 1781 1068 1828 gratiam
1089 1785 1125 1819 et
1146 1785 1206 1818 est
1226 1784 1396 1827 turpevet
1414 1779 1522 1827 apud

268 1846 404 1874 omnes
425 1836 610 1882 habetur,
639 1836 783 1874 Aebuti
804 1835 1005 1874 Liberalis.
1044 1836 1134 1873 ideo
1155 1835 1204 1873 de
1223 1834 1521 1882 ingratisetiam

268 1891 407 1938 ingrati
429 1896 663 1938 queruntur,
687 1901 774 1928 cum
790 1891 942 1928 interim
957 1890 1033 1928 hoc
1049 1888 1229 1928 omnibus
1246 1888 1392 1934 haeret,
1412 1889 1520 1936 quod

269 1945 450 1984 omnibus
472 1944 672 1993 displicet,
704 1945 887 1993 adeoque
907 1945 944 1982 in
965 1944 1200 1983 contrarium
1219 1942 1313 1988 itur,
1345 1947 1387 1980 ut
1402 1952 1521 1990 quos·

270 2001 358 2037 dam
383 2000 600 2038 habeamus
627 1999 908 2038 infestissimos
938 2010 1016 2038 non
1039 2003 1130 2047 post
1148 1997 1340 2036 beneficia
1360 2001 1519 2043 tantum,

233 2054 341 2095 2sed
371 2059 533 2103 propter
558 2055 763 2093 beneficia.
815 2055 900 2092 Hoc
927 2053 1119 2102 pravitate
1146 2057 1307 2090 naturae
1339 2051 1522 2088 accidere

272 2108 509 2156 quibusdam
536 2120 614 2148 non
649 2108 894 2157 negaverim:
936 2109 1131 2157 pluribus,
1172 2107 1264 2154 quia
1294 2106 1521 2143 memoriam

271 2168 426 2210 tempus
453 2165 726 2212 interpositum
758 2164 954 2202 subducit.
987 2166 1076 2200 nam
1097 2171 1199 2210 quae
1224 2161 1396 2198 recentia
1415 2159 1522 2208 apud

271 2218 359 2255 illos
382 2218 603 2266 viguerunt,
635 2229 682 2256 ea
700 2219 899 2257 interiecto
922 2217 1050 2266 spatio
1070 2216 1335 2255 obsolescunt.
1366 2215 1417 2252 de
1436 2216 1519 2262 qui-

272 2272 347 2310 bus
361 2272 483 2310 fuisse
498 2273 590 2311 mihi
605 2279 732 2312 tecum
744 2274 1048 2321 disputationem
1065 2270 1161 2317 scio,
1182 2281 1268 2308 cum
1284 2275 1323 2308 tu
1342 2270 1432 2307 illos
1443 2279 1520 2307 non
