1624 2626
360 183 439 224 278
729 182 771 219 L.
799 181 987 220 ANNAEI
1014 182 1237 221 SENECAE

362 284 448 322 dior
475 286 554 321 est:
585 280 775 320 securitas
803 281 896 327 alta,
924 280 1123 328 adfluens,
1155 282 1216 320 ius
1237 292 1358 329 supra
1377 292 1530 320 omnem
1549 283 1605 321 in-

361 338 496 375 iurIam
522 337 705 385 positum.
743 335 975 373 obversatur
1003 336 1126 374 oculis
1153 336 1365 374 laetissima
1391 337 1515 374 forma
1533 338 1606 375 rci-

364 392 562 440 publicae,
585 391 645 428 eui
665 391 712 428 ad
734 400 922 428 summam
942 390 1154 427 libertatem
1170 390 1263 428 nihil
1279 391 1390 428 deest
1404 390 1478 428 nisi
1496 401 1606 439 pere-

326 456 347 490 9
361 446 456 484 undi
495 445 662 483 licentia.
713 443 928 490 Praecipue
965 449 1090 482 tamen
1126 445 1301 492 aequalis
1333 446 1383 482 ad
1415 446 1606 484 maximos

361 500 541 547 imosque
564 499 739 547 pervenit
759 499 985 536 clementiae
1004 502 1091 535 tuae
1112 499 1325 537 admiratio.
1357 505 1486 537 cetera
1505 500 1607 538 enim

361 554 467 592 bona
494 564 566 600 pro
596 554 774 601 portione
802 553 979 590 fortunae
1007 563 1102 590 suae
1131 553 1297 600 quisque
1317 554 1433 591 sentit
1455 558 1519 592 aut
1539 564 1605 591 ex-

362 612 516 656 spectat
546 608 694 645 maiora
725 607 954 654 minoraque
971 621 979 641 =
1022 617 1072 644 ex
1104 607 1306 644 clementia
1339 617 1474 646 omncs
1503 608 1607 646 idem

362 666 541 710 sperant,
571 671 642 699 nec
663 666 722 699 cst
741 661 968 722 quisquam,
999 661 1060 698 cui
1077 666 1152 698 tam
1169 662 1281 698 valde
1296 660 1519 700 innocentia
1535 673 1607 700 sua

361 717 532 763 placeat,
562 721 604 754 ut
630 726 706 752 non
736 720 839 753 stare
865 716 902 752 in
930 719 1146 763 conspectu
1173 716 1414 753 clementiam
1433 721 1607 764 paratam

360 770 540 808 humanis
561 770 758 807 errolibus
779 770 961 817 gaudeat.

320 837 340 869 1
438 825 485 861 11.
514 824 638 862 Esse
667 829 824 862 autem
854 824 1052 871 aliquos
1081 822 1205 869 scio,
1234 824 1314 871 qui
1344 796 1607 862 clementia

360 878 625 926 pessimum
657 888 895 925 quemque
923 883 1100 926 putent
1129 878 1390 924 sustineri,
1423 878 1606 926 quoniam

360 933 435 970 nisi
462 937 554 980 post
580 933 723 970 crimen
745 942 993 980 supervacua
1011 938 1072 971 est
1091 938 1128 970 et
1147 933 1234 970 sola
1252 933 1349 970 haec
1368 932 1488 970 virtus
1508 932 1606 970 inter

359 987 587 1024 innocentes
609 991 750 1024 cessat.
800 986 876 1024 Sed
894 987 1059 1034 primum
1080 987 1248 1025 omnium
1269 987 1370 1025 sicut
1390 986 1607 1024 medicinae

360 1040 467 1088 apud
494 1050 636 1088 aegros
656 1050 775 1085 usus,
806 1040 919 1078 etiam
940 1041 1046 1088 apud
1066 1051 1185 1079 sanos
1206 1041 1334 1080 honor
1352 1046 1429 1087 est,
1456 1041 1508 1079 ita
1529 1041 1605 1078 cle-

359 1094 541 1132 mentiam
558 1095 734 1142 quamvis
758 1104 886 1142 poena
906 1094 1011 1141 digni
1028 1095 1226 1142 invocent,
1247 1096 1361 1134 etiam
1377 1096 1607 1133 innocentes

360 1149 504 1186 colunt.
528 1148 678 1186 Deinde
693 1148 810 1186 habet
825 1148 922 1186 haec
937 1148 974 1185 in
988 1158 1160 1195 persona
1170 1159 1328 1197 quoque
1342 1148 1605 1187 innocentium

359 1203 486 1239 locum
498 1232 507 1250 ,
532 1201 623 1250 quia
639 1202 792 1239 interim
808 1203 962 1240 fortuna
979 1213 1048 1250 pro
1067 1203 1183 1250 culpa
1197 1208 1344 1240 estnec
1359 1203 1606 1240 innocentiae

359 1261 504 1294 tantum
533 1256 737 1294 clementia
763 1255 972 1303 succurrit,
1002 1257 1074 1294 sed
1101 1267 1222 1304 saepe
1239 1257 1390 1303 virtuti,
1421 1256 1605 1304 quoniam

362 1311 518 1359 quidem
545 1311 776 1348 condicione
801 1315 1019 1357 temporum
1048 1311 1221 1348 incidunt
1248 1311 1440 1359 quaedam
1456 1340 1465 1357 ,
1503 1320 1606 1358 quae

319 1374 340 1407 2
361 1365 514 1412 possint
533 1364 688 1403 laudata
705 1364 843 1411 puniri.
879 1364 1005 1402 Adice
1021 1365 1128 1412 quod
1142 1375 1282 1412 magna
1299 1375 1390 1412 pars
1406 1364 1606 1403 hominum

360 1424 438 1464 est,
470 1428 570 1466 quae
589 1419 730 1456 reverti
751 1419 800 1455 ad
819 1418 1077 1456 innocentiam
1101 1418 1237 1466 possit.
1281 1419 1361 1456 Sed
1379 1429 1458 1457 non
1476 1422 1604 1455 tamen

359 1473 478 1520 volgo
507 1473 714 1520 ignoscere
743 1473 867 1510 decet.
914 1483 1003 1510 nam
1030 1473 1095 1509 ubi
1123 1473 1330 1510 discrimen
1358 1473 1457 1511 inter
1478 1474 1604 1510 malos

358 1527 567 1574 bonosque
595 1527 789 1565 sublatum
817 1531 895 1573 est,
934 1527 1113 1565 confusio
1146 1526 1323 1575 sequitur
1355 1532 1393 1565 et
1423 1527 1603 1565 vitiorum

360 1581 532 1629 eruptio:
563 1581 693 1628 itaque
712 1580 934 1618 adhibenda
953 1581 1168 1619 moderatio
1188 1586 1266 1627 est,
1294 1590 1396 1629 quae
1414 1580 1604 1619 sanabilia

359 1635 515 1683 ingenia
542 1635 781 1682 distinguere
810 1645 834 1672 a
863 1635 1075 1682 deploratis
1105 1636 1219 1682 sciat,
1250 1645 1322 1672 nec
1341 1634 1603 1682 promiscuam

358 1690 505 1727 habere
537 1699 582 1727 ac
615 1691 814 1736 volgarem
848 1689 1088 1727 clementiam
1116 1694 1271 1737 oportet
1295 1699 1367 1727 nec
1393 1689 1601 1726 abscisam.

358 1755 449 1782 nam
478 1748 556 1782 tam
592 1744 772 1782 omnibus
800 1740 1006 1790 ignoscere
1033 1744 1239 1782 crudelitas
1266 1748 1326 1781 est
1353 1752 1468 1790 quam
1495 1742 1601 1780 nulli.

357 1798 519 1837 Modum
546 1803 680 1836 tenere
709 1797 909 1836 debemus.
946 1798 1018 1836 sed
1048 1798 1138 1846 quia
1156 1798 1313 1836 difficile
1333 1801 1392 1834 est
1410 1801 1601 1844 tempera-

358 1857 546 1899 mentum,
585 1852 771 1900 quicquid
800 1862 927 1900 aequo
956 1853 1045 1900 plus
1074 1853 1239 1891 futurum
1268 1855 1346 1899 est,
1380 1851 1419 1888 in
1451 1855 1601 1899 partem

357 1907 623 1945 humaniorem
643 1907 942 1954 praeponderet.

317 1971 336 2004 1
436 1961 500 1999 ΠΙ.
532 1960 610 1999 Sed
627 1961 725 1998 haec
740 1971 812 1998 suo
830 1962 918 1999 loco
934 1960 1071 1999 melius
1089 1961 1275 1998 dicentur.
1303 1959 1413 1996 Nunc
1431 1958 1477 1996 in
1495 1964 1598 1997 tres

358 2020 527 2062 partes
552 2025 737 2053 omnem
766 2016 890 2053 hanc
912 2015 1162 2053 materiam
1182 2013 1415 2051 dividam:
1444 2012 1600 2060 prima

358 2070 452 2107 erit
486 2069 911 2108 manumissionis.
952 2069 1186 2114 secunda,
1226 2077 1351 2115 quae
1378 2072 1598 2104 naturam

358 2123 653 2162 clementiae
687 2123 1007 2172 habitumque
1043 2123 1364 2160 demonstret:
1401 2131 1488 2158 nam
1510 2130 1597 2158 cum

357 2176 434 2214 sint
447 2178 540 2215 vitia
555 2178 747 2226 quaedam
763 2178 923 2216 virtutes
939 2177 1132 2221 imitantia,
1154 2185 1230 2213 non
1250 2180 1417 2222 possunt
1433 2175 1596 2220 secerni,

357 2230 431 2267 nisi
445 2232 568 2279 signa,
586 2232 727 2279 quibus
739 2232 1026 2279 dignoscantur,
1042 2231 1288 2278 inpresseris.
1315 2229 1465 2267 tertio
1487 2229 1596 2267 loco

358 2294 671 2334 quaeremus,
711 2286 954 2334 quomodo
991 2284 1048 2322 ad
1074 2284 1197 2322 hanc
1226 2285 1454 2322 virtutem
1484 2293 1595 2331 per-
