1624 2626
335 178 411 219 148
547 177 590 215 L.
617 175 805 217 ANNAEI
834 174 1058 214 SENECAE
1087 173 1329 215 DIAL.›V11.

334 278 436 315 tibus
459 275 601 314 minis?
629 273 828 323 quomodo
848 277 1104 320 conspectum
1119 272 1264 319 morus,
1292 272 1491 320 quomodo
1511 272 1581 311 do-

334 331 428 371 loris
448 331 571 369 seret?
601 330 797 377 quomodo
817 327 949 365 mundi
962 327 1139 374 fragores
1153 331 1192 364 et
1211 331 1353 365 tantu-m
1374 325 1581 365 acerrimo-

333 397 418 424 rum
436 384 604 424 hostium
620 394 646 422 a
664 388 740 422 tam
755 381 860 420 molli
879 381 1106 419 adversario
1128 381 1291 419 victus?
1311 380 1495 429 quicquid
1514 392 1581 419 vo·

333 442 463 488 luptas
483 438 650 477 suaserit
664 437 790 475 faciet.
819 445 904 482 age,
926 445 1005 472 non
1021 435 1133 472 vides
1153 437 1270 482 quam
1283 436 1405 474 multa
1417 445 1584 473 suasura

291 498 312 529 2
334 495 408 534 sit?
436 493 575 541 ‚‚Nihil,
595 493 729 539 inquit,
751 490 893 538 poterit
911 489 1267 537 turpitersuaderQ
1290 488 1584 536 quiaadiuncta

331 548 462 586 virtuti
481 552 578 585 est.“
613 547 698 584 Non
715 545 825 583 vides
845 545 993 590 iterum,
1016 545 1131 591 quale
1147 544 1196 582 sit
1215 553 1408 583 summum
1425 543 1582 591 bonum,

334 603 396 642 cui
417 602 581 640 custode
603 611 705 648 opus
735 603 807 647 est,
834 603 877 637 ut
902 598 1048 636 bonum
1077 599 1161 636 site
1179 597 1303 636 virtus
1330 602 1458 636 autem
1487 609 1583 646 quo-

334 657 451 696 modo
482 657 719 702 voluptatem
747 658 868 701 reget,
891 664 1017 701 ‘quam
1043 652 1231 701 sequitur,
1260 662 1348 690 cum
1376 652 1491 701 sequi
1517 663 1584 702 pa-

334 712 453 750 rentis
475 710 535 756 sit,
563 718 701 756 regere
727 707 984 756 imperantis?
1012 719 1035 746 a
1054 712 1164 755 tergo
1185 707 1300 755 ponis
1329 708 1436 754 quod
1461 708 1582 756 impe-

333 770 419 804 rat?
446 763 645 812 egregium
664 768 792 800 autem
811 761 928 800 habet
942 762 1064 800 virtus
1083 762 1191 810 apud
1219 773 1293 800 vos
1315 762 1488 800 officium
1514 772 1584 801 vo-

293 822 503 867 stiiptates
522 822 800 866 praegustare.>
820 817 900 855 Sed
920 817 1152 864 videbimus,
1177 826 1226 854 an
1245 816 1352 864 apud
1377 827 1478 864 quos
1506 821 1585 855 tam

334 874 617 912 contumeliose
644 875 807 910 tractata
830 871 950 910 virtus
978 875 1056 918 est,
1083 871 1211 909 adhuc
1237 871 1359 909 virtus
1389 871 1449 918 sit,
1483 881 1584 919 quae

332 929 478 967 habere
497 937 640 965 nomen
661 937 773 965 suum
802 937 881 964 non
902 930 1043 973 potest,
1073 925 1108 963 si
1135 926 1223 964 loco
1252 924 1395 964 cessit=
1423 925 1585 971 interim,

333 984 383 1021 de
411 993 489 1030 quo
517 980 661 1029 agitur,
688 982 831 1019 multos
856 980 1062 1018 ostendam
1088 980 1354 1028 voluptatibus
1381 980 1586 1025 obseSSOS‚

332 1038 372 1075 in
392 1047 492 1086 quos
513 1037 668 1074 fortuna
686 1035 816 1074 omnia
838 1045 1002 1073 munera
1028 1045 1101 1072 sua
1121 1034 1269 1080 effudit,
1301 1033 1402 1083 quos
1429 1035 1585 1073 fatearis

295 1094 317 1127 4
335 1102 502 1130 necesse
521 1095 582 1128 est
595 1091 744 1129 malos:
774 1090 938 1137 adspice
952 1089 1236 1127 Nomentanum
1251 1088 1491 1137 etApicium‚
1510 1094 1586 1127 ter-

334 1157 464 1184 rarum
483 1155 530 1183 ac
549 1145 679 1192 maris,
706 1148 748 1182 ut
765 1144 829 1182 isti
849 1148 1000 1191 vocant,
1026 1143 1132 1182 bona
1159 1143 1424 1191 conquirentis
1453 1148 1490 1182 et
1520 1154 1586 1183 su·

336 1212 406 1249 per
438 1210 614 1238 mensam
647 1198 969 1247 recognoscentis
995 1198 1169 1237 omnium⁴
1190 1199 1361 1246 gentium
1393 1199 1584 1237 animalia.

335 1255 426 1293 vide
451 1255 525 1293 hos
554 1254 716 1292 eosdem
747 1263 769 1291 e
795 1263 1031 1292 successuro
1050 1253 1071 1278 *
1100 1253 1365 1301 exspectantis
1400 1254 1587 1302 popinam

336 1321 458 1356 suam,
480 1319 596 1347 aures
626 1319 766 1347 vocum
789 1318 908 1355 sono,
936 1307 1172 1356 spectaculis
1200 1309 1347 1354 oculos,
1376 1308 1586 1356 saporibus

337 1366 508 1412 palatum
528 1374 643 1402 suum
665 1363 918 1402 delectantes.
947 1362 1129 1401 mollibus
1147 1362 1382 1410 lenibusque
1405 1362 1585 1401 fomentis

336 1425 457 1457 totum
476 1418 836 1456 lacessitur-eorum
866 1427 1011 1465 corpus
1032 1420 1071 1455 et
1096 1427 1145 1454 ne
1175 1427 1291 1455 nares
1319 1417 1474 1456 interim
1499 1428 1586 1455 ces-

335 1479 432 1519 sent,
454 1473 644 1511 odoribus
664 1472 784 1510 variis
803 1472 972 1511 inficitur
991 1473 1101 1511 locus
1121 1471 1220 1519 ipse,
1252 1472 1290 1509 in
1311 1482 1389 1519 quo
1411 1472 1587 1509 luxuriae

335 1532 576 1575 parentatum
596 1527 673 1565 hoc
695 1537 787 1565 esse
806 1527 846 1565 in
862 1524 1129 1574 voluptatibus
1152 1526 1274 1564 dices.
1304 1535 1378 1564 nec
1398 1530 1526 1564 tamen
1542 1526 1586 1564 il·

336 1583 382 1621 lis
402 1583 503 1621 bene
522 1581 604 1627 erit,
626 1580 719 1629 quia
736 1592 815 1620 non
836 1581 940 1619 bono
960 1580 1142 1628 gaudent.

295 1640 314 1672 1
413 1637 496 1675 XII.
526 1636 665 1683 ‚,Male,
693 1635 831 1684 inquit,
851 1636 928 1674 illis
952 1636 1035 1681 erit,
1065 1635 1156 1682 quia
1178 1636 1297 1673 multa
1314 1634 1587 1681 interveniunt,

337 1702 439 1739 quae
458 1691 686 1739 perturbent
707 1690 888 1737 animum,
909 1696 946 1728 et
965 1688 1173 1738 opiniones
1193 1691 1292 1728 inter
1311 1699 1355 1728 se
1370 1690 1598 1728 contrariae.

335 1751 503 1784 mentem
521 1745 829 1793 inquietabunt.“
857 1743 1031 1792 quodita
1047 1754 1137 1782 esse
1153 1744 1342 1783 concedo.
1363 1744 1435 1782 sed
1450 1743 1587 1782 nihilo-

335 1801 464 1838 minus
492 1800 544 1837 illi
572 1798 650 1847 ipsi
677 1800 782 1838 stulti
808 1803 847 1837 et
864 1800 1092 1847 inaequales
1122 1804 1159 1838 et
1186 1799 1259 1837 sub
1281 1799 1365 1836 victu
1385 1799 1586 1846 poeniten-

334 1856 412 1893 tiae
433 1854 550 1903 positi
570 1864 741 1902 magnas
759 1853 976 1903 percipient
995 1855 1229 1902 voluptates,
1252 1858 1301 1892 ut
1318 1853 1518 1892 fatendum
1537 1853 1589 1892 sit

335 1916 414 1948 tam
433 1910 549 1956 longe
564 1915 644 1948 tum
663 1909 752 1948 illos
768 1908 816 1949 ab
837 1909 942 1947 omni
960 1908 1294 1948 ιῃοΙθειίωειΙωεεθ
1314 1919 1429 1956 quam
1445 1919 1469 1945 a
1483 1908 1588 1946 bona

337 1970 476 2009 mente,
498 1969 537 2002 et
556 1963 664 2012 quod
685 1963 884 2011 plerisque
904 1964 1104 2011 contingit,
1129 1962 1292 2001 hilarem
1310 1962 1503 2001 insaniam
1528 1962 1585 2000 in-

297 2024 318 2056 2
338 2018 467 2055 sanire
487 2028 534 2056 ac
552 2028 624 2066 per
642 2018 764 2056 risum
784 2018 925 2056 furere.
966 2020 1017 2056 At
1036 2022 1170 2056 contra
1188 2017 1584 2064 sapientiumremis-

338 2082 407 2110 sae
427 2074 516 2110 volu
521 2077 647 2120 ptates
668 2077 707 2110 et
723 2072 927 2111 modestae
946 2083 994 2111 ac
1013 2073 1367 2121 paenelanguidae
1383 2076 1473 2111 sunt
1492 2081 1586 2110 con-

338 2137 581 2175 pressaeque
601 2131 640 2166 et
656 2126 724 2164 vix
742 2127 956 2175 notabiles,¹
966 2132 1009 2166 ut
1021 2135 1122 2175 quae
1142 2137 1272 2175 neque
1286 2127 1500 2165 accersitae
1520 2136 1585 2163 ve-

338 2181 446 2218 niant
464 2191 547 2228 nec,
569 2181 749 2229 quamvis
770 2193 840 2229 per
859 2193 904 2220 se
916 2181 1167 2228 accesserint,
1195 2182 1234 2219 in
1252 2181 1402 2220 honore
1421 2181 1497 2218 sint
1519 2191 1585 2218 ne·
1622 2196 1624 2218 l

341 2245 419 2282 que
446 2236 525 2272 ullo
554 2236 697 2282 gaudio
728 2236 1039 2285 percipientium
1050 2243 1254 2283 exeeptaffl
1292 2236 1458 2280 miscent
1482 2235 1597 2272 enim

339 2290 424 2329 illas
447 2294 484 2327 et
505 2289 755 2338 interponunt
773 2291 875 2331 vitae
894 2296 935 2330 ut
961 2290 1122 2329 ludum
1113 2301 1335 2339 locumque
1349 2291 1447 2329 inter
1470 2290 1583 2328 seiia.

1616 2223 1624 2528 3

1613 2539 1624 2626 l
