1592 2580
839 92 869 119 ’θ

289 185 473 227 NATUR.
495 185 709 235 QUAEST.
738 186 896 227 LIB.lI.
925 192 1099 228 31—34.
1255 186 1338 228 199

58 293 120 328 est
145 298 266 338 porro
292 288 420 335 aliud,
453 288 563 337 quod
583 297 757 326 errorem
778 288 992 327 maximum
1012 288 1176 328 incutiat
1198 289 1336 338 peritis

58 344 262 391 natalium,
297 355 418 393 quam
447 344 555 393 quod
591 344 734 393 paucis
766 354 843 382 nos
875 343 1078 383 sideribus
1112 345 1335 393 adsignant,

57 411 145 439 cum
165 400 318 447 omnia,
347 410 453 449 quae
473 410 596 449 supra
616 411 693 439 nos
713 405 823 448 sunt,
847 406 1000 448 partem
1015 399 1142 439 nostri
1159 400 1236 439 sibi
1249 400 1336 440 vin-

55 456 220 495 dicent?
258 456 523 495 submissiora
549 457 715 494 forsitan
746 455 915 504 propius
942 456 982 494 in
1010 466 1087 495 nos
1113 456 1194 494 vim
1222 467 1337 496 suam

0 518 2 540 ἕ
50 511 228 560 >dirigunt
246 516 371 559 etea,
404 522 509 560 quae
528 512 776 560 frequentius
796 516 905 551 mota
923 511 1035 551 aliter
1049 522 1126 550 nos
1141 511 1337 561 aliterque

47 567 317 617 prospiciunt.
362 573 537 606 ceterum
565 572 605 606 et
631 567 717 614 illa,
756 578 863 617 quae
887 573 955 606 aut
981 568 1130 606 inmota
1158 573 1251 607 sunt
1270 573 1373 607 aut8

54 628 218 675 propter
237 622 486 663 velocitatem
504 623 696 662 universo
725 634 862 672 parem
882 623 1042 662 inmotis
1063 622 1224 670 similia,
1245 635 1336 663 -non

53 684 166 718 extra
191 679 254 719 ius
283 679 582 728 dominiumque
605 679 732 718 nostri
755 684 859 718 sunt.
887 679 1015 718 Altius
1034 680 1201 728 adspice
1221 685 1260 719 et
1277 680 1336 719 di-

54 735 234 774 stributis
261 746 345 774 rem
374 735 518 775 officiis
547 740 687 774 tracta.
723 746 804 774 non
831 735 960 783 magis
989 740 1120 774 autem
1140 735 1256 774 facile
1276 742 1338 775 est

54 791 194 837 scire,¹
213 790 309 840 quid
330 791 508 840 possint,
539 802 659 840 quam
679 790 850 830 dubitari
869 791 1006 838 debet,
1038 802 1087 830 an
1110 791 1280 840 possint.

134 846 306 885 XXXIII.
346 847 482 886 Nunc
511 847 571 886 ad
599 846 810 886 fulmina
837 852 1174 895 revertamur,
1211 858 1335 896 quo-

51 912 154 940 rum
184 903 341 942 arsin
366 903 490 942 haec
513 903 610 942 tria
631 902 901 941 dividitur:
922 902 1336 951 quemadmodum

53 959 407 1007 exploremus,
457 958 873 1008 quemadmodum
918 958 1334 1007 interpretemur,

54 1015 468 1062 quemad-modum
507 1024 789 1053 exoremus.
839 1013 970 1052 Prima
996 1025 1094 1063 pars
1114 1014 1165 1052 ad
1188 1015 1338 1053 formu-

53 1069 132 1107 lam
161 1070 348 1118 pertinet,
381 1070 561 1109 secunda
589 1070 640 1108 ad
660 1069 964 1116 divinationem,
992 1070 1108 1109 tertia
1127 1069 1179 1108 ad
1199 1071 1335 1119 propi—

50 1125 212 1164 tiandos
241 1126 362 1174 deos,
392 1137 495 1175 quos
522 1126 630 1164 bono
659 1125 824 1164 fulmine
848 1136 994 1174 rogare
1021 1130 1198 1174 oportet,
1229 1128 1334 1165 malo

28 1218 31 1221 .
52 1180 281 1230 deprecari:
316 1191 481 1230 rogare,
517 1187 559 1221 ut
584 1180 788 1230 promissa
814 1181 989 1230 firment,
1029 1181 1256 1231 deprecari,
1293 1187 1338 1221 ut

46 1236 249 1275 remittant
267 1236 408 1275 minas.

133 1291 308 1331 XXXIV.
347 1292 549 1332 Summam
577 1301 671 1331 esse
696 1291 776 1330 vim
806 1291 982 1330 fulminis
1014 1291 1211 1340 iudicant,
1243 1293 1336 1342 quia
1354 1298 1372 1330 1

53 1347 244 1396 quicquid
262 1349 337 1387 alia
353 1348 615 1397 portendunt,
632 1348 880 1386 interventus
897 1347 1071 1386 fulminis
1085 1348 1205 1394 tollit,
1225 1349 1335 1397 quic-

53 1403 150 1451 quid
177 1403 228 1441 ab
244 1403 334 1442 xhoc
363 1403 630 1452 portenditur,
658 1403 783 1441 fixum
810 1407 873 1441 est
899 1413 974 1441 nec
1001 1403 1166 1442 alterius
1190 1405 1335 1443 ostenti

50 1458 344 1506 significatione
368 1463 553 1497 mutatur.
613 1457 813 1506 Quicquid
850 1463 942 1496 exta
956 1488 966 1507 ,
1013 1459 1204 1508 quicquid
1237 1470 1335 1499 aves

50 1514 270 1560 minantur,
299 1515 478 1553 secundo
500 1514 663 1553 fulmine
681 1513 917 1553 abolebitur.
956 1513 1146 1562 quicquid
1172 1515 1336 1554 fulmine

53 1568 328 1608 denuntiatum
355 1575 436 1617 est,
474 1579 551 1608 nec
577 1570 679 1608 extis
705 1579 781 1608 nec
808 1579 885 1608 ave
911 1569 1110 1609 contraria
1131 1571 1334 1609 refellitur.

51 1625 97 1663 In
120 1635 200 1674 quo
220 1625 314 1664 mihi
332 1626 413 1664 falli
432 1625 627 1664 videntur.
667 1621 820 1674 quare?
852 1626 946 1674 quia
965 1635 1063 1664 vero
1082 1626 1219 1665 verius
1240 1626 1335 1665 nihil
1350 1634 1372 1668 2

47 1686 126 1720 est.
175 1680 218 1719 Si
238 1691 334 1720 aves
355 1681 486 1720 futura
504 1681 752 1728 cecinerunt,
773 1691 848 1720 nec
864 1687 998 1730 potest
1014 1681 1094 1721 hoc
1109 1682 1336 1731 auspicium

51 1736 215 1776 fulmine
234 1736 392 1776 inritum
410 1737 497 1775 fieri
517 1741 679 1775 autnon
698 1737 829 1775 futura
844 1737 1086 1776 cecinerunt.
1133 1748 1214 1777 non
1231 1738 1335 1777 enim

50 1803 159 1831 nunc
180 1803 295 1831 avem
315 1803 493 1842 conparo
515 1798 554 1831 et
574 1793 742 1840 fulmen,
773 1793 848 1831 sed
867 1793 946 1831 duo
966 1794 1052 1831 veri
1071 1790 1206 1841 signa,
1231 1804 1335 1842 quae

52 1849 88 1887 si
106 1858 246 1887 verum
266 1848 511 1897 significant,
540 1847 654 1896 paria
675 1853 779 1887 sunt.
816 1848 952 1898 itaque
971 1859 1061 1887 curn
1081 1849 1256 1888 fulminis
1275 1849 1333 1888 in-

48 1908 258 1943 terventus
279 1904 491 1943 submovet
511 1909 692 1943 extorum
716 1905 778 1942 vel
793 1903 948 1952 augurii
963 1905 1129 1951 indicia,
1157 1905 1262 1943 male
1276 1906 1334 1944 in-

54 1965 194 2008 specta
213 1966 323 2007 exta,
347 1961 451 1999 male
470 1964 630 1999 servata
651 1959 815 2007 auguria
834 1964 938 1998 sunt.
967 1971 1046 1999 non
1073 1960 1178 1998 enim
1198 1963 1332 2008 refert,

50 2016 178 2054 utrius
205 2016 261 2054 rei
286 2016 446 2065 species
467 2016 594 2054 maior
613 2015 664 2054 sit
681 2016 745 2054 vel
767 2019 907 2055 natura
927 2016 1143 2064 potentior:
1173 2016 1208 2055 si
1227 2022 1333 2056 utra-

56 2081 134 2119 que
155 2081 222 2110 res
241 2072 325 2110 veri
345 2071 486 2111 adtulit
507 2072 640 2120 signa,
673 2076 862 2120 quantum
882 2072 932 2110 ad
951 2072 1047 2119 hoc,
1078 2083 1152 2121 par
1168 2077 1243 2111 est.
1292 2072 1334 2112 Si
1348 2081 1370 2116 3

57 2126 170 2165 dicas
195 2126 380 2166 flammae
405 2127 596 2167 maiorem
621 2126 702 2165 vim
722 2137 815 2166 esse
836 2138 954 2176 quam
979 2128 1093 2174 fumi,
1124 2138 1205 2167 non
1224 2138 1333 2167 men-

52 2181 186 2220 tieris:
216 2183 290 2222 sed
310 2183 360 2222 ad
382 2183 636 2222 indicandum
655 2183 786 2231 ignem
805 2183 911 2222 idem
924 2184 1032 2222 valet
1046 2183 1207 2222 flamma
1222 2185 1334 2233 quod

56 2236 200 2276 fumus.
236 2239 370 2288 itaque
390 2240 424 2278 si
443 2239 522 2278 hoc
542 2240 697 2278 dicunt:
735 2239 951 2288 „quotiens
971 2244 1063 2278 exta
1082 2240 1190 2278 aliud
1211 2240 1332 2289 signi-

56 2290 250 2342 ficabunt,
280 2295 387 2333 aliud
413 2295 595 2342 fulmina,
626 2294 831 2334 fulminum
853 2294 927 2334 erit
945 2295 1160 2334 auctoritas
1179 2295 1332 2335 mai0r“

59 2345 231 2388 fortasse
255 2350 515 2390 consentiam.
558 2351 591 2390 si
618 2350 696 2390 hoc
722 2351 883 2390 dicunt=
922 2350 1062 2400 [quod]
1090 2352 1240 2400 „altera
1264 2361 1332 2390 res
