1592 2580
261 152 340 195 146
594 153 658 192 ·L.
687 152 875 191 ANNAEI
902 151 1124 192 SENECAE
1135 154 1137 157 ’
1152 185 1165 204 κ

262 254 328 302 qui
354 253 593 291 voluntatem
617 251 764 290 bonam
789 251 828 289 in
855 253 1025 291 solutum
1052 253 1221 302 accepit,
1258 263 1306 292 eo
1334 254 1515 295 libentius

260 308 403 355 debes,
430 307 523 355 quia
548 305 764 347 dimitteris.
793 316 872 344 non
895 305 1028 355 rapias
1052 306 1129 357 hqc
1155 317 1228 345 nec
1250 309 1419 348 testeris.
1449 321 1514 349 oc-

216 363 237 395 5
257 362 440 399 casiones
462 361 655 398 reddendi
679 360 928 399 nihilominus
950 371 1130 410 quaeras.
1175 362 1312 401 Redde
1330 364 1402 410 illi,
1423 366 1516 413 quia

254 415 415 463 repetit,
440 415 552 461 huic,
583 415 676 463 quia
704 415 872 453 remittit.
901 415 972 462 illi,
1006 415 1097 463 quia
1113 418 1254 464 malus,
1281 417 1394 465 huic,
1423 418 1516 467 quia

252 481 329 508 non
353 472 490 508 malus.
525 469 701 517 Ideoque
720 479 799 508 non
821 474 900 518 est,
929 470 1037 518 quod
1063 470 1114 508 ad
1140 475 1178 509 te
1196 470 1296 509 hanc
1317 473 1514 520 quaestio-

254 535 344 562 nem
372 524 523 562 iudices
550 523 747 572 pertinere
775 535 851 571 an,
879 524 1013 574 quod
1036 523 1337 563 veneficium
1357 527 1470 574 quis
1490 539 1515 565 a

252 579 485 626 sapiente
504 578 783 626 acceperit,
802 578 1018 617 reddere
1039 578 1237 625 debeat,
1259 580 1301 618 si
1320 580 1410 619 ille
1430 581 1512 620 de-

252 632 344 671 siit-
365 643 480 671 esse
500 632 707 680 sapiens
727 637 772 672 et
789 634 834 671 in
854 634 1024 671 malum
1047 643 1231 672 versus
1250 638 1336 673 est.
1371 636 1511 674 redde-

251 697 316 725 res
337 687 437 725 enim
459 691 498 724 et
517 686 752 735 depositum,
775 688 879 736 quod
897 688 1111 735 asapiente
1127 689 1367 735 accepisses.
1396 689 1512 727 etiam

250 742 352 781 malo
371 741 563 780 redderes
583 741 789 780 creditum:
818 742 911 791 quid
931 746 992 780 est
1009 752 1079 779 cur
1099 753 1177 780 non
1197 746 1236 780 et
1253 743 1514 782 beneficium?

209 797 230 832 6
251 796 344 844 quia
362 800 531 834 mutatus
558 801 619 835 est
643 795 727 843 ille,
754 800 792 834 te
818 800 964 834 mutat?
1012 795 1139 842 Quid?
1178 796 1212 835 si
1241 797 1337 844 quid
1364 808 1387 836 a
1412 808 1511 836 sano

250 849 498 899 accepisses,
529 859 647 898 aegro
676 860 755 888 non
773 851 982 897 redderes,
1010 860 1097 888 cum
1119 851 1208 899 plus
1229 862 1386 900 semper
1404 852 1512 891 inbe-

249 904 338 943 cillo
355 905 480 943 amico
501 904 742 942 debeamus?
770 905 887 943 ethic
906 914 1024 952 aeger
1043 909 1104 943 est
1118 905 1266 944 animo:
1293 907 1508 954 adiuvetur,

250 960 406 998 feratur.
437 958 596 997 stultitia
613 959 773 998 morbus
792 964 853 998 est
871 959 1000 998 animi.

210 1018 228 1050 1
331 1013 451 1052 XVII.
472 1012 798 1060 Distinguendum
812 1013 899 1061 hoc,
921 1024 999 1061 quo
1011 1012 1137 1061 magis
1152 1013 1407 1064 intellegatur,
1428 1017 1509 1054 exi-

251 1067 379 1106 stimo.
413 1068 500 1106 Duo
528 1071 618 1106 sunt
636 1068 847 1107 beneficia:
873 1079 993 1106 unum
1014 1069 1122 1116 quod
1142 1068 1235 1107 dare
1255 1070 1330 1107 nisi
1349 1071 1510 1119 sapiens

250 1121 419 1170 sapienti
446 1132 526 1160 non
552 1126 695 1170 potest.
732 1122 807 1162 hoc
829 1127 890 1160 est
912 1122 1133 1161 absolutum
1154 1128 1192 1161 et
1210 1134 1344 1162 verum
1363 1125 1509 1163 benefi-

249 1175 362 1214 cium.
403 1176 566 1214 alterum
586 1177 764 1224 volgare,
786 1177 1001 1225 plebeium,
1024 1177 1134 1215 cuius
1155 1178 1254 1216 inter
1272 1189 1347 1217 nos
1365 1178 1508 1227 inperi-

205 1234 226 1266 2
250 1236 309 1269 tos
338 1230 612 1268 commercium
640 1235 711 1269 est.
754 1231 812 1269 De
840 1231 917 1270 hoc
945 1242 1023 1270 non
1043 1236 1104 1270 est
1124 1232 1302 1280 dubium,
1333 1234 1424 1281 quin
1443 1234 1509 1280 illi,

248 1285 554 1333 qualiscumque,
575 1289 636 1323 est
650 1285 815 1323 debeam
830 1286 1015 1332 reddere,
1036 1285 1120 1323 sive
1135 1286 1331 1327 homicida
1347 1288 1432 1326 sive
1447 1288 1510 1325 fur

246 1340 331 1378 sive
359 1339 510 1377 adulter
537 1339 680 1378 evasit:
716 1339 870 1378 Habent
901 1340 1053 1377 scelera
1079 1341 1188 1388 leges
1219 1351 1335 1380 suas:
1368 1343 1507 1380 melius

248 1394 348 1433 istos
380 1393 500 1432 iudex
534 1403 650 1440 quam
683 1392 859 1441 ingratus
892 1394 1085 1432 emendat.
1134 1405 1250 1434 nemo
1283 1401 1321 1434 te
1352 1397 1507 1445 malum,

248 1447 315 1496 qui
334 1451 415 1494 est,
436 1448 563 1486 saciat.
598 1448 703 1486 Malo
725 1448 956 1486 beneficium
976 1449 1183 1496 proiciam,
1206 1449 1312 1489 bono
1331 1450 1507 1500 reddam,

248 1502 338 1541 huic
358 1502 447 1549 quia
469 1502 617 1549 debeo,
645 1502 696 1540 illi
719 1513 769 1540 ne
790 1503 968 1540 debeam.

209 1562 227 1594 1
324 1556 460 1594 XVIII.
491 1556 549 1595 De
575 1558 696 1595 altero
724 1557 903 1595 beneficii
930 1567 1075 1604 genere
1094 1558 1307 1607 dubitatur,
1337 1559 1445 1607 quod
1473 1560 1507 1598 si

245 1610 426 1659 accipere
445 1621 524 1649 non
545 1611 654 1659 potui
675 1611 751 1649 nisi
770 1612 948 1660 sapiens,
977 1623 1048 1650 nec
1067 1613 1233 1650 reddere
1255 1613 1411 1661 quidem
1432 1614 1507 1653 nisi

246 1666 413 1713 sapienti
434 1675 610 1714 possum.
647 1669 742 1714 puta
760 1666 861 1704 enim
879 1676 942 1704 me
959 1667 1145 1704 reddere=
1177 1667 1241 1706 ille
1267 1678 1347 1706 non
1373 1672 1508 1716 potest

244 1720 432 1767 recipere.
478 1730 557 1758 non
583 1724 644 1758 est
669 1720 745 1757 iam
764 1720 880 1759 huius
899 1721 956 1759 rei
977 1731 1115 1768 capax.
1152 1721 1354 1760 scientiam
1373 1724 1506 1761 utendi

245 1774 424 1821 perdidit.
468 1774 568 1821 Quid
591 1774 624 1812 si
652 1784 714 1812 me
729 1774 923 1813 remittere
944 1785 1084 1814 manco
1104 1775 1221 1824 pilam
1241 1776 1379 1815 iubes?
1411 1778 1504 1816 stul-

208 1832 228 1864 2
245 1833 325 1866 tum
344 1833 404 1867 est
423 1828 518 1866 dare
538 1828 664 1875 alicui,
685 1829 792 1876 quod
812 1830 993 1877 accipere
1009 1841 1087 1868 non
1108 1831 1245 1878 possit.
1274 1831 1323 1870 Ut
1339 1842 1503 1880 respon-

245 1883 339 1921 dere
365 1883 415 1921 ab
446 1883 579 1921 ultimo
605 1882 807 1931 incipiam:
849 1894 928 1921 non
956 1885 1059 1923 dabo
1086 1885 1158 1932 illi,
1189 1886 1295 1933 quod
1325 1886 1504 1934 accipere

245 1948 324 1976 non
348 1938 501 1986 poterit.
537 1937 719 1983 reddam,
748 1938 898 1976 etiamsi
924 1939 1102 1986 recipere
1121 1950 1198 1977 non
1220 1939 1372 1987 poterit.
1405 1940 1502 1978 obli-

243 2002 338 2039 gare
358 1993 460 2031 enim
479 2002 557 2031 non
577 2002 743 2040 possum
761 1991 836 2030 nisi
855 1992 1130 2041 accipientem:
1166 1992 1323 2031 liberari
1341 1997 1501 2042 tantum,

245 2047 278 2083 si
296 2046 471 2093 reddidi,
493 2056 672 2094 possum.
712 2046 780 2084 llle
797 2046 853 2084 uti
871 2046 936 2085 illo
955 2058 1034 2086 non
1053 2047 1223 2096 poterit?
1249 2047 1401 2087 viderit.
1430 2059 1499 2097 pe-

244 2110 315 2138 nes
329 2101 437 2139 illum
455 2101 526 2139 erit
545 2102 679 2149 culpa,
699 2111 777 2140 non
795 2111 920 2149 penes
939 2111 1013 2139 me.

208 2160 226 2191 1
321 2155 419 2194 XIX.
451 2155 657 2203 „Reddere
675 2160 747 2203 est,
766 2155 901 2204 inquit,
922 2161 1131 2204 accepturo
1146 2154 1370 2195 tradidisse.
1402 2156 1493 2204 quid

243 2209 363 2255 enim,
398 2210 432 2247 si
459 2210 521 2249 cui
548 2210 678 2248 vinum
707 2210 854 2249 debeas
881 2214 920 2248 et
945 2210 1021 2249 hoc
1040 2209 1104 2249 ille
1123 2214 1161 2249 te
1181 2209 1388 2249 infundere
1406 2212 1495 2250 reti-

243 2264 332 2301 culo
360 2263 490 2302 iubeat
517 2268 584 2303 aut
610 2265 757 2303 cribro:
791 2264 1015 2303 reddidisse
1041 2269 1079 2303 te
1105 2264 1214 2303 dices
1244 2269 1310 2304 aut
1328 2265 1494 2304 reddere

206 2321 227 2355 2
243 2318 351 2355 voles
362 2347 372 2366 ,
396 2318 522 2367 quod,
543 2319 635 2358 dum
649 2319 835 2368 redditur,
855 2319 953 2358 inter
969 2319 1069 2359 duos
1086 2323 1247 2368 pereat?
1258 2321 1279 2341 “
1311 2319 1492 2359 Reddere
