1624 2626
66 152 430 197 CONTUMELIAM
443 152 694 193 ACCIPERE
710 152 1009 192 SAPIENTEM.
1019 151 1290 192 xlv—XVII.
1299 151 1352 193 31

65 261 186 298 vere?
203 257 356 296 Domus
375 255 476 294 haec
497 253 693 302 sapientis
713 259 896 303 angusta,
916 254 1002 292 sine
1024 254 1145 301 cultu,
1156 253 1243 292 sine
1254 251 1352 292 stre·
1370 271 1391 303 5

63 314 160 364 pitu,
189 311 286 351 sine
304 312 513 360 adparatu,
547 310 666 348 nullis
687 310 925 349 adservatur
942 308 1179 348 ianitoribus
1199 310 1352 348 turbam

62 368 194 408 venali
211 367 371 407 fastidio
394 366 679 415 digerentibus,
700 365 774 404 sed
793 376 868 415 per
886 365 964 405 hoc
983 366 1102 404 limen
1122 376 1295 405 vacuum
1315 371 1354 404 et

64 426 114 464 ab
136 424 310 463 ostiariis
329 423 496 461 liberum
516 422 676 461 fortuna
695 432 776 461 non
796 421 948 461 transit.
997 421 1072 460 scit
1091 432 1172 460 non
1193 432 1288 461 esse
1307 420 1352 460 il-

61 481 111 519 lic
131 480 206 520 sibi
227 481 371 526 locum,
392 478 459 517 ubi
481 480 542 517 sui
562 478 658 516 nihil
678 482 752 516 est.

139 535 243 574 XVI.
284 533 436 583 Quodsi
454 534 655 582 Epicurus
677 544 850 583 quoque,
873 533 939 583 qui
957 532 1118 582 corpori
1141 534 1350 583 plurimum
1371 550 1388 582 1

62 591 234 639 indulsit,
257 591 454 630 adversus
474 588 640 629 iniurias
655 590 845 637 exsurgit,
861 591 986 639 quiid
1002 590 1111 638 apud
1127 601 1203 630 nos
1221 590 1348 628 incre-

62 647 182 686 dibile
210 645 337 685 videri
364 651 499 695 potest
525 649 593 684 aut
621 656 745 694 supra
771 645 973 684 humanae·
997 650 1163 684 naturae
1189 657 1349 685 mensu-

60 707 173 742 ram?
217 703 283 741 ille
310 702 365 741 ait
384 701 549 740 iniurias
571 701 800 740 tolerabiles
821 711 914 740 esse
933 702 1124 751 sapienti,
1154 713 1228 741 nos
1250 703 1349 741 iniu-

60 759 140 798 rias
161 769 241 797 non
262 768 368 797 csse.
414 768 490 796 nec
512 758 616 796 enim
640 761 714 804 est,
739 758 847 805 quod
869 757 982 796 dicas
1003 757 1081 796 hoc
1103 763 1268 797 naturae
1286 768 1349 797 re-

61 825 253 863 pugnare.
290 814 378 852 Non
398 824 592 862 negamus
612 823 695 851 rem
717 813 1010 852 incommodam
1031 824 1125 852 esse
1145 813 1348 852 verberari
1366 827 1388 860 2

59 875 98 909 et
116 870 252 919 inpelli
273 873 312 908 ct
330 869 464 917 aliquo
486 869 663 908 membro
694 879 851 915 carere,
880 870 953 908 sed
983 869 1115 908 omnia
1135 870 1212 908 ista
1228 880 1349 918 nega-

58 936 147 964 mus
170 925 335 964 iniurias
358 935 463 964 esse.
519 935 599 963 non
628 935 791 963 sensum
819 924 898 963 illis
918 925 1070 964 doloris
1091 925 1348 973 detrahimus,

59 981 130 1020 sed
152 992 298 1020 nomen
317 981 496 1029 iniuriae,
519 980 628 1028 quod
650 991 729 1019 non
751 985 887 1028 potest
905 980 1031 1029 recipi
1054 980 1196 1020 virtute
1221 983 1348 1020 salva.

57 1037 153 1076 Uter
174 1038 307 1075 verius
329 1037 436 1075 dicat
453 1035 701 1074 videbimus:
740 1036 792 1074 ad
814 1040 1085 1085 contemptum
1106 1037 1268 1085 quidem
1289 1037 1347 1076 in-

57 1093 182 1131 iuriae
209 1095 376 1141 uterque
402 1092 614 1130 consentit.
666 1090 832 1139 Quaeris
855 1092 950 1140 quid
973 1093 1076 1131 inter
1096 1093 1199 1132 duos
1227 1093 1346 1132 inter-

57 1149 134 1187 sit?
163 1148 273 1197 quod
291 1148 393 1187 inter
411 1147 656 1196 gladiatores
677 1147 930 1195 fortissimos,
947 1159 1117 1196 quornm
1137 1150 1237 1188 alter
1258 1160 1347 1198 pre—

56 1204 126 1243 mit
146 1205 292 1243 volnus
313 1209 352 1243 et
373 1207 451 1242 stat
470 1203 510 1242 in
529 1204 676 1252 gradu,
716 1204 814 1242 alter
839 1203 1066 1252 respiciens
1091 1205 1142 1243 ad
1172 1206 1346 1244 claman-

54 1265 132 1298 tem
154 1260 347 1308 populum
370 1260 570 1308 significat
589 1259 685 1297 nihil
705 1269 798 1298 esse
820 1265 858 1298 et
877 1260 1069 1299 intercedi
1090 1272 1168 1300 non
1188 1262 1346 1309 patitur.

54 1315 141 1355 Non
163 1320 236 1363 est,
260 1315 370 1365 quod
394 1321 510 1364 putes
532 1326 732 1363 magnum,
756 1326 836 1364 quo
861 1316 1126 1355 dissidemus:
1147 1317 1244 1355 illud
1266 1329 1345 1366 quo
1361 1336 1385 1370 3

57 1371 107 1410 dc
128 1371 275 1420 agitur,
299 1372 410 1420 quod
430 1382 551 1410 unum
572 1371 623 1410 ad
644 1382 719 1410 vos
742 1370 932 1420 pertinet,
969 1377 1140 1421 utraque
1160 1374 1347 1422 exempla

56 1427 272 1474 hortantur,
295 1432 550 1466 contemnere
569 1427 732 1465 iniurias
753 1431 792 1466 et
813 1438 913 1477 quas
934 1427 1165 1467 iniuriarum
1182 1429 1346 1468 umbras

57 1492 104 1520 ac
125 1481 379 1531 suspiciones
401 1483 587 1532 dixerim,
617 1484 898 1530 contumelias,
923 1484 974 1522 ad
995 1495 1096 1533 quas
1118 1484 1345 1534 despicien-

57 1537 131 1575 das
152 1548 231 1576 non
255 1539 434 1587 sapiente
455 1550 558 1587 opus
581 1544 642 1578 est
661 1540 759 1586 viro,
790 1540 861 1578 sed
884 1544 1034 1579 tantum
1055 1542 1343 1590 conspiciente,

57 1593 124 1641 qui
154 1593 231 1631 sibi
259 1594 390 1641 possit
415 1594 568 1632 dicere:
597 1601 755 1642 „utrum
783 1595 922 1635 merito
945 1595 1039 1634 mihi
1060 1595 1138 1635 ista
1158 1598 1347 1637 accidunt

57 1659 104 1686 an
127 1649 335 1687 inmerito?
371 1650 404 1687 si
424 1649 584 1698 merito,
604 1662 682 1690 non
705 1657 766 1690 est
786 1651 1035 1699 contumelia,
1058 1653 1249 1691 iudicium
1268 1659 1343 1692 est.

57 1703 91 1742 si
110 1704 313 1753 inmerito,
335 1705 388 1743 illi
409 1704 478 1753 qui
497 1705 644 1745 iniusta
664 1707 775 1755 facit,
798 1708 1118 1747 erubescendum
1140 1712 1241 1748 est.“
1295 1709 1345 1749 Et
1359 1727 1382 1761 4

57 1759 151 1808 quid
182 1764 245 1798 est
269 1760 365 1798 illud
395 1761 506 1808 quod
534 1763 771 1800 contumelia
801 1763 972 1802 dIcitur2
1027 1764 1065 1802 in
1095 1766 1237 1814 capitis
1268 1766 1344 1803 mei

54 1815 277 1854 laevitatem
310 1816 463 1855 iocatus
491 1821 552 1855 est
580 1821 618 1856 et
644 1818 683 1855 in
714 1818 918 1858 oculorum
948 1819 1205 1859 valitudinem
1233 1826 1272 1859 et
1305 1821 1344 1859 in

0 1872 3 1876 '
57 1881 213 1910 crurum
234 1871 491 1920 gracilitatem
521 1873 616 1911 etin
640 1878 847 1913 staturam=
880 1886 985 1924 quae
1006 1877 1248 1915 contumelia
1268 1883 1341 1923 cst,

54 1927 163 1975 quod
187 1927 355 1976 adparet
383 1928 550 1966 audire?
597 1928 737 1968 Coram
768 1941 849 1968 uno
879 1930 1028 1979 aliquid
1059 1933 1207 1971 dictum
1236 1932 1341 1971 ride-

52 1993 162 2030 mus,
189 1993 325 2022 coram
355 1983 536 2032 pluribus
561 1983 815 2032 indignamur
844 1992 883 2025 et
911 1997 1048 2025 eorum
1072 1988 1160 2026 aliis
1182 1988 1339 2027 liberta—

53 2043 129 2076 tem
149 2049 229 2077 non
251 2038 525 2088 relinquimus,
549 2050 652 2088 quae
672 2039 750 2089 ipsi
770 2041 807 2079 in
825 2053 900 2081 nos
915 2043 1050 2080 dicere
1068 2044 1341 2083 adsuevimus.

0 2107 3 2118 2
51 2092 155 2132 locis
176 2096 405 2143 temperatis
426 2096 681 2143 delectamur,
703 2096 912 2136 inmodicis
932 2097 1153 2137 irascimur.

135 2148 258 2188 XVII.
302 2150 554 2201 Chrysippus
575 2152 628 2191 ait
649 2152 847 2200 quendam
868 2153 1133 2202 indignatum,
1166 2157 1276 2205 quod
1295 2157 1337 2196 il-
1357 2171 1375 2204 1

53 2205 131 2243 lum
153 2205 298 2254 aliquis
327 2217 446 2245 verv
460 2217 592 2246 ecem
629 2208 748 2246 mari
762 2219 867 2247 num
903 2209 1069 2249 dixerat.
1116 2211 1159 2249 In
1195 2218 1339 2252 senatu

53 2259 213 2300 flentem
235 2260 406 2301 vidimus
432 2262 572 2302 Fidum
599 2264 842 2312 Cornelium,
873 2265 1046 2306 Nasonis
1067 2265 1197 2306 Ovidii
1216 2279 1338 2317 gene-

53 2325 160 2367 rum,
195 2328 284 2358 curn
316 2318 425 2359 illum
453 2318 625 2360 Corbulo
655 2319 1107 2363 struthocamelum
1137 2324 1338 2374 depila-
