1624 2626
150 182 220 221 AD
252 178 546 220 GALLIONEM
573 178 641 217 DE
668 178 790 217 VITA
818 177 1003 217 BEATA.
1037 183 1094 218 25.
1114 183 1171 220 26.
1242 177 1320 219 161

42 291 286 331 suspensum
312 279 480 328 gradum
518 282 670 327 ponunt
697 283 736 317 et
762 278 922 327 pondus
961 289 1078 318 suum
1113 279 1321 320 sustinent.

41 339 138 377 Cum
155 337 233 375 hoc
256 336 310 374 ita
329 335 501 374 divisum
515 336 578 383 sit,
597 335 703 374 malo
724 334 798 373 has
818 334 859 373 in
878 345 957 374 usu
975 334 1071 373 mihi
1091 345 1197 384 esse,
1219 346 1322 386 quae
1341 340 1364 375 8

41 391 291 433 exercendae
309 389 562 439 tranquillius
582 395 687 438 sunt,
717 400 836 439 quam
859 400 950 438 eaS‚
979 401 1148 440 quarum
1162 392 1322 441 experi-

41 453 216 488 mentum
235 446 400 495 sanguis
421 451 460 485 et
479 446 605 485 sudor
624 451 700 486 est.
725 446 832 495 Ergo
852 457 933 486 non
954 456 1030 495 ego
1051 447 1176 497 aliter,
1195 446 1325 497 inquit

41 503 218 553 sapiens,
246 503 340 542 vivo
362 512 482 551 quam
501 503 659 552 loquor,
682 502 755 541 sed
771 512 847 542 vos
866 502 981 541 aliter
1000 503 1161 543 auditis.
1194 514 1323 545 sonus

41 559 313 600 tantummodo
343 558 558 598 verborum
577 559 630 596 ad
657 568 775 598 aures
802 560 960 598 vestras
989 559 1194 609 pervenit:
1226 559 1324 609 quid

41 615 240 666 significet
258 626 338 654 non
360 614 590 663 quaeritis.“
819 614 822 618 '
1345 625 1363 658 l

120 671 261 712 XXVI.
289 700 312 718 ‚‚
324 670 454 718 „Quid
473 680 570 718 ergo
598 669 702 709 inter
719 679 782 708 me
805 671 965 710 stultum
984 675 1025 709 et
1042 675 1082 709 te
1101 670 1324 720 sapientem

41 727 216 774 interest,
238 727 272 764 si
291 731 460 775 uterque
479 726 628 764 habere
645 726 930 765 volumusv‘ffl
973 726 1228 775 „Plurimum
1266 727 1324 766 di-

42 783 164 822 vitiae
184 782 289 822 enim
309 782 418 831 apud
437 781 660 831 sapientem
678 782 807 820 virum
825 781 866 820 in
881 782 1072 821 servitute
1092 787 1195 832 sunt,
1217 783 1325 832 apud

43 839 205 877 stultum
225 838 264 876 in
284 837 466 886 imperio.
500 837 663 886 sapiens
691 836 840 876 divitiis
855 837 953 876 nihil
981 837 1180 887 permittit,
1206 837 1324 877 vobis

43 894 207 932 divitiae
220 893 366 932 omnia.
387 904 477 941 vos,
493 898 695 942 tamquam
711 893 854 941 aliquis
873 893 991 933 vobis
1008 898 1209 932 aeternam
1229 904 1325 943 pos-

44 948 270 988 sessionem
290 960 426 988 earum
445 948 684 997 promiserit,
712 949 953 987 adsuescitis
972 948 1051 988 illis
1071 954 1110 988 et
1136 949 1325 988 cohaere·

43 1005 107 1053 tis,
140 1004 304 1054 sapiens
323 1009 419 1044 tunc
438 1003 608 1042 maxime
628 1008 903 1052 paupertatem
922 1003 1147 1053 meditatur,
1176 1016 1266 1044 cum
1285 1006 1324 1044 in

43 1060 184 1099 mediis
204 1059 352 1099 divitiis
371 1059 559 1099 constitit.
586 1059 810 1108 Numquam
828 1060 1044 1108 imperator
1062 1060 1116 1099 ita
1130 1061 1221 1109 paci
1242 1071 1326 1104 crc—
1347 1068 1368 1101 2

45 1116 112 1164 dit,
133 1121 276 1156 utnon
305 1126 350 1154 se
371 1119 581 1165 praeparet
608 1115 726 1164 bello,
755 1115 866 1164 quod
894 1115 1047 1154 etiamsi
1066 1126 1146 1154 non
1166 1116 1325 1164 geritur,

43 1171 233 1211 indictum
256 1177 336 1211 est:
365 1181 441 1210 vos
471 1171 615 1210 domus
635 1171 825 1218 formosa,
853 1175 1057 1220 tamquam
1083 1181 1159 1211 nee
1185 1173 1327 1211 ardere

45 1237 119 1266 nec
138 1238 255 1267 ruere
275 1227 416 1276 possit,
443 1227 677 1275 insolentes,
701 1237 778 1266 vos
799 1237 914 1276 opes,
940 1231 1141 1276 tamquam
1170 1228 1326 1277 pericu—

45 1283 126 1322 lum
164 1293 281 1322 omne
315 1282 636 1322 transcenderint
667 1283 922 1331 maioresque
955 1282 1035 1322 sint
1061 1283 1178 1322 vobis
1208 1294 1327 1333 quam

47 1338 193 1387 quibus
213 1336 499 1378 consumendis
528 1339 626 1377 satis
644 1339 785 1376 virium
812 1338 958 1377 habeat
985 1339 1156 1387 fortuna,
1188 1339 1323 1379 obstu-

47 1394 261 1443 pefaciunt.
289 1395 408 1434 otiosi
425 1393 572 1433 divitiis
591 1394 726 1434 luditis
746 1405 820 1432 nec
842 1394 1062 1443 providetis
1082 1395 1235 1433 illarum
1255 1406 1323 1444 pe·
1347 1397 1369 1431 3

46 1450 224 1498 riculum,
245 1450 348 1489 sicut
366 1450 523 1489 barbari
543 1451 791 1499 plerumque,
811 1450 954 1489 inclusi
975 1455 1014 1489 et
1032 1449 1160 1498 ignari
1178 1451 1327 1490 machi·

47 1516 198 1552 narum,
221 1516 366 1553 segnes
384 1506 563 1544 laborem
578 1506 844 1545 obsidentium
865 1510 1050 1554 spectant
1068 1517 1142 1544 nec
1163 1517 1242 1556 quo
1261 1507 1329 1545 illa

48 1560 283 1610 pertineant,
304 1571 406 1609 quae
415 1571 467 1599 ex
482 1561 698 1611 longinquo
715 1565 930 1609 struuntur,
949 1561 1201 1610 intellegunt:
1221 1562 1327 1600 idem

47 1616 165 1656 vobis
186 1616 330 1654 evenit.
361 1616 546 1655 marcetis
563 1616 604 1655 in
620 1617 766 1656 vestris
781 1617 904 1656 rebus
919 1627 994 1656 nec
1014 1617 1210 1666 cogitatis,
1232 1623 1329 1667 quot

51 1682 171 1711 casus
190 1671 370 1720 undique
389 1671 603 1712 inmineant
621 1673 698 1711 iam
723 1672 884 1722 iamque
913 1673 1093 1722 pretiosa
1112 1673 1246 1722 spolia
1270 1675 1325 1712 la·
1369 1668 1372 1672 ’

49 1728 139 1767 turi.
176 1726 357 1776 Sapienti
386 1726 567 1776 quisquis
588 1727 796 1766 abstulerit
813 1729 981 1778 divitias,
1011 1729 1145 1768 omnia
1169 1729 1221 1768 illi
1253 1740 1327 1768 sua
1346 1740 1369 1774 4

49 1783 259 1832 relinquet.
297 1781 392 1820 vivit
407 1781 511 1820 enim
528 1783 805 1831 praesentibus
821 1785 962 1831 laetus,
982 1784 1127 1823 futuris
1143 1795 1326 1824 securus.

51 1837 148 1877 nihil
165 1838 307 1886 magis,
326 1837 454 1887 inquit
469 1837 534 1876 ille
550 1837 736 1877 Socrates
755 1844 824 1879 aut
841 1838 987 1888 aliquis
1006 1840 1119 1888 alius,
1141 1841 1204 1879 cui
1222 1840 1327 1878 idem

49 1896 112 1933 ius
127 1894 323 1933 adversus
343 1893 515 1932 humana
538 1899 658 1942 atque
673 1894 815 1933 eadem
836 1900 1014 1944 potestas
1036 1900 1110 1943 est,
1141 1896 1325 1944 persuasi

50 1949 166 1998 mihi,
199 1960 319 1998 quam
343 1959 394 1987 ne
422 1949 473 1987 ad
501 1949 710 1998 opiniones
736 1955 893 1990 vestras
922 1956 1051 1990 actum
1080 1950 1185 1989 vitae
1213 1961 1327 1990 meae

52 2004 268 2044 flecterem.
297 2005 415 2044 solita
434 2005 611 2044 conferte
636 2005 814 2055 undique
832 2006 977 2045 verba:
1004 2015 1084 2045 non
1112 2005 1326 2046 conviciari

52 2070 129 2099 vos
149 2060 309 2110 putabo,
328 2061 402 2099 scd
420 2061 556 2109 vag-ire
575 2062 684 2099 velut
702 2060 871 2100 infantes
890 2060 1198 2101 misserrimos.“
1216 2062 1325 2100 Haec
1344 2071 1366 2105 5

53 2115 161 2155 dicet
186 2116 272 2165 ille,
300 2116 364 2155 cui
386 2116 582 2165 sapientia
610 2117 789 2165 contigit,
819 2127 938 2166 quem
960 2117 1115 2156 animus
1141 2116 1324 2158 vitiorum

54 2171 226 2210 inmunis
244 2171 454 2220 increpare
473 2173 587 2221 alios,
617 2183 696 2211 non
719 2171 814 2221 quia
833 2173 927 2221 odit,
954 2173 1028 2211 sed
1046 2173 1086 2211 in
1104 2173 1323 2213 remedium

56 2225 176 2266 iubet.
222 2227 366 2266 adiciet
391 2227 453 2266 his
473 2226 561 2266 illa:
590 2228 861 2276 „Existimatio
881 2238 944 2266 me
971 2232 1108 2267 vestra
1127 2239 1208 2268 non
1234 2239 1324 2268 meo

59 2282 216 2322 nomine
235 2282 309 2322 sed
327 2288 461 2322 vestro
480 2288 625 2332 movet,
647 2284 742 2332 quia
759 2282 990 2322 calamitatis
1014 2286 1098 2332 [est]
1116 2285 1265 2332 odisse,
1286 2290 1326 2323 et

60 2337 261 2377 lacessere
279 2339 463 2378 virtutem
481 2339 611 2378 bonae
639 2340 727 2389 spei
757 2339 920 2379 eiuratio
949 2344 1022 2379 est.
1059 2341 1206 2380 nullam
1230 2339 1325 2380 mihi

118 2404 250 2430 SENECA
274 2406 364 2431 prm..
394 2397 418 2431 1.
1085 2401 1127 2435 ll
1154 2408 1156 2411 ·
