1592 2580
271 163 279 168 ’
324 177 391 218 DE
420 175 698 216 BENEFlcus
725 176 822 214 Lm.
838 176 903 214 111.
938 181 1110 216 20—23.
1306 175 1361 216 49

81 279 216 320 ficium
234 278 419 318 dominus
442 288 467 317 a
485 287 605 316 servo
626 275 801 325 accipit?
835 275 954 315 immo
974 275 1095 315 homo
1117 275 1167 315 ab
1186 275 1359 316 homine.

81 336 263 384 Denique
291 334 402 383 quod
434 334 473 372 in
505 332 613 372 illius
641 336 840 381 potestate
869 331 941 371 ruit
968 331 1084 371 fecitz
1121 331 1399 372 beneficium4

83 392 243 432 domino
265 390 386 429 dedit.
416 400 467 428 ne
488 399 513 428 a
531 399 650 427 servo
671 388 901 437 acceperiS,
929 387 969 427 in
989 393 1056 427 tua
1072 392 1270 437 potestate
1285 394 1358 428 est.

83 447 178 496 Quis
205 452 337 485 autem
357 450 493 485 tantus
512 449 594 494 est,
623 454 744 494 quem
763 455 845 484 non
863 444 1024 484 fortuna
1041 444 1222 493 indigere
1243 444 1361 484 etiam

82 503 226 542 infimis
249 506 394 551 cogat?

163 558 302 597 XXIII.
330 557 482 596 Multa·
473 568 550 595 iam
570 555 861 595 beneficiorum
876 566 1026 606 genera
1039 556 1208 595 referam
1228 561 1268 595 et
1282 557 1362 595 dis·
1381 562 1397 595 1

82 615 224 654 similia
250 618 290 653 et
317 614 516 663 quaedam
544 613 644 651 inter
663 623 709 651 se
731 613 942 652 contraria.
984 612 1104 652 Dedit
1121 600 1267 661 aliquis
1290 613 1362 651 do-

81 671 188 709 mino
217 681 292 709 suo
325 669 463 717 vitam,
496 668 608 708 dedit
632 673 819 717 mortem,
853 669 1032 708 servavit
1055 668 1293 717 periturum:
1323 673 1364 706 et

82 726 160 765 hoc
176 726 210 765 si
227 735 365 775 parum
382 730 455 772 est,
478 725 687 774 pereundo
704 725 891 763 servavit.
920 724 1024 764 alius
1034 729 1201 763 mortem
1213 724 1363 763 domini

83 782 245 830 adiuvit,
261 782 363 820 alius
375 780 549 830 decepi&
574 779 763 819 Claudius
775 780 1061 830 Quadrigarius
1070 780 1108 818 in
1120 780 1364 819 duodevice·
1378 787 1400 820 2

83 838 185 877 simo
202 837 401 876 annalium
415 837 553 884 tradit,
576 847 667 875 cum
687 836 941 876 obsideretur
959 836 1215 875 Grumentum
1232 841 1271 874 et
1283 835 1364 874 iam

84 894 137 932 ad
156 904 351 932 summam
372 892 696 941 desperationem
709 897 872 931 ventum
887 898 1009 940 esset,
1030 892 1135 931 duos
1152 903 1296 931 servos
1310 892 1365 930 ad

83 950 239 989 hostem
249 948 514 996 transfugisse
524 953 721 997 etoperae
732 948 900 997 pretium
912 948 1073 987 secisse.
1100 947 1254 987 Deinde
1263 947 1364 987 urbe

84 1011 203 1055 capta
220 1004 372 1054 passim
393 1004 643 1043 discurrente
663 1004 813 1043 victore
833 1003 924 1042 illos
934 999 1019 1053 'per
1036 1008 1133 1043 nota
1150 1004 1293 1043 itinera
1311 1004 1366 1042 ad

84 1061 257 1108 domum,
268 1061 306 1099 in
319 1071 399 1109 qua
409 1059 642 1107 servierant,
654 1060 979 1109 praecucurrisse
989 1065 1028 1099 et
1037 1059 1239 1098 dominam
1251 1070 1366 1099 suam

83 1122 174 1156 ante
191 1128 236 1156 se
253 1117 399 1164 egisse.
432 1115 716 1164 quaerentibus
736 1125 934 1163 quaenam
953 1119 1083 1162 esset,
1104 1115 1306 1154 dominam
1327 1120 1367 1154 et

84 1172 246 1222 quidem
274 1171 589 1210 crudelissimam
622 1171 674 1210 ad
698 1171 941 1220 supplicium
962 1171 1012 1210 ab
1033 1170 1134 1220 ipsis
1158 1171 1250 1210 duci
1272 1181 1363 1220 pro-

84 1229 217 1268 fessos
233 1238 339 1267 esse.
369 1228 553 1266 eductam
570 1227 716 1266 deinde
731 1233 845 1266 extra
859 1238 997 1266 muros
1014 1238 1170 1266 summa
1186 1237 1284 1265 cura
1299 1237 1363 1266 ee-

84 1285 205 1331 lasse,
221 1284 351 1323 donec
367 1283 524 1322 hostilis
541 1283 600 1322 ira
615 1284 856 1322 consideret.
878 1283 1038 1330 deinde,
1051 1288 1096 1322 ut
1110 1283 1277 1322 satiatus
1294 1283 1364 1321 mi-

83 1340 142 1378 les
160 1340 238 1379 cito
255 1340 307 1378 ad
322 1341 526 1378 Romanos
543 1350 676 1377 mores
692 1339 820 1386 rediit,
838 1339 928 1378 illos
947 1349 1112 1388 quoque
1129 1339 1179 1377 ad
1192 1349 1292 1377 suos
1302 1348 1363 1376 re-

86 1395 197 1435 disse
213 1401 252 1434 et
266 1396 466 1434 dominam
484 1395 560 1433 sibi
575 1395 689 1444 ipsos
701 1394 880 1434 dedisse.
909 1394 1141 1433 Manumisit
1154 1400 1366 1443 utrumque
1381 1401 1403 1436 3

85 1461 108 1490 e
122 1451 290 1499 vestigio
307 1452 373 1490 illa
386 1462 461 1490 nec
478 1451 684 1499 indignata
693 1450 813 1489 estab
824 1450 886 1488 his
899 1461 945 1489 se
954 1451 1072 1489 vitam
1084 1450 1308 1498 accepisse,
1326 1450 1365 1488 in

88 1517 191 1554 quos
206 1507 310 1545 vitae
326 1508 520 1555 necisque
536 1511 775 1556 potestatem
792 1505 1011 1545 habuisset.
1048 1505 1179 1545 Potuit
1195 1505 1271 1544 sibi
1286 1505 1366 1545 hoe

85 1563 151 1600 vel
177 1561 304 1610 magis
335 1563 536 1610 gratulari.
571 1563 685 1601 aliter
710 1563 815 1600 enim
842 1567 1003 1600 servata
1021 1572 1167 1600 munus
1188 1566 1307 1600 notae
1327 1565 1368 1600 et

86 1618 263 1666 volgaris
293 1618 526 1656 clementiae
547 1617 775 1657 habuisset:
807 1618 866 1656 sic
886 1623 1048 1656 servata
1067 1617 1213 1656 nobilis
1233 1617 1368 1656 fabula

88 1678 127 1712 et
153 1673 380 1721 exemplum
409 1673 576 1712 duarum
603 1673 759 1712 urbium
789 1673 874 1712 suit.
922 1673 965 1712 In
994 1678 1103 1712 tanta
1131 1673 1405 1712 confusione4

89 1733 231 1778 captae
259 1729 428 1767 civitatis
457 1739 547 1767 cum
575 1728 654 1767 sibi
683 1729 856 1778 quisque
877 1730 1125 1777 consuleret,
1156 1739 1297 1768 omnes
1316 1729 1366 1768 ab

87 1783 156 1824 illa
182 1790 342 1834 praeter
365 1785 595 1833 transfugas
622 1785 820 1833 sugerunt.
869 1789 908 1823 at
933 1785 992 1833 hi,
1026 1790 1070 1824 ut
1096 1785 1367 1831 ostenderent,

90 1850 170 1890 quo
191 1841 322 1879 animo
343 1840 448 1879 sacta
466 1844 578 1879 esset
596 1839 705 1889 prior
725 1839 792 1878 illa
809 1840 1011 1888 transitio,
1038 1851 1062 1879 a
1080 1840 1299 1880 victoribus
1315 1841 1368 1879 ad

91 1897 286 1945 captivam
314 1897 610 1944 transfugerunt
634 1906 851 1945 personam
870 1896 1155 1945 parricidarum
1178 1897 1366 1943 serentes,

91 1952 198 2001 quod
226 1951 267 1991 in
294 1953 360 1991 illo
383 1952 579 1990 beneficio
607 1953 822 1991 maximum
843 1952 933 1991 fuitz
961 1951 1059 1990 tanti
1078 1952 1366 1998 iudicaverunt,

91 2017 143 2047 ne
161 2007 322 2047 domina
343 2008 614 2055 occideretur,
641 2008 768 2046 videri
789 2007 989 2046 dominam
1017 2007 1231 2047 occidisse.
1278 2008 1367 2047 Non

46 2110 55 2116 ,
91 2068 174 2112 est,
193 2063 288 2102 mihi
308 2064 446 2111 crede,
467 2074 547 2102 non
568 2069 631 2102 est
651 2063 810 2102 servilis
832 2062 973 2111 animi,
994 2063 1199 2111 egregium
1219 2063 1367 2103 sactum

93 2119 199 2158 fama
214 2119 378 2158 sceleris
397 2120 557 2158 emisse.
600 2119 778 2167 Vettius,
808 2123 967 2167 praetor
980 2118 1226 2167 Marsorum,
1247 2119 1366 2158 duee·
1382 2128 1403 2161 5

92 2174 209 2214 batur
236 2175 287 2214 ad
312 2175 535 2214 Romanum
564 2175 858 2224 imperatorem.
902 2185 1046 2213 servus
1078 2174 1165 2213 eius
1192 2175 1367 2223 gladium

93 2229 204 2269 militi
223 2229 321 2280 ipsi,
352 2242 377 2269 a
395 2242 475 2280 quo
497 2231 743 2277 trahebatur,
755 2229 903 2268 'eduxit
922 2235 961 2269 et
976 2229 1148 2279 primum
1163 2230 1367 2270 dominum

95 2286 258 2333 occidit,
288 2286 454 2325 deinde:
484 2291 631 2336 tempus
649 2292 722 2333 est,
744 2286 893 2334 inquit,
912 2297 972 2325 me
986 2290 1025 2325 et
1036 2286 1134 2325 mihi
1144 2289 1366 2326 consulere:

98 2342 176 2382 iam
201 2342 394 2381 dominum
421 2344 637 2384 manumisi.
686 2346 805 2392 atque
832 2340 887 2382 ita
915 2352 960 2382 se
986 2352 1066 2382 uno
1094 2340 1176 2382 ictu
1202 2342 1366 2383 traiecit.

154 2409 285 2437 322·ch
303 2411 393 2436 mur..
414 2401 456 2437 ΙΙ,
1133 2403 1157 2439 4
