1592 2580
324 162 404 203 154
468 163 511 201 L.
531 162 646 201 ANN.
667 161 773 202 SEN.
794 162 860 201 DE
887 162 1058 201 BENEF.
1084 162 1270 201 LIB.VII.
1298 168 1354 203 31.
1371 169 1428 203 32.

320 266 408 300 tuas
427 260 562 300 ssecte=
585 271 667 300 non
688 266 749 300 est
763 261 854 300 mihi
867 262 989 300 relata
1001 262 1141 309 gratia,
1162 261 1256 311 quid
1272 262 1437 302 faciam?
1462 265 1569 313 quod

321 316 382 363 di,
415 315 588 354 omnium
614 325 746 354 rerum
773 315 909 363 optimi
936 320 1136 364 auctores,
1165 317 1231 364 qui
1250 317 1442 357 beneficia
1460 319 1569 367 igno·

284 379 307 413 3
320 369 421 408 ranti
436 369 530 408 dare
549 368 758 417 incipiunt,
778 369 939 418 ingratis
959 375 1225 418 perseverant.
1270 372 1383 411 Alius
1398 372 1473 412 illis
1489 373 1570 412 obi-

321 423 374 463 cit
387 423 671 472 neglegentiam
688 424 831 471 nostri,
852 424 952 463 alius
968 423 1218 472 iniquitatem.
1245 426 1343 464 alius
1358 427 1446 466 illos
1462 432 1572 466 extra

320 478 509 517 mundum
537 489 653 516 suum
681 478 822 526 proicit
848 483 887 517 et
911 479 1075 526 ignavos
1097 479 1339 528 hebetesque
1362 481 1448 520 sine
1470 483 1570 528 luce,

321 532 407 570 sine
428 532 504 571 ullo
525 542 647 580 opere
667 532 852 583 destituit.
883 533 981 572 alius
997 535 1139 581 solem,
1161 534 1223 573 cui
1241 534 1442 583 debemus,
1464 537 1572 585 quod

321 586 421 626 inter
448 586 622 625 laborem
653 587 902 636 quietemque
927 588 1080 636 tempus
1105 585 1328 636 divisimus,
1358 591 1465 638 quod
1491 602 1570 629 non

319 640 493 679 tenebris
525 640 644 679 mersi
678 641 949 680 confusionem
980 649 1161 681 aeternae
1189 644 1316 682 noctis
1350 644 1570 692 effugimus,

321 695 430 744 quod
449 705 595 734 annum
614 706 734 734 cursu
749 706 822 734 suo
837 701 1026 745 temperat
1040 702 1078 736 et
1092 707 1260 745 corpora
1273 697 1358 744 alit,
1379 704 1464 737 sata
1479 709 1568 739 evo-

319 754 403 797 cat,
439 750 647 798 percoquit
674 750 843 798 fructus,
879 761 1019 790 saxum
1045 750 1206 800 aliquod
1234 757 1300 791 aut
1327 752 1571 792 fortuitorum

319 804 467 852 ignium
494 804 653 851 globum
684 810 723 843 et
750 805 906 853 quidvis
943 806 1072 854 potius
1100 816 1216 855 quam
1244 807 1361 845 deum
1389 808 1569 856 adpellat.

282 867 305 901 4
320 857 571 897 nihilominus
590 863 717 897 tamen
737 870 846 898 more
865 859 1099 908 optimorum
1118 865 1342 908 parentum,
1367 861 1434 910 qui
1452 863 1567 900 male-

320 912 435 951 dictis
464 923 626 951 suorum
651 913 853 953 infantium
881 914 1078 960 adrident‚
1109 925 1187 953 non
1217 920 1374 954 cessant
1394 912 1568 974 diffine-

319 967 410 1005 ficia
428 977 644 1014 congerere
664 968 714 1006 de
728 968 1009 1008 beneficiorum
1024 974 1184 1008 auctore
1199 969 1476 1017 dubitantibus,
1497 969 1570 1008 sed

319 1021 475 1069 aequali
505 1025 643 1060 tenore
668 1021 773 1060 bona
798 1033 872 1061 sua
897 1033 970 1071 per
995 1028 1131 1071 gentes
1161 1025 1412 1072 populosque
1442 1025 1568 1063 distri—

317 1074 442 1113 buunt
456 1086 574 1114 unam
589 1076 800 1123 potentiam
818 1077 959 1125 sortiti,
981 1078 1192 1126 prodesse:
1220 1083 1410 1126 spargunt
1424 1089 1567 1127 oppor—

317 1130 421 1167 tunis
441 1128 631 1168 imbribus
645 1134 770 1169 terras
782 1160 791 1178 ‚
813 1131 935 1170 maria
954 1131 1050 1170 flatu
1066 1136 1244 1178 movent,
1264 1132 1435 1171 siderum
1451 1144 1569 1172 cursu

317 1187 456 1222 notant
494 1187 690 1232 tempora,
727 1184 875 1224 hiemes
910 1190 1160 1234 aestatesque
1199 1186 1476 1226 interveniente
1514 1188 1567 1225 le-

316 1236 429 1276 niore
449 1237 588 1285 spiritu
608 1239 794 1278 molliunt.
825 1250 997 1278 errorem
1016 1240 1226 1279 labentium
1246 1241 1463 1281 animorum
1486 1242 1567 1290 pla-

275 1306 296 1339 5
318 1290 469 1343 cidivac
497 1292 654 1339 propitii
682 1293 822 1332 ferunt.
872 1294 1068 1332 Imitemur
1093 1295 1202 1333 illos:
1231 1295 1390 1343 demus,
1419 1295 1569 1334 etiamsi

317 1346 438 1384 multa
455 1345 493 1383 in
513 1345 668 1384 inritum
688 1347 780 1385 data
797 1353 898 1386 sunt.
937 1349 1076 1387 demus
1094 1348 1344 1388 nihilominus
1362 1350 1467 1398 aliis,
1501 1350 1568 1388 de-

317 1410 405 1438 mus
431 1400 550 1448 ipsis,
584 1400 690 1448 apud
716 1412 818 1450 quos
845 1403 994 1440 iactura
1026 1404 1128 1441 sacta
1159 1408 1230 1442 est.
1283 1403 1483 1442 Neminem
1517 1404 1569 1442 ad

317 1454 548 1492 excitandas
576 1454 717 1493 domos
747 1456 861 1494 ruina
887 1457 1088 1502 deterruit,
1118 1462 1156 1496 et
1182 1468 1269 1496 cum
1288 1463 1449 1506 penates
1468 1458 1568 1506 ignis

317 1507 560 1556 absumpsit,
594 1509 843 1549 fundamenta
870 1516 1027 1558 tepente
1049 1511 1177 1549 adhuc
1205 1522 1297 1550 area
1324 1513 1503 1560 ponimus
1531 1517 1570 1551 et

309 1562 437 1601 urbes
456 1563 618 1602 haustas
638 1563 800 1612 saepius
819 1564 945 1603 eidem
964 1566 1051 1604 solo
1073 1565 1289 1604 credimus:
1319 1567 1418 1605 adeo
1433 1568 1483 1605 ad
1499 1567 1567 1605 bo-

316 1626 390 1654 nas
422 1627 518 1665 spes
552 1617 732 1665 pertinax
764 1618 918 1658 animus
945 1623 1017 1658 est.
1060 1623 1164 1657 terra
1191 1620 1368 1669 marique
1399 1621 1568 1660 humana

316 1681 440 1719 opera
468 1677 691 1720 cessarent,
719 1672 795 1712 nisi
825 1675 926 1712 male
951 1674 1135 1723 temptata
1160 1674 1297 1713 iterum
1315 1679 1503 1724 temptare
1524 1675 1566 1713 li-

314 1725 480 1763 buisset.

395 1778 548 1817 XXXII.
577 1779 756 1827 Ingratus
773 1785 853 1820 est:
880 1792 959 1821 non
971 1782 1063 1820 mihi
1079 1783 1168 1822 fecit
1182 1782 1370 1831 iniuriam,
1391 1784 1464 1822 sed
1479 1782 1565 1822 sibi.

315 1842 390 1880 ego
407 1832 601 1871 beneficio
620 1844 707 1872 meo
729 1845 815 1874 cum
830 1836 968 1878 ‚darem
988 1847 1085 1875 usus
1101 1847 1199 1876 sum.
1225 1848 1297 1876 nec
1312 1838 1401 1875 ideo
1418 1837 1565 1885 pigrius

315 1887 440 1934 dabo,
477 1887 549 1925 sed
577 1887 818 1935 diligentius:
848 1891 954 1938 quod
974 1891 1013 1929 in
1035 1891 1112 1929 hoc
1131 1890 1302 1939 perdidi,
1331 1891 1381 1930 ab
1401 1891 1486 1929 aliis
1505 1902 1562 1929 re-

313 1940 471 1988 cipiam.
524 1939 604 1980 Sed
631 1941 722 1980 huic
749 1942 826 1991 ipsi
852 1944 1086 1983 beneficium
1114 1945 1217 1984 dabo
1245 1945 1381 1983 iterum
1407 1950 1446 1983 et
1470 1950 1564 1983 tam-

316 2005 434 2042 quam
461 1995 589 2033 bonus
620 1996 793 2043 agricola
817 2009 911 2036 cura
930 1999 1115 2047 cultuque
1134 1999 1369 2038 sterilitatem
1389 1999 1463 2038 soli
1481 2000 1563 2038 vin-

314 2058 412 2099 cam.
448 2048 551 2087 Perit
564 2049 656 2087 mihi
672 2051 925 2099 beneficium,
946 2053 1020 2092 iste
1036 2053 1227 2091 omnibus.
1262 2053 1345 2091 Non
1363 2057 1422 2091 est
1435 2054 1564 2101 magni

314 2102 433 2141 animi
457 2102 690 2143 beneficium
717 2105 812 2145 dare
841 2111 879 2146 et
906 2107 1092 2156 perdere:
1120 2106 1195 2146 hoc
1214 2108 1421 2157 estmagni
1448 2107 1563 2146 animi

313 2156 484 2203 perdere
501 2160 540 2196 et
558 2157 666 2197 dare.

815 2285 1079 2292 Ἤ
