1624 2626
284 155 354 194 An
375 152 634 194 POLYBIUM
651 153 718 193 DE
740 152 1134 194 consoLATIoNE.
1156 159 1211 195 18.
1231 122 1237 126 ’
1305 152 1388 195 237

191 255 320 304 Haec,
338 260 556 304 utcumque
574 254 699 304 potui,
720 254 841 303 longo
861 254 939 293 iam
958 254 1038 293 situ
1057 254 1242 294 obsoleto
1264 258 1302 294 et
1319 254 1387 293 he-
1404 254 1427 289 9

109 312 243 351 betato
271 310 404 350 animo
434 311 647 360 conposui.
689 321 801 359 quae·
819 310 859 349 -si
887 314 954 349 aut
974 321 1117 359 parum
1136 311 1391 360 respondere

108 366 270 416 ingenio
300 372 369 406 tuo
398 371 466 406 aut
485 370 624 416 parum
644 366 794 405 mederi
816 366 1223 414 dolori-videbuntur,
1246 366 1391 415 cogita,

109 433 244 473 quarn*
260 433 341 462 non
376 422 508 471 possit
535 423 570 461 is
599 422 755 461 alienae
779 432 927 461 vacare
946 422 1235 470 consolationi,
1258 426 1393 471 'quem

108 489 184 518 sua
202 479 307 517 mala
325 483 566 527 occupatum
585 482 744 527 tenent,
772 482 813 516 et
837 488 956 527 quam
974 488 1055 516 non
1077 478 1197 518 facile
1214 478 1336 517 latina
1355 478 1392 517 ei

106 534 256 574 homini
283 534 407 573 verba
435 538 693 580 succurrant,
731 544 851 583 quem
875 534 1138 573 barbarorum
1160 534 1391 574 inconditus

107 595 146 628 et
163 590 349 630 barbaris
368 600 534 639 quoque
551 589 855 629 humanioribus
875 590 1012 639 gravis
1029 590 1206 631 fremitus
1223 591 1387 630 circum-

107 650 236 685 sonat
1073 667 1075 670 .

494 780 538 833 ι.
564 778 747 834 min
776 778 999 835 SENECAE
1262 847 1266 850 ,

305 878 786 965 DlALOGORUM
825 870 1050 940 LIBER
1087 878 1199 941 ΧΙΙ.
1255 878 1257 882 ”

399 995 473 1027 An
513 995 806 1027 HELVIAM
841 994 1105 1027 MATREM

540 1073 596 1116 nl:
618 1072 967 1116 CONSOIATIONE.

192 1212 222 1249 I.
253 1209 386 1259 Saepe
407 1209 496 1255 iam,
518 1214 643 1248 mater
662 1209 824 1258 optima,
845 1210 1021 1258 inpetum
1045 1210 1135 1259 cepi
1156 1210 1393 1248 consolandi
1412 1218 1429 1250 l

107 1273 168 1315 te,
201 1275 327 1315 saepe
355 1265 543 1304 continui.
586 1270 630 1304 ut
657 1265 867 1312 auderem,
901 1266 1023 1304 multa
1046 1275 1110 1303 me
1131 1265 1392 1314 inpellebant:

111 1323 282 1372 primum
300 1321 469 1360 videbar
486 1320 746 1370 depositurus
770 1320 903 1360 omnia
921 1321 1197 1368 incommoda,
1229 1331 1319 1360 cum
1339 1322 1393 1360 la-

111 1378 255 1417 crimas
285 1383 392 1426 tuas,
421 1376 577 1416 etiamsi
597 1378 849 1427 supprimere
870 1387 949 1416 non
968 1376 1211 1426 potuissem,
1240 1377 1394 1416 interim

112 1441 218 1473 certe
238 1432 534 1472 abstersissem.
577 1433 725 1472 deinde
745 1434 837 1482 plus
857 1433 1084 1472 habiturum
1098 1443 1163 1471 me
1182 1434 1395 1472 auctorita-

112 1490 163 1528 tis
189 1500 271 1528 non
297 1488 524 1527 dubitabam
546 1489 599 1528 ad
618 1490 870 1529 excitandam
893 1494 951 1536 te,
981 1488 1016 1528 si
1044 1490 1153 1538 prior
1180 1489 1270 1538 ipse
1301 1500 1395 1528 con-

114 1545 396 1584 surrexissem.
439 1549 648 1592 praeterea
672 1545 879 1594 timebam,
908 1555 960 1583 ne
986 1556 1010 1583 a
1029 1555 1093 1584 me
1114 1543 1219 1583 victa
1239 1545 1397 1583 fortuna

115 1601 287 1650 aliquem
307 1609 489 1638 meorum
506 1600 697 1640 vinceret.
726 1600 862 1650 itaque
882 1605 1098 1649 utcumque
1119 1600 1295 1640 conabar
1314 1612 1395 1639 ma-

113 1668 169 1696 nu
202 1666 327 1705 super
360 1655 519 1704 plagam
552 1666 681 1694 meam
713 1656 890 1705 inposita
917 1657 969 1695 ad
997 1656 1212 1705 obliganda
1230 1658 1397 1696 volnera

113 1717 250 1751 vestra
268 1716 442 1760 reptare.
471 1711 558 1749 Hoc
575 1712 828 1760 propositum
847 1722 980 1751 meum
1000 1717 1112 1751 erant
1129 1723 1271 1751 rursus
1293 1722 1396 1761 quae
1412 1718 1433 1750 2

114 1768 380 1808 retardarent:
419 1766 547 1806 dolori
575 1772 668 1816 tuo,
703 1768 797 1806 dum
825 1775 969 1807 recens
991 1768 1185 1815 saeviret,
1221 1769 1397 1808 sciebam

120 1824 414 1864 occurrendum
433 1834 514 1862 non
535 1833 649 1871 esse,
670 1834 720 1862 ne
740 1824 849 1863 illum
868 1824 958 1873 ipsa
979 1824 1122 1863 solatia
1135 1823 1343 1863 inritarent
1362 1829 1400 1862 et

117 1880 396 1919 accenderent.
426 1890 518 1917 nam
537 1879 575 1917 in
592 1878 743 1918 morbis
762 1890 925 1928 quoque
941 1880 1037 1918 nihii
1054 1884 1116 1918 est
1130 1880 1399 1929 perniciosius

118 1946 237 1985 quam
256 1937 453 1975 inmatura
472 1935 682 1974 medicina.
713 1936 998 1984 exspectabam
1018 1936 1173 1984 itaque,
1196 1935 1290 1974 dum
1310 1936 1399 1984 ipsc

115 1992 223 2031 vires
244 2002 340 2031 suas
361 1991 564 2039 frangeret
582 1995 621 2029 et
640 1991 692 2030 ad
711 1992 948 2030 sustinenda
965 1992 1145 2030 remedia
1163 2002 1277 2030 mora
1297 1991 1398 2030 miti-

36 2045 47 2053 ‘
117 2052 233 2096 gatus
252 2047 361 2096 tangi
385 2057 431 2086 se
450 2057 498 2085 ac
517 2048 676 2086 tractari
694 2051 907 2096 pateretur.
937 2051 1146 2096 praeterea
1160 2057 1251 2086 cum
1267 2048 1399 2086 omnia

118 2103 432 2143 clarissimorum
457 2103 710 2152 ingeniorum
739 2108 997 2142 monumenta
1016 2103 1066 2141 ad
1088 2103 1396 2152 conpescendos

118 2159 472 2207 moderandosque
505 2160 636 2198 luctus
671 2159 884 2208 conposita
909 2159 1158 2207 evolverem,
1187 2169 1268 2198 non
1287 2159 1398 2198 inve-

33 2240 35 2242 -
119 2215 276 2254 niebam
293 2215 520 2263 exemplum
531 2215 631 2263 eius,
644 2216 712 2265 qui
723 2215 957 2254 consolatus
968 2225 1067 2254 suos
1077 2215 1198 2262 esset,
1209 2225 1297 2254 cum
1309 2214 1319 2253 i
1323 2225 1398 2264 pse

33 2269 57 2325 ξ
122 2269 171 2308 ab
203 2270 282 2311 iilis
310 2272 625 2320 conploraretur.
668 2273 727 2310 Ita
752 2272 792 2309 in
822 2281 867 2310 re
895 2281 1003 2310 nova
1019 2270 1265 2311 haesitabam
1284 2280 1436 2314 vere-3

43 2328 53 2358 ἐ
121 2324 293 2376 barque,
320 2338 372 2367 ne
399 2326 500 2367 haec
527 2338 607 2368 non
637 2327 860 2368 consolatio
889 2332 1018 2375 esset,
1047 2326 1120 2366 sed
1139 2327 1397 2367 exulceratio.
