1624 2626
339 165 417 207 146
568 167 611 205 L.
638 167 828 207 ANNAEI
857 167 1082 208 SENECAE
1115 169 1245 208 DIAL.
1274 170 1359 210 VII.

338 278 412 305 nec
426 268 505 306 ulla
539 266 576 304 in
610 267 779 306 decretis
807 268 891 306 eius
920 268 1035 306 litura
1061 268 1123 307 sit.
1159 267 1413 318 intellegitur,
1446 268 1598 310 etiamsi

322 331 418 365 ¹non
446 321 648 369 adiecero,
682 322 929 370 conpositum
960 321 1260 371 ordinatumque
1287 323 1373 362 sore
1398 325 1514 362 talem
1541 325 1598 363 vi-

298 377 321 411 4
339 387 424 415 rum
445 381 483 414 et
500 375 538 413 in
563 375 611 413 iis
633 386 735 424 quae
762 382 862 424 aget,
890 386 976 414 cum
1005 377 1184 416 comitate
1211 378 1475 425 magnificum.
1518 379 1600 418 Erit

338 440 433 469 vera
468 429 567 467 ratio
606 430 789 469 sensibus
827 430 942 469 insita
981 435 1019 469 et
1062 432 1223 479 capiens
1261 431 1353 470 inde
1388 433 1597 482 principia=

338 494 412 522 nec
445 484 547 521 enirn
573 483 692 523 habet
719 485 843 531 aliud,
875 485 979 523 unde
1011 489 1174 523 conetur
1208 489 1275 524 aut
1306 486 1413 524 unde
1446 488 1496 526 ad
1531 499 1598 526 ve-

337 549 422 576 rum
457 537 632 586 inpetum
667 539 814 587 capiat:
859 539 897 577 in
932 550 977 578 se
1012 544 1239 580 revertatur.
1302 551 1392 578 nam
1427 542 1597 581 mundus

339 603 500 640 quoque
528 598 667 632 cuncta
694 595 948 642 conplectens
984 599 1194 642 rectorque
1220 594 1394 633 universi
1425 596 1524 635 deus
1559 597 1599 635 in

338 647 534 686 exteriora
568 648 725 695 quidem
757 648 898 695 tendit,
932 649 1005 687 sed
1036 654 1164 687 tamen
1202 649 1240 687 in
1274 653 1396 688 totum
1424 650 1599 699 undique

336 701 376 739 in
405 712 451 740 se
476 701 595 740 redit:
632 702 736 740 idem
761 708 898 741 nostra
923 713 1033 742 mens
1065 705 1199 742 faciat:
1230 714 1316 742 cum
1345 709 1482 743 secuta
1507 716 1597 744 sen-

338 767 408 794 sus
427 766 522 795 suos
543 766 614 804 per
642 757 730 795 illos
751 767 795 795 se
815 757 865 795 ad
886 762 1048 796 externa
1061 758 1293 806 porrexerit,
1323 763 1361 797 et
1378 759 1532 798 illorum
1560 765 1599 799 et

298 819 319 852 5
339 810 400 849 sui
428 815 569 858 potens
599 811 661 849 sit.
718 811 804 850 Hoc
837 812 955 850 modo
994 823 1073 851 una
1097 812 1287 851 efficietur
1313 812 1374 851 vis
1405 824 1451 852 ac
1486 819 1595 862 pote-

337 872 420 903 stas
442 874 610 903 concors
628 865 702 903 sibi
724 871 762 904 et
781 867 879 905 ratio
899 868 964 905 illa
980 872 1086 905 certa
1101 872 1285 906 nascetur
1300 878 1379 906 non
1396 868 1596 908 dissidens

336 926 410 958 nec
428 919 629 958 haesitans
654 920 692 958 in
720 921 972 969 opinionibus
1003 921 1494 971 conprehensionibusque
1521 934 1596 962 nee

335 973 374 1012 in
394 975 673 1022 persuasione,
702 985 804 1023 quae
835 986 922 1014 curn
949 986 993 1014 se
1021 975 1218 1024 disposuit
1243 981 1281 1015 et
1307 978 1483 1025 partibus
1512 978 1596 1017 suis

337 1028 540 1067 consensit
559 1033 607 1076 et,
632 1035 674 1067 ut
691 1028 745 1067 ita
763 1029 902 1076 dicam,
924 1030 1132 1076 concinuit,
1162 1041 1354 1069 summum
1373 1031 1520 1070 bonum
1539 1037 1596 1071 te·-

334 1083 430 1130 tigit.
459 1083 553 1121 nihil
573 1083 675 1122 enim
695 1083 820 1131 pravi,
849 1083 942 1122 nihil
961 1085 1099 1122 lubrici
1120 1090 1313 1133 superest,
1341 1085 1432 1124 nihil
1453 1087 1491 1124 in
1514 1098 1593 1135 quo

294 1138 316 1173 6
334 1138 471 1176 arietet
497 1142 563 1176 aut
586 1138 702 1175 labet.
750 1138 880 1176 omnia
908 1139 1024 1177 faciet
1049 1149 1100 1177 ex
1127 1139 1291 1187 imperio
1321 1151 1394 1179 suo
1420 1141 1595 1189 nihilque

335 1192 576 1240 inopinatum
598 1192 760 1239 accidet,
781 1192 854 1230 sed
875 1193 1064 1241 quicquid
1084 1199 1231 1241 agetur,
1251 1194 1290 1231 in
1310 1194 1456 1233 bonum
1476 1196 1597 1234 exibit

335 1247 449 1284 facile
469 1251 507 1284 et
537 1251 669 1294 parate
689 1251 727 1284 et
754 1246 841 1285 sine
868 1248 1191 1295 tergiversatione
1219 1259 1264 1296 a
1244 1250 1382 1287 entis.
1419 1260 1509 1288 nam
1536 1251 1595 1298 pi-

334 1301 448 1348 gritia
484 1305 522 1339 et
559 1301 765 1339 haesitatio
804 1312 976 1349 pugnam
1009 1307 1048 1340 et
1078 1302 1377 1341 inconstantiam
1411 1305 1594 1343 ostendit.
1620 1303 1624 1307 ’

335 1356 463 1403 Quare
495 1356 696 1393 audaciter
726 1355 818 1394 licet
847 1357 1069 1403 profitearis
1098 1368 1291 1395 summum
1323 1358 1469 1396 bonum
1502 1369 1594 1397 esse

334 1409 452 1447 anImi
480 1410 744 1448 concordiam.
779 1410 942 1449 virtutes
974 1411 1075 1450 enim
1102 1412 1155 1450 ibi
1172 1422 1263 1450 esse
1291 1412 1498 1461 debebunt,
1527 1414 1594 1451 ubi

336 1474 556 1503 consensus
577 1469 695 1512 atque
714 1465 843 1503 unitas
859 1466 949 1504 erit:
979 1465 1174 1505 dissident
1191 1466 1296 1505 vitia.

296 1526 316 1559 1
415 1518 480 1556 IX.
510 1518 617 1567 „Sed
637 1524 677 1558 tu
697 1530 867 1568 quoque,
887 1520 1023 1568 inquit,
1042 1521 1223 1559 virtutem
1238 1531 1316 1559 non
1334 1521 1384 1559 ob
1401 1522 1506 1561 aliud
1526 1533 1591 1561 co—

333 1574 394 1620 lis,
417 1584 534 1622 quam
554 1573 647 1636 quia
674 1574 844 1622 aliquam
866 1585 913 1612 ex
940 1575 1006 1613 illa
1032 1586 1173 1623 speras
1200 1576 1449 1624 voluptatem,
1455 1580 1478 1598 “
1511 1577 1592 1615 Pri-

334 1639 438 1666 mum
466 1638 571 1676 non,
594 1628 636 1666 si
656 1629 963 1684 voluptatem
983 1634 1306 1692 praestatura
1323 1630 1485 1670 virtus
1506 1637 1590 1680 est,

333 1682 447 1721 ideo
469 1688 681 1731 propter
699 1683 824 1722 hanc
840 1675 1043 1731 petitur.
1072 1695 1152 1723 non
1171 1685 1272 1723 enim
1287 1685 1388 1723 hanc
1404 1691 1591 1734 praestat,

320 1737 408 1777 sed
427 1742 464 1776 et
491 1737 604 1784 hanc,
640 1747 714 1775 nec
740 1737 832 1776 huic
858 1738 1028 1786 laborat,
1057 1739 1130 1778 sed
1155 1739 1267 1778 lab01
1286 1739 1382 1787 eius,
1412 1742 1591 1788 quamvis

294 1794 322 1827 2
335 1792 442 1830 aliud
461 1797 579 1839 petat,
599 1791 677 1830 hoc
699 1803 858 1841 quoque
883 1793 1135 1842 adsequetur.
1167 1793 1303 1832 Sicut
1293 1805 1331 1831 1n
1350 1804 1458 1841 arvo,
1481 1796 1590 1844 quod

336 1845 460 1894 segeti
487 1846 730 1894 proscissum
759 1853 838 1895 est,
866 1848 986 1896 aliqui
1009 1847 1130 1887 flores
1157 1849 1481 1896 internascuntur,
1510 1860 1590 1888 non

333 1906 462 1939 tamen
474 1901 563 1939 huic
572 1901 772 1950 herbulae,
795 1903 974 1950 quamvis
989 1903 1155 1942 delectet
1170 1904 1319 1950 oculos,
1336 1908 1480 1942 tantum
1494 1915 1588 1954 ope-

333 1955 387 1993 ris
408 1955 649 2004 insumptum
669 1961 740 1995 est.
770 1957 876 1995 aliud
895 1957 965 1996 fuit
980 1959 1124 1996 serenti
1143 1957 1404 2006 propositum,
1424 1958 1501 1997 hoc
1522 1971 1588 1998 su-

333 2011 531 2057 pervenit:
561 2010 618 2049 sic
637 2017 674 2050 et
688 2012 873 2060 voluptas
895 2023 973 2051 non
991 2018 1052 2052 est
1066 2023 1215 2051 merces
1236 2023 1308 2051 nec
1329 2023 1451 2051 causa
1468 2014 1586 2052 virtu-

333 2063 395 2111 tis,
421 2065 493 2102 sed
513 2065 706 2114 accessio,
734 2077 807 2105 nec
830 2067 922 2115 quia
940 2068 1117 2115 delectat,
1137 2067 1275 2114 placet,
1305 2068 1377 2106 sed
1393 2068 1426 2106 si
1445 2069 1585 2117 placet,

293 2123 315 2157 3
337 2123 375 2157 et
391 2118 568 2158 delectat.
598 2120 800 2160 Summum
819 2122 994 2160 bonum
984 2133 1023 2160 m
1045 2121 1133 2170 ipso
1152 2122 1296 2161 iudicio
1321 2127 1381 2161 est
1396 2126 1434 2160 et
1451 2122 1622 2167 habitu
1621 2123 1623 2143 ¹

335 2173 505 2220 optimae
523 2176 675 2224 mentis,
696 2187 798 2224 quae
818 2187 905 2216 cum
922 2188 1035 2216 suum
1054 2177 1214 2225 inplevit
1233 2181 1270 2215 et
1283 2177 1426 2216 finibus
1442 2187 1486 2215 se
1502 2178 1584 2216 suis
1619 2191 1624 2223 1

335 2226 467 2275 cinxit,
497 2237 807 2270 consummatum
826 2237 887 2271 est
905 2242 1096 2271 summum
1115 2231 1262 2270 bonum
1280 2242 1353 2270 nec
1373 2231 1584 2294 quicquam
1617 2240 1620 2287 g

335 2258 502 2331 amplius
522 2284 731 2325 desiderat.
759 2285 853 2326 nihil
872 2297 973 2326 emm
985 2289 1101 2326 *extra
1118 2290 1238 2326 totum
1260 2291 1331 2335 est,
1357 2296 1436 2325 non
1455 2287 1580 2336 inagis
1616 2291 1618 2317 Ξ
