1624 2626
317 182 368 223 74
688 182 730 220 L.
761 180 949 221 ANNAEI
979 178 1204 218 SENECAE

280 291 302 323 ‘2
319 282 534 332 quaedam,
565 281 658 330 quia
683 293 762 321 non
791 279 1048 329 speraverint.
1083 279 1247 328 Indigna
1273 286 1456 329 putamus
1476 292 1578 331 quae

317 338 518 386 inopinata
545 341 648 375 sunt.
688 337 818 384 itaque
845 335 1013 372 maxime
1042 338 1287 373 commovent
1313 346 1414 383 quae
1444 343 1578 375 contra

320 403 432 441 spem
452 390 866 439 exspectationemque
886 393 1110 426 evenerunt.
1147 398 1220 427 nec
1249 389 1353 427 aliud
1373 395 1434 429 est
1459 402 1579 439 quare

319 448 356 485 in
379 447 608 485 domesticis
629 446 785 483 minima
805 443 1024 489 offendant,
1054 444 1093 480 in
1113 444 1248 482 amicis
1268 444 1445 482 iniuriam
1462 457 1579 484 voce-

282 502 407 539 3mus
433 501 729 552 neglegentiam.
766 498 1006 545 „Quomodo
1027 507 1140 545 ergo,
1168 497 1311 546 inquit,
1341 498 1582 538 inimicorum

320 567 394 594 nos
418 555 582 592 iniuriae
611 551 948 599 movenoewquia
974 562 1054 590 non·
1073 553 1390 600 exspectavimus
1411 554 1496 592 illas
1518 558 1584 592 aut

322 615 427 649 certe
447 620 524 648 non
547 614 683 647 tantas.
719 607 795 645 hoc
817 606 936 645 efficit
957 617 1068 645 amor
1086 607 1210 646 nostri
1230 608 1386 658 nlmius.v
1420 607 1583 647 inviola-

320 670 385 703 tos
404 675 478 702 nos
498 664 612 701 etiam
635 662 798 699 inimicis
818 662 1035 699 iudicamus
1053 671 1145 700 esse
1165 662 1320 700 debere.
1350 663 1456 710 regis
1478 662 1583 711 quis-

326 729 403 767 que
430 719 529 756 intra
558 727 602 755 se
630 716 799 754 animum
828 715 963 762 habet,
992 721 1034 754 ut
1060 716 1254 755 licentiam
1282 716 1354 754 sibi
1375 717 1458 754 dari
1482 717 1584 764 velit,

287 770 311 803 4
327 775 364 812 in
394 783 439 811 se
465 773 572 810 nolit.
611 772 691 808 Aut
718 771 936 817 ignorantia
954 771 1085 818 itaque
1105 781 1180 810 nos
1200 776 1267 809 aut
1284 772 1493 809 insolentia
1511 771 1586 809 ira-

324 828 476 866 cundos
499 827 600 863 facit.
627 824 845 872 ignorantia
863 835 1011 862 rerum:
1034 825 1129 873 quid
1149 826 1250 863 enim
1269 825 1408 863 mirum
1428 830 1489 864 est
1507 836 1586 863 ma-

324 884 384 920 los
407 881 507 918 mala
527 880 704 918 facinora
723 880 868 917 edere?
891 879 986 927 quid
1005 881 1097 918 novi
1116 885 1188 928 est,
1209 880 1242 918 si
1263 879 1442 918 inimicus
1458 884 1585 926 nocet,

326 937 474 974 amicus
504 934 684 980 offendit,
713 934 816 971 filius
838 934 998 980 labitur,
1028 945 1169 973 servus
1199 938 1362 982 peccat?
1392 934 1587 983 Turpissi-

325 1002 428 1028 mam
457 989 585 1028 aiebat
609 988 753 1027 Fabius
777 989 1002 1036 imperatori
1022 988 1317 1027 excusationem
1347 999 1458 1028 esse:
1492 999 1589 1027 non

328 1045 514 1093 putavi.
543 1054 617 1091 ego
638 1043 904 1091 turpissimam
926 1043 1072 1081 homini
1093 1048 1199 1091 puto,
1232 1043 1369 1081 Omnia
1390 1049 1501 1092 puta,
1523 1053 1590 1081 ex—

329 1104 484 1147 specta:
511 1099 626 1136 etiam
654 1099 691 1136 in
716 1098 832 1136 bonis
852 1098 1026 1136 moribus
1047 1099 1194 1146 aliquid
1212 1098 1377 1147 ‘exsistet
1397 1095 1590 1146 asperius.

293 1154 418 1192 5Fert
435 1154 605 1191 humana
618 1158 757 1191 natura
773 1151 989 1190 insidiosos
1009 1152 1180 1198 animos,
1209 1154 1283 1190 fert
1300 1153 1491 1200 ingratos,
1520 1152 1594 1189 fert

330 1209 518 1256 cupidos,
541 1209 613 1245 fert
633 1208 777 1255 inpios.
808 1217 894 1245 cum
916 1208 964 1245 de
980 1207 1095 1244 unius
1115 1208 1289 1245 moribus
1310 1204 1522 1254 iudicabis,
1543 1206 1592 1244 de

330 1263 498 1311 publicis
528 1261 668 1309 cogita.
706 1262 774 1299 ubi
801 1262 968 1299 maxime
995 1262 1207 1309 gaudebis,
1234 1261 1402 1299 maxime
1428 1266 1593 1299 metues.

330 1318 397 1355 ubi
424 1317 635 1365 tranquilla
660 1315 729 1354 tibi
758 1316 888 1354 omnia
906 1315 1105 1360 videntur,
1138 1316 1190 1354 ibi
1219 1315 1397 1354 nocitura
1422 1326 1500 1354 non
1527 1316 1592 1352 de-

332 1373 506 1410 suntsed
527 1371 748 1420 quiescunt.
767 1381 924 1418 semper
941 1371 1111 1408 futurum
1129 1370 1276 1418 aliquid
1295 1370 1403 1418 quod
1418 1374 1456 1408 te
1473 1368 1594 1408 offen-

333 1427 400 1464 dat
418 1427 610 1464 existima.
649 1425 893 1464 Gubernator
912 1436 1125 1473 numquam
1152 1426 1204 1463 ita
1222 1429 1327 1463 totos
1348 1425 1460 1462 sinus
1481 1434 1595 1462 secu-

330 1492 400 1519 rus
429 1480 637 1529 explicuit,
665 1484 709 1518 ut
734 1490 813 1518 non
840 1480 1024 1527 expedite
1044 1480 1104 1531 'ad
1135 1479 1445 1518 contrahendum
1473 1488 1596 1516 arma-

296 1532 318 1566 6
334 1540 463 1573 menta
489 1536 729 1583 disponeret.
766 1534 865 1572 Illud
892 1539 981 1572 ante
1002 1535 1132 1572 omnia
1153 1534 1300 1581 cogita,
1328 1534 1483 1571 foedam
1505 1541 1596 1570 esse

334 1595 372 1628 et
387 1590 670 1628 exsecrabilem
686 1588 763 1627 vim
779 1589 946 1627 nocendi
963 1593 1000 1626 et
1016 1589 1293 1627 alienissimam
1309 1588 1466 1635 homini,
1487 1587 1598 1624 cuius

333 1644 528 1682 beneficio
565 1645 680 1683 etiam
714 1653 834 1681 saeva
863 1648 1156 1681 mansuescunt.
1205 1643 1368 1690 adspice
1401 1646 1599 1680 taurorum

334 1700 428 1746 iugo
463 1700 563 1737 colla
596 1697 795 1737 submissa
827 1702 866 1735 et
896 1699 1182 1746 elephantorum
1209 1697 1343 1745 pueris
1375 1696 1520 1744 pariter
1553 1705 1599 1732 ac

335 1753 490 1791 seminis
522 1753 829 1801 persultantibus
857 1757 966 1800 terga
1002 1753 1150 1800 inpune
1178 1753 1326 1790 calcata
1356 1755 1393 1788 et
1422 1749 1599 1798 repentis

335 1808 437 1846 inter
472 1810 616 1856 pocula
650 1807 841 1855 sinusque
867 1808 1027 1845 innoxio
1056 1808 1171 1855 lapsu
1203 1807 1395 1844 dracones
1430 1809 1468 1843 et
1500 1806 1601 1842 intra

338 1863 496 1900 domum
515 1872 697 1900 ursorum
716 1862 954 1910 leonumque
975 1872 1045 1899 ora
1065 1861 1217 1910 placida
1231 1860 1486 1898 tractantibus
1506 1859 1600 1896 adu·

338 1917 533 1964 lautisque
561 1917 759 1955 dominum
787 1917 911 1954 feras:
949 1916 1110 1964 pudebit
1139 1925 1226 1953 cum
1253 1914 1485 1952 animalibus
1513 1923 1599 1961 per-

302 1967 323 2002 7
339 1977 514 2009 mutasse
532 1981 677 2009 mores.
706 1970 826 2009 Nefas
847 1975 907 2008 est
926 1981 1072 2009 nocere
1091 1969 1257 2018 patriae:
1285 1978 1379 2016 ergo
1407 1967 1482 2006 civi
1503 1978 1601 2015 quo<

341 2035 438 2072 que,
466 2037 555 2063 nam
582 2026 647 2063 hic
675 2036 768 2074 pars
800 2026 948 2073 patriae
968 2030 1039 2063 est.
1082 2027 1240 2062 sanctae
1268 2028 1400 2070 partes
1429 2026 1538 2069 sunt,
1569 2022 1602 2059 si

339 2078 568 2118 universum
594 2080 820 2118 venerabile
848 2085 920 2118 est.
960 2090 1053 2127 ergo
1082 2083 1120 2116 et
1150 2077 1315 2125 homini,
1348 2088 1439 2115 nam
1470 2076 1535 2114 hic
1564 2076 1603 2113 in

339 2133 488 2171 maiore
516 2134 584 2171 tibi
610 2135 708 2173 urbe
737 2134 832 2172 civis
860 2140 932 2173 est.
976 2133 1076 2181 Quid
1101 2133 1134 2170 si
1161 2142 1306 2169 nocere
1326 2132 1443 2169 velint
1461 2140 1603 2168 manus

340 2187 539 2235 pedibus?
566 2190 745 2227 manibus
766 2189 897 2227 oculi?
919 2193 962 2227 ut
981 2186 1111 2226 omnia
1135 2186 1233 2224 inter
1254 2197 1298 2224 se
1317 2185 1491 2224 membra
1510 2195 1602 2222 con-

341 2242 535 2289 sentiunt,
556 2243 647 2290 quia
667 2244 822 2291 singula
842 2243 990 2282 servari
1008 2242 1126 2280 totius
1146 2241 1324 2288 interest,
1354 2241 1405 2277 ita
1423 2239 1603 2277 homines

341 2295 507 2345 singulis
528 2302 700 2345 parcent,
724 2298 817 2346 quia
835 2298 886 2336 ad
905 2302 1057 2336 coetum
1076 2295 1194 2343 geniti
1213 2299 1315 2333 sunt.
1345 2295 1455 2332 salva
1474 2298 1604 2332 autem
