1624 2626
0 0 6 190 Ι
258 135 393 174 DIAL.
423 135 491 175 111.
529 134 598 173 DE
625 135 716 174 IRA
743 134 840 174 LIB.
865 135 894 173 Ι.
926 139 1099 177 16—18.
1276 135 1333 176 49

0 240 2 257 ²
37 249 110 279 nes
131 249 317 288 quoque,
339 238 379 277 in
401 237 548 288 quibus
569 237 667 277 solis
689 247 815 286 opera
832 236 1065 277 iracundiae
1085 236 1243 278 videtur
1261 249 1331 278 ne-

0 337 4 341 ,
39 295 236 343 cessaria,
255 295 379 334 multo
401 304 472 343 per
490 303 536 332 se
554 293 656 332 ratio
679 291 818 332 sortior
837 297 927 332 est?
956 304 1049 332 nam
1070 304 1160 333 cum
1179 294 1331 334 iudica—

28 351 91 390 vvit
110 350 262 400 aliquid
281 350 527 398 faciendum,
547 349 587 388 in
604 359 652 388 eo
674 354 921 398 perseverat.
949 349 1046 388 nihil
1066 349 1172 388 enim
1187 350 1331 389 melius

35 406 247 446 inventura
265 411 328 445 cst
348 415 394 445 se
413 406 526 455 ipsa,
551 416 632 454 quo
653 409 837 444 mutetur.
875 405 967 444 ideo
990 410 1069 444 stat
1089 407 1210 444 semel
1233 417 1330 445 con-

35 462 203 501 stitutis:
231 461 331 500 iram
359 472 483 509 saepe
511 461 791 499 misericordia
814 465 921 500 retro
950 461 1042 509 egit.
1077 461 1200 500 habet
1226 462 1369 501 enim4

35 528 118 557 non
153 517 327 557 solidum
359 517 503 565 robur,
543 517 617 555 sed
651 527 799 555 vanum
830 521 1028 556 tumorem
1062 516 1332 567 violentisque

1 583 4 621 ι
33 572 242 623 principiis
269 573 408 619 utitur,
439 583 520 611 non
549 573 661 611 aliter
689 583 808 621 quam
836 572 904 621 qui
933 583 957 610 a
982 577 1088 612 terra
1108 572 1215 611 venti
1243 584 1331 612 sur-

0 630 4 678 }
34 634 133 678 gunt
160 634 199 668 et
224 628 457 668 fluminibus
477 627 778 677 paludibusque
797 627 984 677 concepti
1003 628 1090 667 sine
1112 629 1333 677 pertinacia

0 681 3 750 ]
33 685 294 724 vehementes
323 690 436 723 sunt:
472 684 611 733 incipit
644 695 789 732 magno
817 684 974 733 inpetu,
1006 684 1152 723 deinde
1185 685 1369 723 defecit5

35 746 126 780 ante
153 746 313 789 tempus
342 741 523 788 fatigata,
553 745 612 787 et,
642 750 747 789 quac
766 739 863 778 nihil
890 740 997 778 aliud
1017 751 1138 788 quam
1158 741 1330 779 crudeli-

32 800 154 835 tatem
170 806 217 835 ac
237 807 344 835 nova
364 806 513 844 genera
534 806 756 844 poenarum
773 799 1016 843 versaverat,
1041 807 1131 834 cum
1150 796 1330 835 animad-

2 875 3 909 ¹
33 852 271 891 vertendum
289 856 361 899 est,
382 851 460 890 iam
481 851 569 899 [ira]
587 852 713 890 fracta
732 850 917 899 lenisque
936 856 1010 889 est.
1037 852 1234 890 Adfectus
1252 852 1330 891 cito

0 915 3 948 l
36 907 164 955 cadit,
185 907 366 956 aequalis
387 912 450 946 est
469 907 584 946 ratio.
623 907 807 946 Ceterum
827 906 946 945 etiam
965 906 1035 944 ubi
1056 908 1332 955 perseveravit
1347 910 1369 945 6

1 960 3 1013 ξ
34 963 115 1011 ira,
148 973 468 1011 nonnumquam,
497 963 531 1001 si
554 963 689 1011 plures
718 966 811 1000 sunt
839 962 907 1010 qui
935 963 1067 1010 perire
1087 969 1331 1011 meruerunt,

2 1058 3 1062 ,
36 1023 133 1068 post
159 1019 330 1058 duorum
357 1019 525 1057 triumve
552 1017 788 1066 sanguinem
808 1017 995 1056 occidere
1018 1017 1177 1057 desinit.
1214 1019 1332 1068 primi

0 1099 3 1108 ι
37 1075 124 1113 eius
152 1074 254 1112 ictus
282 1083 398 1112 acres
426 1078 539 1121 sunt,
569 1074 674 1112 sicut
701 1073 947 1121 serpentium
976 1083 1132 1112 venena
1159 1084 1184 1112 a
1211 1074 1331 1114 cubili

35 1130 283 1178 erepentium
312 1134 477 1176 nocent,
507 1129 661 1168 innoxii
691 1129 832 1167 dentes
862 1132 976 1177 sunt,
1011 1140 1102 1168 curn
1128 1129 1220 1169 illos
1249 1131 1327 1169 fre-

0 1185 3 1244 ἰ
36 1195 166 1234 quens
188 1196 346 1224 morsus
367 1185 570 1224 exhausit:
592 1195 686 1233 ergo
708 1195 789 1223 non
811 1184 924 1233 paria
946 1184 1149 1233 patiuntur
1170 1186 1238 1234 qui
1258 1197 1329 1235 pa·
1344 1191 1365 1226 7

33 1240 95 1279 ria
115 1239 416 1289 commiserunt,
446 1246 485 1280 et
511 1252 635 1290 saepe
657 1240 724 1289 qui
744 1240 876 1278 minus
897 1241 1114 1287 commisit,
1145 1242 1236 1290 plus
1258 1253 1329 1291 pa-

32 1296 145 1345 titur,
168 1298 263 1346 quia
280 1296 494 1336 recentiori
514 1296 695 1335 obicctus
717 1301 800 1335 est=
830 1300 870 1335 et
897 1296 936 1335 in
956 1301 1082 1335 totum
1102 1297 1328 1347 inaequalis

34 1357 116 1391 est:
137 1353 256 1393 modo
278 1354 380 1392 ultra
401 1364 519 1402 quam
539 1356 698 1401 oportet
717 1353 910 1400 excurrit,
932 1352 1053 1391 modo
1074 1353 1237 1393 citerius
1258 1354 1328 1393 de—

33 1407 117 1447 bito
143 1409 304 1447 resistit.
344 1409 421 1448 sibi
444 1409 548 1447 enim
575 1407 755 1456 indulget
783 1413 823 1447 et
849 1418 902 1446 ex
927 1407 1093 1447 libidine
1119 1409 1270 1449 iudicat
1290 1415 1330 1449 et

35 1463 175 1502 audire
201 1475 283 1503 non
308 1464 394 1503 vult
420 1469 460 1503 et
486 1464 706 1514 patrocinio
735 1474 817 1503 non
844 1464 1034 1513 relinquit
1061 1458 1193 1504 locum
1214 1471 1254 1505 et
1279 1476 1329 1505 ea

34 1523 144 1558 tenet
171 1529 274 1568 quae
302 1520 448 1562 invasit
473 1525 512 1559 et
536 1519 636 1569 eripi
663 1518 740 1559 sibi
766 1519 960 1560 iudicium
987 1531 1124 1569 suum,
1154 1522 1272 1560 etiam
1292 1521 1327 1560 si

34 1585 204 1624 pravum
225 1579 304 1621 est,
327 1585 407 1614 non
427 1575 531 1615 sinit.

117 1630 259 1668 XVllI.
294 1630 409 1669 Ratio
429 1631 584 1679 utrique
603 1631 706 1680 parti
724 1635 884 1681 tempus
905 1632 984 1671 dat.
1026 1632 1172 1671 deinde
1201 1633 1324 1672 advo·
1343 1642 1363 1676 1

37 1685 234 1726 cationem
261 1690 301 1725 et
328 1685 404 1725 sibi
438 1686 556 1734 petit,
588 1692 633 1725 ut
664 1688 930 1727 excutiendae
964 1688 1119 1727 veritati
1150 1689 1326 1737 spatium

0 1752 2 1765 ³
33 1741 200 1781 habeat:
227 1741 287 1780 ira
314 1743 485 1780 festinat.
526 1742 626 1781 ratio
654 1742 696 1781 id
715 1743 893 1783 iudicare
914 1746 997 1783 vult
1017 1744 1128 1792 quod
1152 1754 1327 1793 aequum

0 1810 1 1832 ι
21 1802 121 1837 >esta
135 1799 195 1837 ira
214 1798 254 1836 id
275 1808 445 1846 aequum
466 1797 594 1836 videri
615 1799 725 1849 [non]
745 1799 831 1838 vult
851 1801 960 1849 quod
979 1800 1184 1842 iudicavit.
1209 1801 1325 1839 Ratio
1342 1809 1364 1842 2

34 1852 91 1891 nil
118 1855 276 1903 praeter
302 1854 436 1902 ipsum
455 1854 506 1892 de
527 1863 607 1902 quo
628 1854 757 1902 agitur
776 1860 953 1904 spectat:
982 1856 1042 1894 ira
1062 1857 1176 1895 vanis
1197 1861 1237 1894 et
1256 1867 1325 1894 ex-

0 1942 1 1947 ,
33 1913 96 1948 tra
123 1916 286 1948 causam
313 1909 621 1948 obversantibus
651 1916 937 1950 commovetur.
976 1912 1111 1950 voltus
1135 1911 1241 1949 illam
1262 1921 1325 1950 se-

35 1965 189 2013 curior,
211 1976 294 2004 vox
312 1965 477 2013 clarior,
498 1976 632 2004 sermo
653 1965 832 2015 liberior,
854 1968 985 2006 cultus
1007 1966 1233 2015 delicatior,
1254 1967 1325 2005 ad-

33 2021 194 2060 vocatio
222 2021 489 2069 ambitiosior,
518 2022 633 2060 favor
660 2022 868 2070 popularis
899 2027 1156 2071 exasperant.
1199 2033 1326 2072 saepe

33 2075 180 2116 infesta
205 2081 374 2126 patrono
401 2087 515 2116 reum
544 2077 724 2124 damnat,
757 2078 874 2117 etiam
909 2078 944 2116 si
977 2077 1168 2126 ingeritur
1195 2078 1324 2118 oculis

33 2132 335 2180 veritasfamat
362 2138 401 2172 et
427 2137 559 2172 tuetur
586 2142 776 2171 errorem.
813 2133 978 2182 coargui
1006 2144 1087 2172 non
1105 2134 1191 2173 vult
1217 2135 1325 2174 et·in

34 2189 137 2227 male
164 2188 320 2237 coeptis
346 2188 553 2228 honestior
578 2187 634 2227 illi
662 2188 880 2237 pertinacia
906 2189 1062 2228 videtur
1088 2200 1209 2243 quam
1226 2201 1325 2239 poe-

36 2243 210 2283 nitentia.
248 2244 317 2284 Cn.
336 2243 430 2284 Piso
458 2245 530 2284 fuit
555 2245 747 2283 memoria
772 2249 912 2284 nostra
937 2245 999 2283 vir
1024 2255 1049 2284 a
1066 2246 1199 2286 multis
1218 2247 1325 2286 vitiis
1340 2250 1363 2285 3

37 2297 210 2349 integer,
237 2300 312 2339 sed
338 2311 489 2349 pravus
519 2306 557 2342 et
577 2300 640 2340 cui
661 2300 846 2351 placebat
865 2311 938 2352 pro
959 2303 1184 2342 constantia
1202 2303 1323 2352 rigor.

95 2369 225 2394 snm-:CA
243 2369 334 2395 mm..
353 2359 379 2396 1.
912 2375 922 2377 >
1033 2363 1058 2398 4
