1624 2626
465 353 510 407 L.
542 350 727 407 ANNAEI
754 349 978 408 SENECAE

281 450 772 516 nlALofloRUM
822 450 1049 513 LIBER
1098 451 1156 512 ΙΙ.

554 569 620 602 AD
646 567 883 602 SERENUM

7 694 8 699 ¹
72 647 170 689 NEC
204 646 436 688 INIURIAM
466 647 568 689 NEC
605 646 964 688 CONTUMELIAM
999 646 1250 687 ACCIPERE
1288 646 1366 686 SA-

0 2283 41 2626 -ν-’Νιννη

602 713 831 754 ΡΙΕΝΤΕΜ.

685 802 753 825 Slva

412 866 468 909 DE
489 864 763 908 CONSTANTIA
785 862 1029 909 SfflEN'HS.

155 1040 184 1077 Ι.
214 1014 392 1077 Tantum
418 1036 520 1074 inter
548 1035 728 1084 StoicOS,
751 1035 923 1084 Serene,
954 1040 992 1074 et
1021 1040 1178 1075 eeteros
1208 1036 1369 1085 sapien·
1387 1041 1405 1073 1

72 1095 166 1134 tiam
193 1094 406 1144 professos
432 1091 631 1131 interesse
652 1097 844 1142 quantum
863 1092 966 1131 inter
986 1091 1156 1132 feminas
1178 1096 1216 1131 et
1235 1103 1368 1132 mares

72 1161 152 1190 non
172 1149 356 1190 inmerito
375 1146 564 1196 dixerim,
595 1158 687 1187 cum
706 1153 877 1198 utraque
898 1147 1013 1187 turba
1033 1147 1087 1187 ad
1105 1149 1210 1187 vitae
1239 1148 1370 1188 socie—

70 1211 190 1247 tatem
211 1203 455 1246 tantumdem
476 1204 676 1253 conserat,
707 1205 781 1243 sed
802 1206 927 1244 altera
947 1215 1043 1252 pars
1063 1205 1115 1243 ad
1139 1204 1369 1254 obsequen—

72 1263 187 1312 dum,
215 1262 340 1302 altera
364 1258 534 1309 imperio
555 1265 650 1299 nata
671 1260 733 1300 sit.
772 1261 894 1299 ceteri
916 1260 1122 1309 sapientes
1142 1261 1314 1300 molliter
1333 1267 1371 1300 et

70 1317 238 1366 blande,
265 1321 308 1356 ut
326 1317 411 1355 fere
430 1314 644 1356 domestici
663 1321 703 1355 et
720 1317 938 1356 familiares
958 1316 1105 1355 medici
1125 1317 1258 1365 aegris
1281 1327 1367 1357 cor-

71 1375 238 1427 poribus
269 1383 350 1412 non
379 1383 460 1421 qua
488 1372 680 1421 optimum
708 1377 750 1412 et
777 1371 1030 1412 celerrimum
1058 1376 1122 1412 est
1146 1374 1368 1421 medentur,

73 1431 148 1470 sed
163 1440 243 1479 qua
261 1429 371 1468 licet:
393 1428 518 1468 Stoici
536 1427 692 1468 virilem
710 1427 884 1477 ingressi
900 1429 1017 1477 viam,
1039 1438 1120 1468 non
1139 1434 1182 1468 ut
1200 1439 1370 1468 amoena

0 1507 1 1539 2
71 1484 297 1525 ineuntibus
326 1484 529 1532 videatur,
560 1495 681 1524 curae
707 1484 876 1533 habent,
907 1485 981 1523 sed
1010 1490 1053 1524 ut
1073 1485 1369 1534 quamprimum

74 1551 150 1580 nos
171 1540 315 1589 eripiat
333 1546 372 1579 et
398 1541 437 1578 in
459 1541 569 1580 illum
589 1541 739 1580 editum
759 1541 952 1580 verticem
972 1541 1137 1590 educat,
1168 1542 1235 1590 qui
1265 1541 1368 1580 adeo

0 1642 1 1649 ἵ
72 1601 186 1636 extra
205 1606 362 1636 omnem
382 1596 448 1634 teli
467 1597 613 1637 iactum
634 1597 826 1645 surrexit,
846 1602 1031 1646 utsupra
1051 1598 1251 1636 fortunam
1273 1598 1368 1636 emi-

72 1657 177 1691 neat.
207 1653 287 1700 „At
314 1651 440 1690 ardua
467 1663 541 1701 per
568 1664 674 1702 quae
693 1664 888 1692 vocamur
908 1657 948 1692 et
968 1654 1213 1702 confragosa
1238 1656 1369 1692 sunt.⁴‘
1387 1653 1408 1687 2

0 1701 2 1759 J
72 1708 173 1756 Quid
194 1708 327 1747 enim?
354 1708 475 1756 plano
501 1707 631 1747 aditur
650 1711 887 1748 excelsum?
914 1709 989 1749 sed
1017 1720 1068 1748 ne
1097 1714 1176 1748 tam
1200 1710 1371 1759 abrupta

0 1808 2 1823 k
74 1764 235 1814 quidem
265 1768 376 1812 sunt,
408 1774 527 1813 quam
557 1764 718 1813 quidam
747 1770 898 1814 putant.
934 1766 1066 1815 prima
1093 1771 1244 1805 tantum
1272 1776 1368 1814 pars

73 1831 176 1859 saxa
193 1830 401 1870 rupesque
419 1819 542 1858 habet
569 1825 608 1859 et
635 1820 729 1859 invii
748 1822 948 1870 speciem,
978 1822 1082 1861 sicut
1102 1822 1296 1870 pleraque
1318 1831 1369 1859 ex

73 1875 292 1925 longinquo
313 1875 616 1925 speculantibus
637 1877 799 1916 abscisa
818 1882 858 1917 et
877 1887 1063 1917 connexa
1077 1878 1205 1916 videri
1223 1877 1368 1924 solent,

73 1943 163 1971 eum
178 1933 304 1972 aciem
320 1931 595 1981 longinquitas
616 1933 736 1972 sallat.
767 1933 915 1973 deinde
935 1933 1105 1983 propius
1125 1933 1366 1972 adeuntibus

73 1988 214 2027 eadem
241 1988 325 2035 illa,
365 1999 469 2037 quae
496 1988 535 2026 in
564 1999 687 2027 unum
715 1994 978 2038 congesserat
1005 1999 1119 2028 error
1146 1989 1365 2038 oculorum,

71 2043 262 2093 paulatim
277 2044 575 2093 adaperiuntur.
606 2049 688 2083 tum
709 2045 787 2085 illis
803 2055 907 2094 quae
923 2044 1156 2094 praecipitia
1175 2055 1225 2084 ex
1244 2044 1365 2084 inter-

70 2101 178 2139 vallo
198 2099 465 2149 adparebant‚
494 2100 599 2139 redit
625 2100 715 2139 lene
745 2101 956 2150 fastigium.
995 2098 1132 2150 Nuper
1148 2110 1240 2140 cum
1268 2101 1364 2140 inci·
1380 2103 1403 2137 3

0 2151 2 2154 ’
73 2156 201 2195 disset
217 2156 363 2196 mentio
377 2156 430 2195 M.
449 2156 630 2204 Catonis,
652 2155 815 2205 indigne
834 2157 1014 2206 ferebas,
1035 2157 1136 2197 sicut
1155 2167 1200 2197 es
1219 2156 1363 2207 iniqui—

71 2212 164 2251 tatis
183 2211 401 2262 inpatiens,
426 2213 536 2262 quod
551 2213 740 2251 Catonem
761 2217 871 2252 aetas
893 2224 968 2253 sua
981 2222 1124 2263 pamm
1145 2213 1363 2253 intellexis-

74 2273 154 2316 set,
185 2268 295 2317 quod
322 2279 446 2318 supra
472 2268 686 2319 Pompeios
715 2273 754 2307 et
781 2268 974 2309 Caesares
1003 2274 1231 2318 surgentem
1259 2270 1364 2309 infra

73 2323 257 2364 Vatinios
277 2325 495 2372 posuisset.
533 2330 574 2366 et
598 2323 668 2367 tibi
689 2325 894 2374 indignum
915 2325 1143 2375 videbatur,
1176 2326 1287 2376 quod
1307 2326 1361 2365 illi

130 2391 261 2419 εειιεοΑ
279 2394 368 2418 PHIL.
389 2383 414 2418 Ι.
1066 2388 1089 2420 2
