1592 2580
298 169 363 208 DE
390 167 670 208 BENEFICHS
697 168 792 208 LIB.
816 169 884 208 Vl.
913 174 1087 210 31—33.
1253 167 1331 210 127

54 273 181 311 Asiae
206 270 424 319 civitatem,
453 281 572 309 curru
601 275 739 310 vectus
761 270 925 310 intraret
942 274 1092 309 rectam
1112 271 1244 319 capite
1262 271 1332 311 tia-

55 339 140 368 ram
158 337 317 376 gerens.
346 327 387 365 id
407 327 504 365 solis
526 326 661 364 datum
681 326 858 374 regibus.
899 325 1052 374 Dignus
1073 326 1200 366 fuerat
1219 337 1332 375 prae-

55 385 156 430 mio,
193 387 406 431 antequam
439 387 612 431 peteret:
649 381 723 420 sed
753 393 872 430 quam
900 382 1138 421 miserabilis
1165 393 1267 431 gens
1294 384 1334 421 in

57 450 136 489 qua
153 449 270 478 nemo
291 438 383 486 fuit,
414 438 483 487 qui
504 448 646 476 verum
662 438 814 477 diceret
827 437 931 486 regi,
951 438 1030 477 nisi
1045 439 1114 487 qui
1129 449 1211 478 non
1226 439 1334 478 dice-

54 495 122 535 bat
142 494 237 533 sibi!

135 549 291 589 XXXII.
321 543 448 588 Divus
467 550 678 598 Augustus
693 549 814 587 filiam
829 549 932 588 ultra
944 549 1203 598 inpudicitiae
1215 551 1335 589 male·
1353 554 1367 586 1

55 606 201 646 dictum
228 605 460 654 inpudicam
490 604 684 654 relegavit
708 610 748 643 et
766 603 918 654 flagitia
936 605 1168 654 principalis
1190 606 1336 646 domus

54 663 93 701 in
114 662 316 711 publicum
334 661 483 699 emisit:
513 661 716 700 admissos
737 661 928 709 gregatim
947 661 1172 709 adulteros,
1201 672 1336 711 perer—

54 723 179 758 ratam
202 717 406 756 nocturnis
425 717 790 756 comessationibus
804 717 1021 764 civitatem,
1052 718 1182 756 sorum
1203 719 1336 766 ipsum

55 784 104 812 ac
130 778 282 819 rostra,
313 783 365 811 ex
396 773 543 821 quibus
574 777 687 821 pater
713 773 844 821 legem
871 773 923 811 de
948 773 1153 812 adulteriis
1182 774 1337 821 tulerat,

56 829 161 868 filiae
189 828 228 866 in
258 833 398 877 stupra
426 828 648 877 placuisse,
679 828 922 868 cotidianum
941 828 994 867 ad
1015 828 1218 880 Marsyam
1240 840 1335 869 con-

56 895 237 931 cursum,
267 894 358 923 cum
380 894 433 923 ex
452 884 635 923 adultera
656 884 694 922 in
716 884 1011 933 quaestuariam
1032 895 1151 924 versa
1169 886 1232 924 ius
1253 896 1336 925 om-

55 940 117 979 nis
146 940 328 981 licentiae
355 940 432 979 sub
452 940 589 988 ignoto
607 939 789 980 adultero
810 945 979 989 peteret.
1025 939 1135 980 Haec
1155 947 1234 980 tam
1252 941 1336 980 vin·
1352 943 1374 976 2

56 995 229 1035 dicanda
249 995 419 1044 principi
440 1006 558 1044 quam
580 996 770 1043 tacenda,
801 996 896 1045 quia
917 997 1180 1045 quarumdam
1203 1008 1336 1036 rerum

56 1051 259 1100 turpitudo
281 1052 395 1090 etiam
417 1052 469 1089 ad
491 1051 754 1090 vindicantem
776 1052 898 1099 redit,
928 1063 1067 1100 parum
1089 1059 1233 1101 potens
1253 1053 1338 1092 irae

57 1107 341 1156 publicaverat.
378 1107 524 1145 deinde
551 1117 641 1146 cum
668 1107 905 1155 interposito
934 1113 1116 1156 tempore
1144 1109 1337 1148 inlocum

55 1164 138 1201 irae
158 1162 335 1201 subisset
353 1162 614 1210 verecundia,
643 1173 830 1211 gemenS,
860 1163 971 1211 quod
990 1175 1070 1203 non
1091 1164 1158 1203 illa
1178 1165 1335 1204 silentio

56 1217 274 1268 pressisset
294 1228 408 1267 ,quae
434 1218 580 1256 tamdiu
606 1219 824 1265 nescierat,
855 1219 986 1258 donec
1006 1220 1116 1268 loqui
1135 1225 1252 1269 turpe
1272 1231 1335 1260 es-

55 1278 136 1321 set,
167 1283 292 1322 saepe
325 1274 587 1312 exclamavit:
629 1275 768 1313 horum
797 1275 895 1315 mihi
924 1276 1023 1314 nihil
1047 1277 1268 1323 accidisset,
1303 1279 1340 1316 si

4 1364 8 1366 .
54 1334 123 1369 aut
141 1331 319 1379 Ayrippa
339 1335 408 1368 aut
425 1330 639 1369 Maecenas
657 1332 835 1370 vixisset:
863 1331 966 1369 adeo
983 1336 1040 1370 tot
1054 1331 1215 1370 habenti
1231 1333 1338 1370 milia

55 1385 259 1424 hominum
279 1385 383 1424 duos
401 1396 594 1434 reparare
615 1385 779 1424 difficile
803 1391 877 1425 est.
927 1387 1078 1425 Caesae
1101 1394 1194 1426 sunt
1213 1388 1334 1436 legio·
1352 1387 1374 1421 3

55 1451 128 1479 nes
154 1445 195 1479 et
221 1441 401 1489 protinus
430 1441 618 1489 scriptae.
662 1442 787 1480 fracta
812 1442 957 1480 classis
985 1447 1027 1481 et
1053 1443 1154 1481 intra
1181 1454 1336 1491 paucos

56 1496 143 1534 dies
162 1496 312 1535 natavit
330 1507 447 1535 nova.
484 1496 680 1536 saevitum
700 1502 763 1535 est
780 1497 820 1535 in
841 1508 965 1545 opera
985 1498 1145 1546 publica
1163 1499 1336 1547 ignibus,

56 1556 318 1590 surrexerunt
347 1552 514 1590 meliora
541 1551 812 1601 consumptis=
848 1558 932 1592 tota
960 1553 1040 1592 vita
1064 1555 1272 1603 Agrippae
1299 1560 1338 1593 et

54 1606 300 1646 Maecenatis
329 1606 487 1646 vaeavit
512 1608 639 1647 locus.
687 1608 818 1656 Quid?
855 1613 991 1657 putem
1018 1609 1200 1648 defuisse
1229 1610 1335 1648 simi-

55 1664 136 1708 les,
167 1662 237 1711 qui
257 1662 582 1710 adsumerentur‚
611 1674 660 1702 an
680 1665 811 1712 ipsius
833 1664 968 1703 vitium
987 1665 1133 1713 fuisse,
1165 1666 1233 1714 qui
1253 1677 1335 1706 ma-

13 1727 15 1729 ·
55 1717 128 1758 luit
157 1717 272 1766 queri
300 1729 422 1766 quam
449 1724 675 1767 quaerere?
717 1720 805 1758 Non
833 1725 896 1759 est
923 1720 1032 1768 quod
1061 1721 1374 1761 existimemus4

54 1773 276 1822 Agrippam
304 1778 343 1812 et
369 1773 641 1814 Maecenatem
668 1776 810 1814 solitos
835 1774 893 1814 illi
911 1786 1007 1814 vera
1026 1776 1180 1815 dicere:
1212 1779 1278 1826 qui
1301 1778 1336 1816 si

54 1829 272 1876 vixissent,
306 1829 406 1868 inter
425 1829 733 1869 *dissimulantes
761 1831 942 1870 fuissent.
994 1832 1157 1880 Regalis
1189 1832 1336 1881 ingenii

55 1895 145 1924 mos
173 1890 234 1924 est
262 1886 300 1923 in
331 1885 600 1934 praesentium
632 1886 910 1925 contumeliam
936 1887 1085 1926 amissa
1112 1889 1276 1926 laudare
1298 1895 1338 1927 et

0 1957 8 1965 ·
56 1940 119 1979 his
146 1941 330 1980 virtutem
361 1941 457 1980 dare
485 1951 580 1979 vera
608 1941 787 1989 dicendi,
823 1953 848 1981 a
877 1943 1024 1992 quibus
1049 1943 1128 1982 iam
1147 1944 1337 1983 audiendi

56 1996 277 2045 perieulum
298 2008 377 2036 non
399 2001 472 2035 est.

139 2051 312 2091 XXXIII.
350 2052 432 2091 Sed
460 2057 503 2092 ut
530 2063 594 2091 me
620 2053 673 2092 ad
699 2054 948 2102 propositum
969 2054 1181 2100 reducam,
1207 2055 1335 2103 vides,
1353 2063 1372 2095 l

60 2117 179 2156 quam
206 2108 323 2146 facile
341 2108 392 2148 sit
410 2108 577 2156 gratiam
595 2109 745 2148 referre
766 2109 947 2149 felicibus
967 2115 1007 2149 et
1026 2109 1065 2150 in
1087 2121 1243 2150 summo
1263 2111 1334 2151 hu-

58 2173 264 2202 manarum
283 2174 406 2214 opum
427 2163 584 2212 positis.
629 2163 703 2202 Dic
717 2164 794 2203 illis
809 2176 890 2204 non
908 2166 1018 2214 quod
1034 2167 1170 2206 volunt
1185 2166 1334 2214 audire,

60 2218 133 2257 sed
154 2219 264 2268 quod
290 2219 456 2259 audisse
477 2230 638 2268 semper
655 2220 805 2260 volent.
841 2221 982 2269 plenas
1002 2231 1122 2264 aures
1143 2222 1334 2262 adulatio·

63 2272 180 2315 nibus
192 2274 409 2324 aliquando
426 2286 519 2314 vera
537 2286 616 2314 vox
631 2275 758 2314 intret.
779 2276 832 2315 da
846 2275 1056 2316 consilium
1071 2277 1177 2317 utile.
1210 2277 1335 2326 Quae·
1351 2285 1373 2318 2

62 2327 136 2377 ris,
167 2330 260 2378 quid
283 2330 386 2370 felici
407 2336 612 2380 praestare
633 2331 800 2379 possis?
836 2331 952 2372 effice
975 2343 1026 2371 ne
1047 2333 1220 2374 felicitati
1237 2345 1335 2374 suae
