1592 2580
258 158 340 199 224
632 160 675 198 L.
699 161 888 200 ANNAEI
914 161 1141 202 SENECAE

255 271 383 309 aeque
410 260 611 299 variantur
637 266 676 299 et
700 260 740 299 in
769 266 921 300 ceteras
942 262 1064 301 facies
1087 264 1188 302 inter
1209 263 1325 303 vitam
1343 275 1392 303 ac
1410 275 1512 304 mor·

255 321 331 352 tem
360 315 506 354 coloris
538 320 599 353 est
626 316 837 363 vagatio!“
877 317 1015 364 Longa
1041 319 1333 357 somniculosae
1359 320 1510 360 inertis·

254 380 331 417 que
358 370 536 407 luxuriae
562 371 828 418 exspectatio!
861 382 978 418 quam
1007 382 1096 410 sero
1120 373 1388 412 circumscribi
1410 385 1454 413 se
1473 378 1512 412 et

254 424 426 462 fraudari
454 429 561 462 tanto
590 425 695 462 bono
715 425 858 463 sensit!
895 425 971 464 hoc
991 426 1120 465 adhuc
1137 432 1215 466 tam
1237 429 1399 476 pulchro
1420 439 1510 477 spe·

210 487 231 520 2
253 478 406 517 maculo
424 477 644 526 piscatores
665 479 902 518 fruebantur.
932 479 1044 527 „Quo
1059 486 1212 520 coctum
1230 482 1408 530 piscem?
1430 493 1509 530 quo

252 533 502 571 exanimum?
531 533 568 570 in
589 533 678 581 ipso
699 534 848 572 ferculo
868 535 1083 583 exspiret.“
1110 536 1346 575 Mirabamur
1362 542 1510 575 tantum

251 588 327 625 illis
347 587 480 626 inesse
500 588 716 633 fastidium,
746 593 789 627 ut
807 589 954 627 nollent
973 589 1173 638 adtingere
1193 591 1269 629 nisi
1288 592 1427 630 eodem
1448 592 1511 630 die

252 646 429 690 captum,
465 640 551 690 qui,
584 643 770 688 malunt,
799 649 956 691 saperet
974 643 1103 691 ipsum
1122 655 1241 683 mare.
1283 646 1372 684 ideo
1393 657 1512 685 cursu

251 696 540 742 advehebatur,
571 696 660 734 ideo
688 698 834 745 gerulis
862 709 950 736 cum
979 699 1153 737 anhelitu
1172 705 1210 737 et
1229 699 1399 738 clamore
1418 711 1509 749 pro·

209 756 231 789 3
255 751 482 798 perantibus
511 751 677 789 dabatur
703 752 780 790 via.
834 752 918 799 Quo
951 764 1168 801 pervenere
1199 754 1390 793 deliciae?
1430 756 1511 793 lam

252 816 324 853 pro
346 806 503 853 putrido
523 805 584 843 his
605 806 725 853 piscis
753 812 815 845 est
842 807 1014 845 occisus.
1057 809 1217 855 „Hodie
1235 809 1402 847 eductus
1423 815 1511 848 est?

250 861 388 899 nescio
409 860 460 898 de
483 870 526 898 re
544 870 687 908 magna
704 860 773 899 tibi
793 861 974 900 credere:
995 861 1084 910 ipse
1110 868 1264 910 oportet
1283 874 1331 902 ne
1350 864 1508 902 caedas.

250 914 327 953 huc
346 915 559 953 adseratur.
580 925 713 953 coram
733 925 795 953 me
813 917 982 954 animam
1002 920 1131 965 agat,“
1158 918 1223 955 Ad
1242 917 1345 956 hunc
1365 919 1509 957 fastum
1547 926 1551 930 ·

250 969 429 1017 pervenit
454 973 592 1007 venter
618 969 894 1017 delicatorum,
925 976 968 1009 ut
995 976 1154 1019 gustare
1178 983 1254 1010 non
1277 972 1432 1020 possint
1450 973 1508 1021 pi-

250 1034 379 1070 scem,
411 1023 486 1062 nisi
507 1034 623 1071 quem
642 1023 680 1062 in
708 1023 798 1072 ipso
821 1025 1001 1063 convivio
1021 1031 1216 1064 natantem
1237 1027 1508 1075 palpitantem-

252 1088 329 1126 que
358 1078 559 1116 viderunt=
601 1083 747 1116 tantum
776 1079 826 1117 ad
849 1079 1061 1118 sollertiam
1088 1080 1243 1119 luxuria
1264 1081 1510 1130 pereuntibus

249 1133 423 1179 aceedit,
450 1138 639 1180 tantoque
666 1133 847 1172 subtilius
877 1134 1021 1172 cotidie
1051 1140 1090 1173 et
1118 1135 1336 1183 elegantius
1359 1137 1504 1184 aliquid

208 1188 230 1222 4
250 1188 448 1234 excogitat
484 1188 594 1225 furor
628 1187 772 1226 usitata
805 1193 1075 1226 contemnens.
1124 1189 1194 1227 Illa
1225 1190 1506 1228 audiebamus:

248 1240 369 1288 „nihil
389 1247 450 1280 est
469 1241 609 1279 melius
629 1242 784 1280 saxatili
803 1243 962 1280 mullo.“
981 1248 1020 1281 at
1039 1253 1141 1281 nunc
1160 1245 1359 1282 audimus:
1380 1245 1506 1291 „Nihil

250 1300 311 1334 est
337 1296 528 1334 moriente
555 1295 780 1334 formosius.
817 1297 870 1335 da
894 1296 987 1334 mihi
1013 1297 1050 1334 in
1071 1308 1210 1336 manus
1235 1309 1306 1337 vas
1329 1299 1505 1346 vitreum,

248 1351 286 1388 in
308 1361 387 1398 quo
408 1351 598 1396 exsultet,
624 1350 804 1398 trepidet.
817 1354 841 1372 “
879 1351 957 1390 Ubi
982 1352 1143 1390 multum
1173 1354 1321 1400 diuque
1340 1356 1505 1392 luctatus

207 1409 228 1442 5
247 1409 326 1451 est,
347 1415 397 1442 ex
417 1405 483 1443 illo
503 1405 706 1453 perlucido
727 1404 877 1444 vivario
897 1405 1123 1444 extrahitur.
1162 1412 1254 1446 tunc
1274 1412 1316 1446 ut
1336 1408 1506 1456 quisque

247 1459 412 1508 peritior
431 1464 511 1507 est,
532 1464 740 1498 monstrat:
766 1460 922 1507 ‚,Vide,
946 1462 1146 1508 quomodo
1175 1463 1368 1500 exarserit
1384 1462 1506 1502 rubor

248 1514 353 1553 omni
388 1515 519 1553 acrior
549 1513 682 1552 minio.
724 1514 839 1562 vide,
875 1525 976 1563 quas
1003 1525 1075 1563 per
1102 1517 1224 1554 latera
1253 1526 1374 1556 venas
1402 1522 1503 1565 agat.

247 1579 360 1616 ecce,
381 1569 612 1617 sanguinem
631 1573 748 1617 putes
766 1574 954 1608 ventrem.
983 1580 1099 1617 quam
1125 1570 1295 1609 lucidum
1317 1572 1504 1619 quiddam

249 1624 555 1671 caeruleumque
581 1623 654 1661 sub
682 1622 772 1671 ipso
792 1628 970 1672 tempore
986 1623 1156 1662 effulsit!
1191 1624 1265 1663 iam
1295 1626 1505 1674 porrigitur

210 1677 231 1712 6
248 1683 287 1716 et
306 1678 425 1725 pallet
447 1682 486 1716 et
503 1678 542 1715 in
563 1689 683 1716 unum
707 1677 878 1716 colorem
906 1678 1159 1725 conponitur!
1173 1683 1195 1700 “
1221 1680 1281 1717 Ex
1308 1680 1368 1718 his
1387 1691 1503 1720 nemo

247 1731 425 1771 morienti
454 1733 580 1771 amico
609 1731 785 1780 adsidet,
811 1742 927 1771 nemo
955 1733 1091 1771 videre
1119 1739 1282 1773 mortem
1302 1735 1422 1783 patris
1442 1736 1503 1774 sui

247 1787 432 1835 sustinet,
452 1797 569 1836 quam
590 1786 750 1835 optavit.
779 1788 1096 1835 quotusquisque
1114 1788 1231 1827 funus
1247 1789 1503 1828 domesticum

247 1842 299 1879 ad
324 1851 465 1890 rogum
492 1841 805 1890 [pro]sequitur2
834 1843 994 1880 fratrum
1021 1842 1414 1892 propinquorumque
1433 1854 1500 1882 ex-

246 1901 371 1935 trema
388 1896 486 1934 hora
504 1895 714 1934 deseritur:
746 1896 795 1934 ad
815 1901 978 1935 mortem
1000 1897 1158 1944 quidem
1175 1897 1283 1936 mulli
1303 1897 1500 1937 concurri-

210 1954 230 1989 7
246 1956 319 1989 tur.
348 1951 442 1988 nihil
461 1951 563 1988 enim
582 1955 644 1990 est
660 1950 725 1987 illa
740 1951 966 1990 formosius.
992 1951 1077 1990 Non
1091 1956 1267 2000 tempero
1282 1952 1385 1999 mihi,
1406 1955 1501 2001 quin

245 2010 334 2043 utar
352 2005 544 2044 interdum
559 2005 764 2043 temerarie
777 2004 911 2044 verbis
931 2010 969 2045 et
989 2006 1238 2054 proprietatis
1256 2007 1413 2045 modum
1433 2017 1499 2045 ex·

247 2060 407 2098 cedam:
451 2070 530 2098 non
565 2064 656 2098 sunt
683 2058 736 2096 ad
761 2059 950 2108 popinam
977 2061 1181 2109 dentibus,
1211 2071 1279 2099 ore
1307 2065 1346 2099 et
1363 2066 1499 2100 ventre

246 2113 435 2153 contentiz
465 2114 592 2153 oculis
610 2123 770 2162 quoque
784 2113 915 2162 gulosi
935 2119 1039 2153 sunt.

204 2173 222 2204 1
321 2168 422 2207 XIX.
453 2168 550 2207 Sed
568 2169 696 2208 utad
719 2169 1034 2216 propositum
1052 2174 1291 2209 revertar.
1321 2170 1497 2219 ace-ipe

245 2229 603 2271 argumentum,
648 2233 865 2271 magnam
897 2223 992 2262 vim
1027 2234 1260 2272 aquarum
1299 2223 1344 2261 in
1380 2225 1495 2263 sub-

245 2278 491 2318 terraneis
520 2277 745 2317 occultis
769 2277 991 2317 fertilem
1018 2277 1284 2317 foedorum
1300 2278 1405 2318 situ
1425 2279 1497 2328 pi-
