1624 2626
266 174 334 214 DE
351 169 791 221 TRANQUILLITATE
810 168 970 208 ANIMI.
997 173 1155 209 12-14.
1268 165 1348 207 191

69 287 160 316 nem
186 273 367 314 dicamus
396 272 594 312 accidere.
633 281 714 310 non
743 269 853 309 illum
873 267 1036 308 casibus
1055 267 1259 307 hominum
1280 277 1350 305 ex-

70 331 314 383 ce[r]pimus,
334 329 409 369 sed
429 327 647 375 erroribus,
670 336 745 364 nec
763 324 819 364 illi
837 325 970 364 omnia
990 329 1035 363 ut
1051 324 1175 363 voluit
1189 323 1351 371 cedunt,

70 388 143 428 sed
175 392 218 426 ut
251 385 451 434 cogitavit.
495 382 678 432 inprimis
712 386 844 420 autem
877 380 1067 429 cogitavit
1095 379 1204 418 aliud
1226 389 1353 428 posse

67 441 291 494 propositis
311 441 398 480 suis
412 439 615 478 resistere.
645 447 816 477 necesse
831 441 893 476 est
908 442 1039 475 autem
1055 435 1186 475 levius
1201 435 1255 473 ad
1268 435 1352 474 ani—

68 511 175 539 mum
208 497 420 548 pervenire
453 496 668 534 destitutae
688 492 918 542 cupiditatis
936 491 1139 541 dolorem,
1175 490 1240 530 cui
1260 501 1353 530 suc-

68 566 230 594 cessum
248 564 327 593 non
346 553 486 601 utique
501 549 751 600 promiseris.

148 611 251 650 XIV.
279 608 483 648 Faciles
511 607 658 646 etiam
687 615 781 644 nos
809 604 982 643 facer-e
1000 602 1263 650 debemus,
1295 611 1354 640 ne
1379 613 1394 645 1

69 667 218 706 nimis
255 662 538 703 destinatis
571 661 728 700 rebus
762 660 1139 708 indulgeamus,
1173 662 1354 696 transea-

69 732 242 772 musque
269 721 306 760 in
338 730 408 767 ea,
442 719 483 757 in
504 728 608 767 quae
627 728 704 756 nos
726 726 848 755 casus
867 713 1098 762 deduxerit,
1131 724 1208 753 nec
1227 718 1354 753 muta-

68 779 179 818 tione
211 782 280 816 aut
313 774 469 815 consilii
502 779 570 813 aut
603 778 729 812 status
751 771 1102 821 pertimescamuS,
1135 769 1354 809 dummodo

71 844 147 873 nos
174 833 335 878 levitas,
369 829 686 869 inimicissimum
715 827 838 877 quieti
864 826 1024 874 vitium,
1059 836 1141 865 non
1169 825 1356 874 excipiat.

71 900 161 927 nam
182 894 222 927 et
244 887 460 937 pertinacia
481 895 653 924 necesse
674 889 736 923 est
755 882 877 922 anxia
896 888 935 922 et
953 881 1101 921 misera
1116 881 1177 928 sit,
1196 880 1260 919 cui
1275 881 1355 919 for—

72 951 167 984 tuna
200 954 325 993 saepe
359 942 511 991 aliquid
543 945 774 989 extorquet,
808 943 847 978 et
881 938 1024 977 levitas
1053 937 1176 976 multo
1196 936 1358 985 gravior

72 1010 270 1049 nusquam
290 1010 335 1038 se
355 998 577 1037 continens.
606 997 829 1044 Utrumque
847 994 1036 1033 infestum
1056 997 1118 1032 est
1135 991 1357 1041 tranquilli-

74 1057 161 1104 tati,
182 1061 222 1094 et
239 1055 335 1093 nihil
355 1058 507 1091 mutare
526 1062 652 1102 posse
671 1057 711 1090 et
730 1050 826 1089 nihil
841 1049 937 1098 pati.
967 1049 1114 1098 Utique
1135 1048 1291 1086 animus
1307 1046 1357 1085 ab
1378 1055 1400 1088 2

77 1111 259 1150 omnibus
280 1109 456 1148 externis
477 1109 515 1147 in
540 1118 586 1146 se
605 1106 865 1147 revocandus
886 1109 967 1144 est:
987 1105 1065 1143 sibi
1086 1103 1282 1151 confidat,
1311 1112 1357 1141 se

74 1167 264 1215 gaudeat,
285 1176 360 1205 sua
377 1165 592 1213 suspiciat,
614 1163 789 1210 recedat,
812 1166 1006 1210 quantum
1026 1164 1173 1209 potest,
1192 1159 1243 1198 ab
1263 1158 1357 1197 alie-

78 1221 139 1259 nis
158 1227 195 1259 et
213 1233 258 1260 se
279 1221 355 1260 sibi
377 1221 568 1270 adplicet,
597 1220 743 1258 damna
761 1229 842 1257 non
863 1217 1026 1264 sentiat,
1047 1216 1164 1255 etiam
1185 1215 1359 1254 adversa

76 1277 245 1325 benigne
264 1277 558 1326 interpretetur.
604 1274 790 1313 Nuntiato
809 1272 1020 1321 naufragio
1039 1272 1178 1311 Zenon
1199 1275 1357 1318 noster,
1377 1276 1401 1311 3

78 1343 168 1371 cum
191 1334 322 1371 omnia
341 1343 415 1372 sua
435 1332 592 1371 audiret
610 1331 840 1370 submersa:
862 1329 1010 1376 „iubet,
1032 1327 1172 1376 inquit,
1193 1337 1257 1365 me
1277 1328 1358 1365 sor—

78 1394 174 1426 tuna
193 1388 416 1436 expeditius
437 1387 728 1437 philosophari.
740 1389 763 1408 “
793 1385 1020 1423 Minabatur
1038 1383 1250 1423 Theodoro
1273 1382 1359 1431 phi-

80 1442 251 1491 losopho
270 1447 463 1494 tyrannus
482 1448 648 1483 mortem
666 1447 707 1481 et
721 1441 884 1490 quidem
903 1440 1165 1488 insepultam:
1185 1437 1359 1486 ,‚habes,

82 1498 220 1546 inquit,
243 1509 314 1537 cur
331 1499 400 1537 tibi
417 1500 593 1548 placeas.
621 1497 782 1537 hemina
797 1495 1005 1546 sanguinis
1020 1496 1059 1534 in
1078 1500 1146 1534 tua
1160 1498 1361 1543 potestate

83 1558 165 1592 estz
198 1563 288 1591 nam
305 1555 411 1602 quod
429 1555 481 1593 ad
501 1554 748 1604 sepulturam
768 1553 959 1602 pertinet,
994 1562 1018 1590 0
1038 1556 1078 1590 te
1096 1551 1297 1599 ineptum,
1324 1549 1361 1591 si

83 1614 202 1658 putas
221 1619 310 1647 mea
330 1609 544 1658 interesse,
569 1621 702 1658 -supra
720 1614 868 1648 terram
887 1619 936 1647 an
957 1608 1061 1646 infra
1079 1611 1322 1655 putrescam.
1336 1607 1359 1624 “

82 1665 222 1703 Kanus
242 1664 385 1712 Iulius,
403 1665 464 1702 vir
482 1665 661 1714 inprimis
682 1675 876 1713 magnus,
903 1663 1018 1702 cuius
1039 1660 1291 1701 admirationi
1310 1669 1361 1697 ne
1381 1669 1403 1703 4

83 1720 161 1759 hoc
188 1720 348 1769 quidem
376 1719 526 1768 obstat,
559 1721 669 1768 quod
695 1725 836 1760 nostro
856 1719 994 1758 seculo
1016 1723 1134 1757 natus
1155 1722 1236 1764 est,
1270 1725 1362 1754 cum

86 1775 180 1816 Caio
202 1775 270 1814 diu
291 1776 524 1823 altercatus,
546 1781 760 1824 postquam
780 1774 943 1814 abeunti
960 1773 1139 1813 Phalaris
1154 1773 1220 1811 ille
1241 1770 1360 1810 dixit:

84 1838 133 1871 ne
164 1831 271 1879 forte
297 1833 430 1880 inepta
455 1843 524 1880 spe
549 1832 618 1870 tibi
635 1832 869 1879 blandiaris,
891 1831 1035 1869 ducite
1053 1831 1169 1869 iussi:
1193 1828 1361 1873 Gratias,

86 1887 234 1935 inquit,
252 1898 345 1936 ayo,
365 1889 506 1935 optime
518 1888 718 1936 princeps.
746 1886 848 1934 Quid
869 1884 1043 1925 senserit
1063 1884 1214 1923 dubito.
1242 1882 1364 1921 multa
1381 1893 1403 1926 5

87 1942 192 1981 enim
210 1942 307 1981 mihi
327 1947 561 1982 occurrunt:
583 1942 895 1981 contumeliosus
915 1951 1010 1980 esse
1027 1940 1154 1979 voluit
1172 1943 1212 1977 et
1226 1942 1359 1980 osten-

88 1999 203 2044 dere,
239 2003 388 2048 quanta
416 1997 629 2037 crudelitas
659 2001 790 2046 esset,
822 1997 862 2036 in
889 2008 970 2046 qua
993 2006 1103 2034 mors
1123 1993 1361 2037 beneficium

88 2058 200 2093 erat?
225 2065 276 2092 an
296 2054 553 2103 exprobravit
570 2053 625 2091 illi
645 2053 884 2092 cotidianam
905 2050 1172 2090 dementiam?
1191 2048 1363 2098 agebant

90 2109 194 2148 enim
222 2110 371 2159 gratias
389 2116 430 2149 et
450 2119 619 2158 quorum
641 2108 753 2147 liberi
774 2108 899 2146 occisi
919 2113 957 2146 et
977 2117 1148 2155 quorum
1168 2105 1274 2144 bona
1293 2104 1360 2143 ab-

90 2165 168 2203 lata
187 2169 312 2204 erant.
338 2176 387 2203 an
407 2171 609 2214 tamquam
626 2164 845 2202 libertatem
864 2163 1031 2202 libenter
1049 2161 1231 2211 accepit?
1250 2160 1360 2209 quic-

93 2220 188 2268 quid
206 2225 289 2268 est,
309 2231 453 2269 magno
473 2221 604 2259 animo
624 2218 845 2268 respondit.
874 2218 988 2257 Dicet
1007 2217 1171 2266 aliquis:
1199 2216 1363 2266 „potuit
1381 2222 1403 2256 6

92 2280 186 2323 post
202 2275 281 2315 hoc
299 2276 438 2315 iubere
457 2277 563 2315 illum
586 2276 703 2315 Caius
723 2275 871 2314 vivere.
883 2277 907 2296 ‘⁶
934 2274 1021 2313 Non
1040 2273 1167 2314 timuit
1186 2273 1263 2313 hoc
1280 2272 1362 2311 Ka-

94 2341 181 2370 nus.
209 2336 304 2371 nota
320 2336 404 2371 erat
418 2331 501 2371 Caii
515 2333 552 2370 in
569 2332 713 2371 talibus
729 2329 905 2380 imperiis
917 2330 1033 2369 fides.
1053 2329 1236 2369 credisne
1253 2328 1361 2367 illum
