1624 2626
323 183 403 225 204
582 185 626 224 L.
651 184 839 223 ANNAEI
868 184 1091 223 SENECAE
1119 186 1248 226 DlAL.
1266 187 1313 225 X.

325 289 512 332 percepta
532 290 634 322 sunt.
666 284 716 322 de
736 288 864 322 cetero
887 284 966 322 fors
983 285 1157 333 fortuna,
1184 291 1226 325 ut
1245 287 1367 332 volet,
1398 287 1568 327 ordinet:

324 339 403 376 vita
428 339 505 376 iam
532 338 571 375 in
594 343 675 377 tuto
696 343 768 376 est.
814 338 905 376 huic
925 339 1025 378 adici
1044 345 1192 388 potest,
1221 341 1371 379 detrahi
1391 342 1502 388 nihil,
1532 347 1571 380 et

324 392 424 430 adici
439 392 516 440 sic,
537 393 866 441 quemadmodum
883 398 1016 431 saturo
1030 393 1105 432 iarn
1121 405 1167 433 ac
1182 395 1298 442 pleno
1315 396 1462 444 aliquid
1474 396 1568 435 cibi:

269 455 312 486 10
323 447 431 495 quod
459 457 533 484 nec
562 447 779 492 desiderat,
810 447 925 494 capit.
966 447 1052 486 Non
1075 453 1136 487 est
1155 449 1287 497 itaque
1308 451 1415 498 quod
1435 461 1569 499 quem-

323 511 438 549 quam
457 505 618 549 propter
637 511 758 539 canos
775 505 841 539 aut
855 511 973 548 rugas
989 503 1186 549 putesvdiu
1199 504 1368 542 vixisse:
1397 509 1489 551 [non
1505 506 1569 543 ille

321 556 389 593 diu
408 555 521 601 vixit,
544 555 632 602 sed]
653 556 720 593 diu
736 556 816 593 fuit.
847 555 947 602 Quid
963 558 1083 604 enim,
1105 557 1139 595 si
1152 557 1260 596 illum
1276 560 1437 597 multum
1452 565 1568 607 putes

320 610 551 657 navigasse,
582 620 696 658 quem
717 619 838 648 saeva
858 615 1069 658 tempestas
1089 622 1112 650 a
1132 616 1245 659 portu
1266 618 1470 661 exceptum
1491 614 1568 652 hue

320 670 358 703 et
377 665 466 702 illuc
485 664 570 702 tulit
588 674 634 702 ac
649 665 801 702 vicibus
817 668 1019 703 ventorum
1034 675 1084 703 ex
1100 666 1258 704 diverso
1276 668 1487 706 furentium
1499 678 1569 716 per

319 719 459 756 eadem
486 718 614 766 spatia
629 719 679 756 'in
707 719 842 757 orbem
861 720 966 767 egit?
999 729 1078 758 non
1095 720 1161 759 -ille
1179 721 1340 759 multum
1359 723 1568 770 navigavit,

320 773 391 811 sed
411 773 571 811 multum
591 773 754 811 iactatus
774 777 845 812 est.
1092 813 1094 815 ,
1171 810 1173 812 ,

283 830 302 861 1
397 827 499 865 VIII.
528 827 659 865 Mirari
679 829 810 875 soleo,
839 838 927 866 cum
946 827 1061 868 video
1084 829 1238 877 aliquos
1256 835 1411 878 tempus
1431 836 1566 879 peten-

317 887 376 920 tes
394 886 431 920 et
445 892 515 921 eos
527 911 536 928 ,
559 883 625 929 qui
638 887 836 930 rogantur,
858 883 1086 922 facillimos:
1113 884 1208 923 illud
1222 889 1387 932 uterque
1402 890 1565 933 spectat,

316 942 480 985 propter
499 936 607 984 quod
626 940 780 984 tempus
800 937 961 984 petitum
981 943 1058 985 est,
1086 938 1217 987 ipsum
1239 939 1395 987 quidem
1415 945 1564 979 neuter.

316 992 432 1039 quasi
460 990 553 1028 nihil
575 989 735 1037 petitur,
765 990 880 1039 quasi
899 991 992 1029 nihil
1013 993 1126 1032 datur
1144 1003 1208 1034 res
1230 994 1400 1032 omnium
1422 995 1565 1043 pretio-

316 1045 494 1084 sissima:
522 1045 676 1083 luditur.
711 1045 822 1083 Fallit
844 1051 972 1083 autem
988 1046 1096 1093 illos,
1118 1048 1209 1096 quia
1224 1058 1289 1086 res
1305 1048 1565 1097 incorporalis

315 1104 394 1146 est,
424 1099 517 1148 quia
544 1099 619 1137 sub
639 1100 778 1137 oculos
798 1110 876 1137 non
897 1101 1020 1147 venit,
1047 1101 1220 1150 ideoque
1240 1103 1430 1141 vilissima
1449 1104 1564 1142 aesti-

278 1161 299 1193 2
315 1158 459 1201 matur,
487 1154 604 1191 immo
625 1163 752 1201 paene
767 1154 914 1191 nullum
930 1155 1014 1193 eius
1033 1157 1197 1203 pretium
1212 1161 1285 1195 est.
1314 1158 1456 1196 Annua
1471 1168 1564 1196 con-

314 1208 437 1256 giaria
456 1208 636 1246 homines
656 1207 862 1246 clarissimi
879 1209 1075 1256 accipiunt
1094 1215 1132 1248 et
1152 1211 1219 1256 [in]
1240 1210 1302 1248 his
1323 1216 1388 1249 aut
1403 1222 1564 1259 operam

314 1266 381 1301 aut
396 1263 632 1310 diligentiam
650 1272 761 1300 suam
771 1263 921 1300 locant:
940 1273 1055 1302 nemo
1065 1265 1244 1303 aestimat
1253 1270 1327 1303 tem
1332 1276 1420 1313 pus.
1449 1271 1562 1304 utun-

313 1322 376 1355 tur
393 1316 459 1355 illo
482 1317 610 1355 laxius
632 1317 747 1365 quasi
767 1318 945 1364 gratuito.
990 1323 1029 1356 at
1046 1319 1209 1357 eosdem
1228 1329 1368 1367 aegros
1388 1320 1498 1368 vide,
1528 1322 1562 1359 si

312 1370 448 1410 mortis
477 1370 694 1419 periculum
720 1371 885 1420 propius
906 1376 967 1411 est
989 1373 1206 1420 admotum,
1235 1374 1477 1413 medicorum
1496 1386 1562 1423 ge-

313 1437 391 1464 nua
416 1429 649 1473 tangentes..
681 1425 716 1464 si
743 1431 919 1465 metuunt
945 1427 1110 1475 capitale
1140 1429 1394 1476 supplicium,
1434 1430 1563 1468 omnia

314 1490 406 1527 sua,
434 1485 477 1518 ut
494 1479 629 1519 vivant
646 1485 806 1529 paratos
825 1479 1061 1529 inpendere:
1090 1486 1197 1520 tanta
1216 1483 1252 1520 in
1271 1482 1346 1522 illis
1363 1483 1562 1523 discordia

275 1539 297 1573 3
313 1535 536 1573 adfectuum
557 1539 628 1574 est.
671 1535 820 1582 Quodsi
837 1540 974 1584 posset
989 1537 1318 1584 quemadmodum
1336 1540 1560 1586 praeterito·

309 1600 396 1627 rum
415 1599 606 1627 annorum
625 1590 818 1638 cuiusque
835 1601 1021 1629 numerus
1039 1592 1228 1640 proponi,
1250 1593 1307 1630 sic
1324 1593 1559 1632 futurorum:

312 1644 512 1691 quomodo
539 1644 611 1691 illi,
649 1643 717 1692 qui
744 1655 896 1692 paucos
925 1645 1103 1684 viderent
1123 1657 1356 1695 superesse,
1389 1649 1558 1696 trepida—

308 1703 414 1745 rent,
442 1698 642 1747 quomodo
664 1698 740 1737 illis
763 1704 1000 1747 parcerent?
1027 1700 1148 1748 Atqui
1168 1701 1280 1739 facile
1300 1706 1360 1739 est
1380 1701 1558 1750 quamvis

310 1753 494 1800 exiguum
523 1752 775 1801 dispensare,
806 1755 913 1801 quod
934 1759 1080 1793 certum
1100 1760 1178 1793 est:
1215 1756 1255 1793 id
1275 1756 1389 1794 debet
1409 1757 1558 1794 servari

272 1808 294 1842 4
310 1807 530 1855 diligentius
542 1837 551 1854 ,
575 1808 682 1856 quod
701 1808 858 1846 nescias
876 1809 1035 1857 quando
1053 1810 1219 1855 deficiat.
1246 1810 1326 1848 Nec
1342 1815 1402 1848 est
1416 1816 1557 1860 tamen,

311 1862 419 1910 quod
438 1867 554 1910 putes
573 1863 662 1901 illos
682 1862 883 1911 ignorare,
911 1875 1028 1912 quarn
1050 1875 1140 1903 cara
1158 1875 1222 1902 res
1243 1865 1311 1902 sit:
1342 1865 1472 1903 dicere
1492 1877 1557 1905 so-

309 1916 388 1955 lent
407 1917 484 1964 eis,
514 1927 616 1965 quos
636 1917 863 1956 valdissime
879 1918 1060 1966 diligunt,
1086 1924 1246 1967 paratos
1263 1929 1306 1956 se
1323 1924 1472 1967 partem
1489 1931 1555 1959 an-

309 1981 448 2009 norum
475 1982 639 2010 suorum
666 1972 773 2010 dare.
821 1973 919 2013 dant,
939 1983 1012 2011 nec
1039 1974 1283 2020 intellegunt:
1313 1974 1406 2013 dant
1429 1980 1555 2013 autem

308 2025 379 2070 ita,
408 2030 450 2063 ut
479 2026 565 2064 sine
591 2025 747 2065 illorum
774 2026 1013 2066 incremento
1039 2028 1114 2066 sibi
1133 2027 1346 2066 detrahant.
1389 2030 1461 2067 sed
1479 2029 1555 2068 hoc

308 2079 456 2126 ipsum,
485 2090 535 2118 an
563 2080 785 2128 detrahant,
811 2082 1003 2121 nesciunt.
1044 2083 1133 2121 ideo
1159 2082 1373 2121 tolerabilis
1394 2088 1453 2122 est
1473 2083 1554 2122 illis

271 2141 291 2173 5
309 2133 456 2171 iactura
476 2134 693 2174 detrimenti
719 2137 886 2174 latentis.
928 2132 1050 2175 Nemo
1069 2137 1243 2175 restituet
1264 2148 1410 2186 annos,
1437 2148 1552 2176 nemo

307 2187 445 2224 iterum
463 2191 501 2225 te
520 2188 588 2227 tibi
606 2190 758 2229 reddet.
787 2191 875 2238 ibit,
906 2201 985 2239 qua
1003 2191 1150 2239 coepit,
1179 2195 1288 2230 aetas
1306 2202 1379 2230 nec
1396 2202 1553 2231 cursum

306 2252 422 2279 suum
451 2246 516 2279 aut
542 2244 744 2283 revocabit
771 2250 837 2283 aut
863 2245 1089 2293 supprimet.
1127 2245 1222 2283 nihil
1248 2247 1551 2293 tumultuabitur,

305 2296 398 2334 nihil
419 2296 644 2337 admonebit
661 2298 880 2339 velocitatis
899 2309 1014 2338 suae:
1049 2298 1166 2339 tacita
1185 2300 1347 2340 labetur.
1389 2307 1466 2339 non
1487 2301 1551 2339 illa
