1592 2580
189 135 235 176 L.
249 136 300 177 A.
319 135 549 176 SENECAE
568 135 753 176 NATUR.
770 136 982 186 QUAEST.
1011 138 1184 180 LIB-VI.
1204 147 1237 181 1.
1284 140 1367 184 271

87 236 278 276 sternatio
293 240 356 275 est
371 236 557 284 omnium,
572 235 641 282 ubi
656 240 761 276 tecta
774 243 1015 287 crepuerunt
1026 243 1067 279 et
1079 239 1195 280 ruina
1210 240 1370 291 signum

85 292 207 331 dedit.
245 296 339 331 tunc
358 301 556 340 praeceps
578 292 751 340 quisque
770 302 816 332 se
834 294 1004 343 proripit
1022 299 1063 334 et
1078 302 1248 345 penates
1269 309 1367 339 suos

84 346 236 387 deserit
255 357 303 386 ac
324 357 369 386 se
387 347 547 396 publico
564 347 709 386 credit:
739 358 861 397 quam
875 349 1066 389 latebram
1084 353 1367 403 prospicimus,

84 403 194 452 quod
220 403 430 450 auxilium,
459 402 495 441 si
522 402 631 442 orbis
655 403 744 452 ipsc
768 404 906 444 ruinas
926 406 1074 454 agitat?
1102 407 1136 446 si
1155 407 1234 448 hoc
1255 410 1368 458 quod

80 468 158 498 nos
178 463 309 497 tuetur
328 468 376 497 ac
396 458 584 507 sustinet,
606 468 732 507 supra
747 460 855 508 quod
873 461 995 500 urbes
1011 460 1111 501 sitae
1126 469 1230 511 sunt,
1255 465 1366 512 quod

79 513 380 553 fundamentum
410 514 570 562 quidam
606 514 716 554 orbis
749 525 844 554 esse
878 515 1084 566 dixerunt,
1119 518 1292 559 discedit
1317 530 1364 559 ac

68 569 249 610 titubat?
291 569 395 617 Quid
415 569 482 608 tibi
501 579 615 618 esse,
644 581 724 609 non
746 570 838 609 dico
859 572 1014 620 auxilii,
1038 572 1111 612 sed
1128 573 1259 614 solatii
1274 579 1362 624 pot·
1377 582 1400 618 6

79 630 159 673 est,
188 625 256 664 ubi
281 625 398 664 timor
422 625 556 673 sugam
585 624 787 674 perdidit?
823 626 920 675 quid
939 633 1020 675 est,
1049 628 1233 677 inquam,
1263 630 1362 670 satis

77 681 299 720 munitum?
320 680 416 730 quid
432 680 485 719 ad
500 682 661 720 tutelam
677 680 840 721 alterius
853 687 893 720 et
907 682 971 721 sui
982 683 1168 722 firmum?
1194 686 1362 725 Hostem

77 746 190 776 muro
217 737 409 785 repellam
436 740 476 775 et
502 742 745 785 praeruptae
772 737 988 777 altitudinis
1012 740 1177 778 castella
1195 742 1259 780 vel
1279 752 1361 780 ma-

76 803 178 840 gnos
207 790 407 831 exercitus
435 791 668 832 difficultate
696 792 829 831 aditus
855 794 1127 833 morabuntur.
1164 805 1188 833 a
1208 801 1358 845 tempe-

76 852 177 887 state
195 858 270 887 nos
289 847 491 886 vindicant
506 852 662 896 portus.
690 846 916 887 nimborum
933 850 1012 888 vim
1028 850 1198 889 effusam
1215 857 1254 891 et
1270 853 1359 891 sine

74 904 155 942 fine
183 903 374 942 cadentes
402 913 530 952 aquas
556 907 662 942 tecta
687 904 928 952 propellunt.
967 904 1165 953 fugientes
1193 917 1273 945 non
1293 917 1356 946 se-

76 958 209 1008 quitur
234 958 476 998 incendium.
512 958 711 998 adversus
740 959 911 998 tonitrua
933 965 972 999 et
992 959 1120 1000 minas
1141 962 1242 1000 coeli
1262 962 1356 1002 sub-

73 1020 281 1054 terraneae
301 1015 444 1053 domus
465 1018 505 1054 et
523 1014 678 1054 defossi
694 1014 734 1053 in
751 1014 873 1054 altum
889 1025 1038 1064 specus
1056 1017 1233 1056 remedia
1249 1022 1354 1059 sunt.

73 1070 176 1119 ignis
203 1070 270 1109 ille
298 1067 486 1109 coelestis
509 1079 590 1108 non
608 1069 906 1109 transverberat
923 1075 1086 1118 terram,
1115 1073 1188 1111 sed
1208 1073 1354 1121 exiguo

73 1126 159 1165 eius
180 1125 339 1165 obiectu
357 1124 591 1164 retunditur.
627 1126 668 1164 in
688 1124 917 1174 pestilentia
936 1132 1090 1166 mutare
1110 1128 1231 1167 sedes
1251 1128 1354 1167 licet.

71 1182 225 1220 nullum
248 1182 395 1220 malum
411 1181 504 1219 sine
524 1180 673 1229 effugio
693 1185 767 1220 cst.
803 1191 1018 1230 numquam
1040 1183 1204 1221 fulmina
1223 1194 1352 1232 popu·
1370 1192 1390 1227 7

71 1238 134 1276 los
161 1241 439 1286 perusserunt.
483 1236 678 1285 pestilens
707 1237 863 1275 coelum
891 1236 1077 1276 exhausit
1103 1238 1244 1286 urbes,
1272 1250 1353 1278 non

71 1292 252 1332 abstulit:
281 1291 359 1331 hoc
378 1292 524 1331 malum
544 1292 738 1330 latissime
757 1297 885 1340 patet,
911 1290 1157 1340 inevitabile,
1179 1293 1352 1341 avidum,

70 1348 231 1397 publice
253 1348 431 1386 nox1um.
468 1358 550 1386 non
570 1347 674 1385 enim
696 1346 839 1386 domos
859 1347 989 1386 solum
1009 1353 1077 1386 aut
1095 1347 1264 1387 familias
1285 1354 1353 1388 aut

69 1403 192 1442 urbes
220 1401 400 1450 singulas
421 1401 568 1441 haurit:
598 1405 738 1449 gentes
759 1406 863 1440 totas
882 1402 1151 1450 regionesque
1170 1403 1349 1442 submer-

71 1458 142 1505 sit,
169 1462 208 1496 et
227 1458 348 1496 modo
363 1457 490 1496 ruinis
507 1458 656 1506 operit,
679 1457 800 1496 modo
815 1457 854 1495 in
871 1458 990 1495 altam
1006 1458 1237 1506 voraginem
1254 1469 1349 1498 con-

71 1513 129 1552 dit
147 1523 195 1552 ac
214 1523 266 1552 ne
284 1513 326 1551 id
346 1507 507 1562 quidem
522 1511 728 1561 relinquit,
747 1522 799 1550 ex
815 1523 894 1560 quo
911 1513 1122 1561 adpareat,
1144 1513 1254 1561 quod
1269 1525 1350 1553 non

70 1572 150 1616 est,
181 1570 322 1608 saltem
345 1568 489 1614 fuisse,
512 1568 586 1607 sed
601 1578 725 1616 supra
739 1566 1010 1607 nobilissimas
1026 1568 1148 1607 urbes
1164 1568 1251 1607 sine
1265 1570 1346 1608 ullo

71 1623 242 1672 vestigio
270 1623 416 1673 prioris
444 1623 602 1662 habitus
627 1623 759 1662 solum
786 1623 1023 1662 extenditur.
1078 1623 1160 1662 Nec
1188 1623 1344 1671 desunt,
1360 1629 1384 1664 8

72 1680 140 1728 qui
165 1679 245 1719 hoc
271 1689 399 1728 genus
430 1679 567 1718 mortis
593 1678 720 1727 magis
747 1677 928 1725 timeant,
966 1689 1046 1727 quo
1073 1678 1112 1716 in
1137 1678 1348 1727 abruptum

70 1746 161 1774 cum
182 1735 348 1774 sedibus
369 1734 454 1773 suis
474 1739 570 1773 eunt
589 1739 628 1773 et
645 1744 668 1772 e
687 1733 867 1772 vivorum
884 1743 1047 1772 numero
1063 1732 1144 1772 vivi
1160 1734 1347 1773 auserun-

69 1797 143 1838 tur,
164 1796 366 1838 tamquam
386 1800 467 1829 non
491 1799 632 1828 omne
660 1789 812 1828 fatum
838 1788 898 1827 ad
927 1788 1149 1828 eumdem
1175 1788 1344 1828 termi-

69 1857 178 1885 num
208 1846 390 1884 veniat.
445 1844 533 1884 Hoc
556 1844 677 1883 habet
694 1845 795 1883 inter
815 1848 947 1882 cetera
965 1844 1135 1882 iustitiae
1156 1854 1254 1883 suae
1276 1855 1344 1883 na—

68 1907 156 1941 tura
165 1901 451 1950 praecipuum,
473 1900 579 1949 quod
596 1910 684 1939 cum
701 1899 753 1938 ad
769 1899 916 1938 exitum
933 1904 1090 1937 ventum
1108 1904 1182 1946 est,
1204 1910 1343 1939 omnes

67 1958 108 1996 in
134 1967 265 2005 aequo
294 1966 447 1995 sumus.
500 1955 603 1994 Nihil
628 1955 763 2004 itaque
790 1954 953 1993 interest
982 1959 1112 1993 utrum
1146 1965 1210 1993 me
1238 1955 1382 2004 lapis9

68 2023 174 2051 unus
200 2011 320 2050 elidat
346 2022 398 2049 an
425 2015 559 2050 monte
585 2014 668 2049 toto
695 2019 872 2058 premar,
899 2014 1028 2048 utrum
1049 2019 1172 2058 super
1188 2020 1252 2048 me
1271 2010 1343 2049 do-

69 2078 158 2109 mus
179 2067 296 2106 unius
318 2077 418 2106 onus
440 2066 570 2104 veniat
589 2070 628 2104 et
648 2065 724 2104 sub
743 2065 889 2112 exiguo
910 2064 996 2103 eius
1017 2065 1166 2103 tumulo
1187 2075 1235 2103 ac
1254 2066 1341 2114 pul-

69 2132 166 2160 vere
185 2122 407 2171 exspirem,
437 2132 487 2160 an
506 2125 614 2160 totus
635 2125 754 2170 caput
771 2130 902 2158 meum
918 2124 1109 2158 terrarum
1125 2120 1232 2159 orbis
1248 2120 1339 2164 abs-

72 2177 238 2225 condat,
266 2177 306 2216 in
335 2177 425 2216 luce
450 2177 558 2215 hunc
578 2181 617 2215 et
642 2175 682 2214 in
704 2180 842 2224 aperto
870 2175 1049 2224 spiritum
1076 2175 1261 2223 reddam,
1289 2186 1339 2214 an

70 2232 111 2270 in
136 2236 253 2272 vasto
279 2238 473 2272 terrarum
492 2231 778 2270 dehiscentium
799 2231 909 2278 sinu,
939 2230 1051 2269 solus
1071 2230 1110 2269 in
1130 2229 1226 2269 illud
1244 2241 1336 2280 pro·

71 2286 256 2338 fundum,
281 2299 332 2328 an
361 2298 451 2328 cum
477 2297 622 2338 magno
645 2286 832 2328 comitatu
850 2286 1092 2336 populorum
1112 2286 1334 2326 concaden-
