1624 2626
298 141 434 182 DIAL.
462 141 513 180 V.
553 140 622 180 DE
644 139 736 180 IRA
761 138 858 179 LlB.
883 139 950 178 ΙΙΙ.
977 143 1137 180 28-31.
1278 138 1359 180 103

48 262 49 278 ι
77 254 159 284 non
186 242 318 293 possit
343 252 394 281 an
423 241 539 280 nolit:
572 240 720 280 multos
742 239 1020 288 absolvemus,
1049 240 1084 279 si
1105 240 1359 290 coeperimus

47 306 49 314 '
77 303 170 340 ante
187 299 367 339 iudicare
394 307 513 347 quam
531 297 664 336 irasci.
703 296 818 335 Nunc
840 301 973 335 autem
994 295 1160 345 primurn
1181 296 1359 346 inpetum

79 355 295 405 sequimur.
331 353 478 393 deinde
506 352 691 402 quamvis
710 362 821 391 vana
833 362 908 392 nos
930 351 1238 401 concitaverint,
1267 363 1359 401 per·

77 421 331 458 severamus‚
365 420 416 448 ne
442 409 650 448 videamur
679 408 867 457 coepisse
893 408 982 448 sine
1009 418 1146 447 causa.
1190 414 1230 448 et
1250 409 1361 458 quod

75 466 355 516 inquissimum
383 470 463 513 est,
498 464 787 514 pertinaciores
822 475 899 504 nos
932 463 1025 503 facit
1050 463 1240 513 iniquitas
1263 465 1359 503 irae.

75 523 292 562 retinemus
313 521 418 561 enim
445 521 552 560 illam
574 525 613 559 et
636 531 850 570 augemus,
878 520 994 570 quasi
1012 526 1288 569 argumentum
1309 521 1361 560 sit

76 579 180 619 iuste
199 578 407 618 irascentis
429 577 603 626 graviter
622 576 754 615 irasci.

155 634 275 674 XXX.
305 634 459 682 Quanto
480 633 623 672 melius
651 637 713 671 est
738 632 847 672 initia
868 631 960 682 ipsa
987 632 1219 682 perspicere
1240 643 1359 682 quam
1377 644 1396 677 l

75 690 181 730 levia
208 690 304 736 sint,
336 700 455 739 quam
484 689 673 728 innoxia?
711 688 824 736 Quod
846 687 1031 727 accidere
1049 689 1165 728 vides
1186 689 1255 740 [in]
1276 690 1385 734 ani-.

75 746 246 786 malibus
266 747 396 792 mutis,
417 745 524 784 idem
541 746 582 784 in
603 744 765 784 homine
784 744 1085 793 deprehendes:
1106 744 1259 784 frivolis
1278 750 1359 784 tur-

75 803 218 841 bamur
236 807 275 841 et
296 801 496 840 inanibus.
534 806 690 840 taurum
711 802 822 839 color
839 800 1089 840 rubicundus
1111 800 1278 848 excitat,
1308 802 1361 840 ad

76 858 257 898 umbram
276 858 388 907 aspis
408 857 608 906 exsurgit,
627 867 748 896 ursos
769 857 990 904 leonesque
1011 867 1160 906 mappa
1181 856 1360 905 proritat.

78 914 210 953 omnia
231 925 284 962 qu
355 918 496 952 natura
516 914 600 952 sera
619 922 667 951 ac
686 913 828 951 rabida
846 917 957 958 sunt,
981 917 1289 952 consternantur
1309 913 1361 952 ad

76 980 194 1008 vana.
231 969 300 1008 Ide
370 968 558 1017 inquietis
586 973 625 1007 et
651 968 809 1007 stolidis
838 968 1009 1016 ingeniis
1041 969 1186 1007 evenit.
1226 972 1399 1008 rerum2

77 1026 310 1075 suspicione
331 1025 545 1070 feriuntur,
576 1024 680 1063 adeo
699 1024 880 1073 quidem,
908 1029 952 1062 ut
977 1024 1173 1062 interdum
1192 1024 1360 1064 iniurIas

76 1086 224 1121 vocent
241 1081 399 1120 modica
418 1079 633 1130 beneficia,
657 1079 696 1118 in
718 1079 863 1128 quibus
883 1079 1230 1128 frequentissima,
1253 1086 1362 1120 certe

75 1136 336 1176 acerbissima
354 1136 584 1175 iracundiae
602 1135 767 1175 materia
786 1140 860 1175 est.
899 1134 1120 1174 carissimis
1150 1135 1256 1175 enim
1284 1138 1360 1175 ira-

77 1192 237 1241 scimur,
259 1192 369 1242 quod
390 1192 543 1231 minora
563 1191 680 1231 nobis
698 1191 966 1240 praestiterint
982 1202 1100 1241 quam
1117 1197 1250 1231 mente
1267 1203 1361 1232 con-

77 1246 257 1298 cepimus
278 1258 481 1297 quamque
500 1248 566 1286 alii
593 1247 772 1286 tulerint:
803 1258 893 1286 cum
920 1247 1131 1296 utriusque
1158 1249 1218 1287 rei
1245 1259 1378 1298 para—-

76 1309 158 1343 tum
179 1303 400 1343 remedium
420 1304 482 1342 sit.
525 1303 655 1352 Magis
675 1302 788 1342 alteri
807 1303 991 1343 indulsit:
1017 1308 1156 1343 nostra
1175 1315 1252 1344 nos
1272 1305 1359 1343 sine
1375 1311 1397 1345 3

77 1360 363 1408 conparatione
383 1359 592 1398 delectent.
619 1370 836 1408 numquam
857 1360 931 1398 erit
949 1359 1047 1398 felix
1063 1370 1182 1409 quem
1198 1366 1361 1410 torque-

26 1420 27 1423 ’
77 1415 135 1454 bit
161 1415 326 1455 felicior.
372 1416 502 1455 minus
533 1415 662 1454 habeo
691 1427 813 1464 quam
851 1416 1035 1465 speravi:
1081 1417 1157 1455 sed
1187 1417 1363 1456 fortasse

80 1472 170 1520 plus
199 1471 360 1520 speravi
389 1483 509 1520 quam
531 1470 664 1510 debui.
701 1472 811 1510 Haec
833 1483 928 1521 pars
956 1472 1128 1511 maxime
1147 1473 1364 1512 metuenda

24 1557 25 1564 ,
79 1532 154 1566 est.
190 1525 284 1565 hinc
307 1527 673 1575 perniciosissimae
700 1526 784 1566 irae
808 1533 1028 1567 nascuntur
1049 1533 1088 1567 et
1107 1529 1364 1568 sanctissima

23 1577 24 1586 ¹
81 1592 268 1631 quaeque
294 1583 519 1621 invasurae.
562 1583 707 1623 Divum
731 1583 878 1623 Julium
916 1585 1052 1633 plures
1078 1584 1195 1623 amici
1228 1586 1363 1624 confe-
1380 1589 1404 1626 4

79 1642 220 1676 cerunt
239 1648 358 1686 quam
377 1637 542 1685 inimici,
574 1650 743 1688 quorum
771 1651 852 1678 non
874 1640 1108 1689 expleverat
1130 1651 1227 1689 spes
1249 1641 1361 1680 inex-

20 1735 21 1739 ,
81 1693 261 1741 plebiles.
290 1693 414 1733 voluit
433 1693 595 1743 quidem
611 1695 688 1744 ille,
707 1705 839 1744 neque
859 1695 964 1735 enim
986 1695 1200 1745 quisquam
1218 1697 1361 1736 libera-

79 1747 157 1788 lius
185 1748 354 1788 victoria
382 1760 483 1788 usus
513 1754 594 1796 est,
625 1761 674 1789 ex
703 1762 782 1799 qua
808 1751 905 1790 nihil
933 1752 1009 1791 sibi
1039 1752 1258 1791 vindicavit
1286 1752 1362 1791 nisi

80 1804 344 1853 dispensandi
382 1810 633 1853 potestatem.
682 1807 756 1846 sed
798 1808 1136 1856 quemadmodum
1174 1808 1363 1847 sufficere

18 1879 19 1882 =
81 1863 160 1899 tam
178 1859 359 1909 inprobis
381 1861 593 1900 desideriis
622 1866 782 1910 posset,
812 1873 901 1902 cum
929 1867 1075 1902 tantum
1102 1875 1242 1903 omnes
1266 1875 1362 1903 con-

81 1915 344 1964 cupiscerent,
369 1922 559 1965 quantum
579 1928 683 1956 unus
703 1923 888 1967 poterat?
925 1919 1035 1958 Vidit
1056 1919 1190 1968 itaque
1215 1919 1362 1972 strictis
1376 1929 1398 1964 5

16 2004 17 2009 ,
69 1971 188 2015 3circa
215 1972 354 2010 sellam
381 1983 494 2011 suam
522 1972 667 2021 gladiis
697 1975 986 2014 commilitones
1008 1985 1127 2022 suos,
1163 1974 1362 2014 Cimbrum

78 2027 244 2075 Tillium,
264 2028 498 2066 acerrimum
518 2030 639 2077 paulo
659 2034 749 2068 ante
767 2031 936 2078 partium
953 2030 1219 2079 defensorem,
1241 2032 1360 2071 alios-

82 2093 160 2131 que
183 2087 275 2132 post
289 2083 522 2133 Pompeium
542 2085 700 2123 demum
715 2084 993 2136 Pompeianos.
1014 2086 1123 2124 Haec
1142 2097 1208 2126 res
1228 2098 1303 2126 sua
1321 2087 1361 2126 in

79 2148 198 2186 reges
233 2149 342 2177 arma
370 2141 567 2179 convertit
592 2140 895 2189 fidissimosque
928 2150 977 2180 eo
1006 2142 1202 2190 conpulit,
1237 2148 1280 2183 ut
1310 2143 1361 2182 de

81 2199 207 2233 morte
234 2205 373 2234 eorum
404 2196 643 2245 cogitarent,
673 2206 747 2245 pro
771 2196 917 2245 quibus
947 2200 986 2235 et
1011 2202 1103 2238 ante
1129 2209 1232 2247 quos
1259 2199 1361 2238 mori

83 2254 218 2289 votum
239 2250 471 2291 habuerant.
1133 2254 1135 2257 ’

163 2305 301 2345 XXXI.
329 2306 433 2346 Nulli
461 2307 514 2348 ad
541 2308 672 2347 aliena
696 2306 927 2359 respicienti
957 2319 1032 2348 sua
1057 2309 1229 2359 placent.
1268 2310 1359 2349 inde
1379 2317 1397 2350 l.
