1624 2626
848 51 864 71 1

201 143 455 186 ACCIDANT
484 143 590 185 CUM
617 142 964 184 PROVIDENTIA
992 141 1082 183 SIT.
1127 142 1195 183 ΙΙΙ.
1316 141 1342 184 7

51 243 196 299 inquis,
216 247 256 287 in
273 246 436 288 exilIum
453 247 592 298 proici,
609 246 649 286 in
665 251 886 297 egestatem
901 245 1048 287 deduci
1062 246 1226 296 liberos,
1246 257 1342 287 con-

10 315 11 321 *
51 306 182 354 iugem
208 305 380 354 ecferre,
408 303 626 353 ignominia
652 303 793 353 adfici,
821 302 1071 343 debilitari2“
1115 303 1160 344 Si
1185 301 1343 343 miraris

10 384 11 390 κ
49 359 150 400 haec
170 371 244 410 pro
260 361 396 410 aliquo
411 371 506 400 esse
517 390 526 408 ‚
546 359 756 399 miraberis
772 359 972 410 quosdam
987 360 1093 400 ferro
1110 364 1149 399 et
1166 359 1259 409 igne
1275 370 1343 399 cu-

48 417 128 456 rari
149 427 223 456 nec
242 417 374 456 minus
395 417 500 456 same
521 427 568 455 ac
589 415 666 455 siti.
697 416 771 455 sed
790 417 827 456 si
846 416 1087 465 cogitaveris
1106 421 1261 464 tecum,
1281 426 1344 455 re-

6 490 9 504 <
49 472 170 512 medii
185 483 311 512 causa
324 472 566 523 quibusdam
580 477 620 511 et
633 472 721 511 radi
737 483 834 512 ossa
846 476 886 512 et
899 472 979 521 legi
991 476 1031 511 et
1045 471 1200 512 extrahi
1218 482 1343 511 venas

49 533 89 569 et
113 529 310 579 quaedam
340 529 537 578 amputari
562 528 759 578 membra,
789 539 895 578 quae
911 528 999 567 sine
1022 528 1145 568 totius
1167 528 1345 578 pernicie

49 586 232 635 corporis
251 585 418 624 haerere
436 595 518 624 non
544 589 748 635 poterant,
780 584 858 624 hoc
879 584 1044 634 quoqu'e
1063 584 1230 634 patieris
1251 595 1344 634 pro-

47 640 134 680 bari
153 641 243 690 tibi,
265 642 465 691 quaedam
491 641 748 680 incommoda
766 652 840 691 pro
867 640 931 680 his
956 651 1051 680 esse
1071 641 1221 690 quibus
1240 641 1345 679 acci-

49 697 168 746 dunt,
191 702 271 736 tam
291 697 542 736 mehercules
562 707 685 747 quam
705 697 906 747 quaedam
926 707 1030 747 quae
1055 697 1269 736 laudantur
1288 701 1344 735 at·

7 770 9 786 π
47 764 127 803 que
142 753 394 803 adpetuntur,
412 758 551 793 contra
566 764 639 793 eos
656 764 750 792 esse
766 764 870 803 quos
887 753 1199 802 delectaverunt,
1221 752 1344 792 simil-

46 809 141 848 lima
166 809 430 849 cruditatibus
459 809 801 859 ebrietatibusque
828 813 868 848 et
895 810 1040 848 ceteris
1069 819 1175 858 quae
1200 813 1346 848 necant

49 876 124 915 per
142 867 402 914 voluptatem.
450 865 557 904 Inter
577 866 701 905 multa
718 865 934 915 magnifica
951 865 1141 904 Demetrii
1160 865 1288 904 nostri
1308 869 1347 905 et
1364 870 1388 906 3

45 921 147 960 haec
166 932 248 961 vox
267 925 349 970 est,
370 931 394 960 a
414 931 496 970 qua
509 932 654 960 recens
673 932 776 960 sum.
807 926 926 961 sonat
945 921 1079 960 adhuc
1098 925 1137 960 et
1154 920 1286 960 vibrat
1304 921 1345 960 in

48 978 212 1017 auribus
233 977 353 1016 meis:
382 978 499 1025 nihil,
520 977 668 1026 inquit,
691 978 788 1016 milli
804 978 957 1016 videtur
975 977 1174 1025 infelicius
1191 988 1253 1025 eo,
1280 979 1348 1017 cui

45 1033 147 1073 nihil
167 1044 347 1082 umquam
364 1035 490 1072 evenit
513 1034 680 1072 adversi.
719 1044 800 1073 non
820 1033 931 1072 licuit
950 1033 1054 1071 enim
1078 1033 1134 1071 illi
1153 1043 1199 1072 se
1219 1043 1343 1082 expe-

44 1088 126 1128 riri.
168 1089 220 1129 Ut
235 1099 287 1127 ex
305 1093 401 1128 voto
421 1089 476 1128 illi
496 1088 686 1128 fluxerint
705 1089 860 1138 omnia,
886 1094 930 1128 ut
949 1094 1041 1128 ante
1059 1094 1218 1138 votum,
1238 1089 1345 1128 male

44 1149 177 1184 tamen
205 1145 257 1184 de
284 1145 352 1184 illo
373 1144 414 1184 di
432 1145 728 1185 iudicaverunt:
773 1145 964 1194 indignus
991 1144 1107 1184 visus
1135 1150 1198 1185 est
1217 1155 1242 1184 a
1262 1156 1344 1195 quo

43 1201 272 1240 vinceretur
299 1200 518 1251 aliquando
539 1202 716 1248 fortuna,
745 1212 850 1251 quae
870 1200 1176 1250 ignavissimum
1207 1211 1344 1251 quem-

46 1267 127 1306 que
145 1257 307 1306 refugit,
328 1257 446 1307 quasi
465 1257 592 1297 dicat:
635 1257 762 1307 „quid
782 1262 908 1306 ergo?
943 1258 1064 1297 istum
1083 1256 1180 1296 mihi
1199 1257 1343 1296 adver-

45 1313 193 1352 sarium
215 1314 452 1353 adsumam?
480 1314 614 1353 statim
629 1323 740 1352 arma
760 1313 976 1353 submittet.
1006 1323 1087 1352 non
1105 1324 1210 1362 opus
1226 1313 1345 1353 estin

44 1369 153 1408 illum
173 1373 256 1408 tota
275 1370 452 1419 potentia
470 1380 579 1409 mea:
617 1367 698 1408 levi
725 1368 1021 1408 conminatione
1041 1370 1224 1418 pelletur.
1262 1380 1344 1409 non

45 1429 180 1474 potest
199 1426 399 1465 sustinere
417 1426 569 1465 voltum
587 1436 734 1464 meum.
766 1426 870 1464 alius
888 1425 1234 1475 circumspiciatur
1254 1435 1344 1464 cum

47 1491 128 1529 quo
149 1482 331 1520 conferre
358 1481 564 1531 possimus
585 1492 766 1521 manum:
804 1482 929 1531 pudet
948 1481 1140 1531 congredi
1161 1491 1251 1521 cum
1272 1481 1342 1520 ho-

46 1536 151 1574 mine
165 1536 271 1575 vinci
291 1541 472 1586 parato.“
514 1538 777 1586 Ignominiam
795 1538 945 1577 iudicat
958 1538 1157 1586 gladiator
1177 1548 1268 1576 cum
1287 1538 1344 1576 in·
1362 1543 1387 1578 4

46 1591 194 1631 feriore
214 1593 389 1641 conponi
409 1598 448 1632 et
467 1593 542 1633 scit
557 1604 649 1633 eum
670 1594 759 1633 sine
778 1594 907 1643 gloria
926 1594 1053 1643 vinci,
1077 1594 1144 1643 qui
1165 1594 1252 1632 sine
1272 1604 1343 1643 pe-

45 1647 172 1687 riculo
194 1643 374 1687 vincitur.
412 1647 519 1687 idem
539 1649 634 1689 facit
653 1650 832 1690 fortuna=
862 1650 1105 1690 fortissimos
1126 1650 1203 1689 sibi
1224 1660 1344 1699 pares

46 1703 212 1754 quaerit,
230 1704 430 1754 quosdam
445 1705 607 1744 fastidio
622 1706 775 1756 transit,
793 1705 1187 1746 contumacissimum
1206 1716 1345 1755 quem-

46 1769 126 1810 que
146 1764 186 1799 et
203 1760 470 1800 rectissimum
490 1761 741 1810 adgreditur,
770 1762 969 1802 adversus
989 1773 1108 1812 quem
1126 1761 1208 1801 vim
1229 1772 1346 1801 suam

44 1815 245 1855 intendatz
283 1816 417 1865 ignem
438 1817 643 1866 experitur
669 1817 710 1856 in
729 1818 883 1868 Mucio,
913 1822 1190 1868 paupertatem
1209 1818 1250 1856 in
1269 1817 1343 1856 Fa-

43 1871 192 1920 bricio,
221 1872 384 1911 exilium
403 1873 444 1912 in
463 1873 630 1920 Rutilio,
656 1878 854 1914 tormenta
872 1875 913 1914 in
932 1875 1112 1924 Regulo,
1143 1883 1343 1913 venenum

44 1926 86 1967 in
106 1927 291 1977 Socrate,
324 1934 494 1968 mortem
521 1929 561 1967 in
583 1929 745 1970 Catone.
788 1931 979 1980 Magnum
1007 1931 1236 1979 exemplum
1264 1930 1342 1968 nisi
1363 1940 1384 1972 5

45 1983 152 2023 mala
166 1985 326 2025 fortuna
339 1996 421 2024 non
436 1985 602 2024 invenit.
630 1986 771 2025 Infelix
787 1991 850 2026 est
861 1987 1032 2035 MuciuS,
1050 1986 1161 2035 quod
1177 1986 1344 2025 dextera

43 2038 160 2088 ignes
182 2040 358 2081 hostium
379 2042 523 2090 premit
547 2046 588 2080 et
607 2040 699 2091 ipse
718 2052 743 2080 a
770 2053 816 2082 se
842 2042 967 2092 exigit
985 2042 1135 2081 erroris
1162 2042 1224 2082 sui
1243 2052 1342 2091 poe-

45 2101 149 2135 nas?
179 2097 291 2146 quod
316 2107 452 2147 regem
473 2108 593 2147 quem
612 2103 764 2137 armata
781 2110 903 2138 manu
921 2109 1003 2138 non
1023 2098 1172 2148 potuit,
1198 2102 1343 2137 exusta

45 2151 185 2201 fugat?
214 2153 312 2202 quid
331 2158 457 2203 ergo?
485 2153 639 2193 felicior
654 2158 782 2203 esset,
803 2155 838 2193 si
857 2156 896 2193 in
912 2155 1004 2194 sinu
1018 2154 1170 2193 amicae
1186 2154 1343 2194 foveret

46 2213 234 2247 manum?
260 2209 404 2248 Infelix
423 2215 488 2250 est
503 2209 712 2249 Fabricius
725 2240 734 2258 ‚
764 2211 875 2260 quod
895 2221 964 2250 rus
985 2220 1120 2258 suum,
1151 2215 1341 2259 quantum
1360 2215 1382 2250 6

0 2261 2 2304 ἶ
45 2273 71 2302 a
89 2264 297 2313 republica
313 2266 491 2314 vacavit,
513 2266 640 2306 fodit?
679 2266 790 2315 quod
810 2266 958 2306 bellum
975 2270 1056 2306 tam
1075 2276 1167 2306 cum
1184 2265 1339 2316 Pyrrho

48 2329 169 2368 quam
184 2330 274 2360 cum
290 2320 438 2361 divitiis
458 2321 588 2371 gerit?
618 2322 730 2372 quod
746 2322 798 2361 ad
815 2323 948 2362 focum
964 2327 1110 2363 coenat
1122 2322 1212 2362 illas
1227 2322 1338 2373 ipsas
