1592 2580
341 148 526 188 NATUR.
549 147 761 197 QUAEST.
791 148 886 187 LIB.
903 148 967 186 111.
995 152 1052 189 27.
1259 145 1342 188 233

58 257 214 299 vuntur,
242 250 310 290 ubi
339 261 412 299 per
437 250 678 299 campestria
696 248 827 289 fluens
846 249 1012 288 Rhenus
1032 259 1084 288 ne
1103 248 1236 298 spatio
1255 248 1341 299 qui—

24 316 28 318 ·
59 309 149 346 dem
169 306 403 355 languidus,
436 306 510 344 sed
532 306 749 344 latissimas
770 305 878 344 velut
894 315 966 354 per
981 309 1195 354 angustum
1214 315 1344 354 aquas

58 365 206 412 inplet?
242 372 332 401 cum
351 360 560 400 Danubius
589 372 670 400 non
698 362 774 399 iam
802 358 963 400 radices
985 371 1062 400 nec
1080 360 1213 400 media
1232 371 1344 400 mon-

59 419 153 457 tium
171 417 348 466 stringit,
380 417 454 456 sed
474 418 567 466 iuga
586 417 675 466 ipsa
695 417 882 456 sollicitat
899 417 1034 455 serens
1056 427 1194 455 secum
1209 417 1346 455 made-

58 475 163 513 facta
176 474 369 513 montium
383 474 509 512 latera
522 483 730 521 rupesque
747 472 936 511 disiectas
950 478 989 512 et
1003 482 1235 521 magnarum
1252 481 1345 520 pro-

58 529 256 569 muntoria
280 528 510 577 regionum,
540 538 646 576 quac
670 528 940 566 fundamentis
959 527 1186 566 labantibus
1206 538 1231 566 a
1251 537 1344 566 con·

57 586 194 624 tinenti
217 588 486 623 recesserunt.
516 583 663 622 deinde
684 594 763 623 non
783 584 993 622 inveniens
1013 583 1184 631 exitum,
1214 583 1348 622 omnia

56 641 163 679 enim
190 642 280 690 ipse
309 639 384 679 sibi
415 640 707 688 praecluserat,
737 640 775 678 in
805 639 941 679 orbem
966 639 1090 687 redit,
1121 642 1184 687 [et]
1207 639 1345 687 ingen-

57 702 135 735 tem
158 701 351 735 terrarum
373 696 561 734 ambitum
581 699 702 744 atquc
720 695 877 734 urbium
896 706 978 734 uno
994 695 1146 734 vortice
1165 693 1346 734 involvit.

59 752 218 791 Interim
247 756 487 800 permanant
510 750 677 799 imbres,
708 751 752 790 fit
771 751 928 790 coelum
947 751 1112 800 gravius
1131 760 1180 789 ac
1200 750 1260 789 sic
1279 750 1347 789 diu
1359 755 1403 788 1ο

58 809 204 846 malum
223 817 276 846 ex
294 807 399 846 malo
420 807 630 855 colligitur.
661 807 772 856 quod
793 807 887 846 olim
908 807 1038 845 suerat
1051 806 1243 853 nubilum,
1266 817 1345 845 nox

59 868 122 902 est
140 867 180 901 et
199 863 361 912 quidem
379 862 544 900 horrida
563 871 611 900 ac
630 861 817 901 terribilis
836 863 1063 901 intercursu
1082 861 1243 901 luminis
1258 861 1346 900 diri.

60 918 201 957 crebra
229 918 334 957 enim
363 918 512 956 micant
540 917 704 956 fulmina
730 918 1015 967 procellaeque
1036 918 1218 966 quatiunt
1237 927 1349 955 mare

59 980 153 1012 tunc
174 975 342 1023 primum
364 977 522 1013 auctum
542 972 749 1012 fluminum
770 983 943 1013 accessu
961 978 1001 1012 et
1020 973 1096 1012 sibi
1113 977 1347 1022 angustum:

57 1029 136 1068 iam
163 1030 266 1069 enim
295 1034 508 1079 promovet
526 1029 619 1067 litus
639 1039 715 1068 nec
734 1029 960 1068 continetur
979 1029 1065 1068 suis
1084 1028 1253 1078 finibus,
1274 1028 1350 1067 sed

57 1085 272 1133 prohibent
298 1085 410 1123 exire
435 1089 636 1124 torrentes
663 1089 868 1133 aguntque
901 1084 1067 1124 fluctum
1094 1089 1222 1124 retro:
1252 1094 1349 1133 pars

58 1146 191 1179 tamen
220 1141 350 1179 maior
375 1146 419 1179 ut
446 1139 622 1188 maligno
645 1141 750 1179 ostio
771 1145 926 1179 retenta
946 1145 1151 1189 restagnat
1170 1145 1210 1179 et
1228 1150 1349 1188 agros

59 1196 98 1234 in
120 1196 287 1235 formam
304 1196 426 1235 unius
446 1196 560 1234 lacus
580 1195 737 1244 redigit.
781 1196 864 1234 lam
885 1195 1037 1242 omnia,
1071 1206 1152 1244 qua
1171 1194 1349 1244 prospici
1364 1202 1402 1235 lt

49 1256 195 1301 potest,
217 1252 334 1299 aquis
352 1251 607 1290 obsidentur:
639 1250 771 1290 omnis
788 1252 965 1291 tumulus
981 1251 1020 1289 in
1038 1251 1241 1300 profundo
1256 1252 1352 1290 latet

58 1313 97 1346 et
122 1308 306 1346 inmensa
330 1307 481 1356 ubique
510 1307 675 1345 altitudo
703 1311 777 1345 est.
815 1312 966 1346 tantum
989 1306 1028 1345 in
1051 1307 1218 1346 summis
1238 1317 1352 1345 mon-

60 1363 158 1403 tium
186 1362 290 1411 iugis
317 1363 422 1401 vada
449 1368 555 1401 sunt.
604 1362 647 1401 ln
676 1373 725 1401 ea
754 1362 1064 1410 [excelsissima]
1095 1373 1186 1401 cum
1213 1361 1351 1400 liberis

59 1418 383 1466 coniugibusque
410 1418 599 1466 fugerunt
625 1418 726 1456 actis
754 1423 848 1457 ante
874 1428 921 1457 se
947 1417 1165 1466 gregibus:
1206 1417 1350 1456 dIrem-

58 1479 169 1522 ptum
196 1473 298 1511 inter
325 1473 497 1512 miseros
524 1474 808 1512 commercium
837 1484 885 1512 ac
910 1473 1123 1521 transitus,
1162 1472 1350 1521 quoniam

59 1528 251 1577 quicquid
271 1527 514 1567 submissius
537 1532 641 1576 erat,
674 1528 714 1567 id
732 1529 843 1568 unda
863 1529 1078 1578 conplevit.
1117 1527 1351 1567 editissimis
1366 1531 1407 1564 12

59 1584 290 1633 quibusque
309 1583 583 1622 adhaerebant
602 1583 798 1633 reliquiae
817 1585 977 1633 generis
998 1583 1180 1631 humani,
1203 1583 1351 1632 quibus

59 1639 97 1678 in
127 1644 307 1678 extrema
333 1639 542 1688 perductis
561 1639 639 1679 hoc
659 1651 782 1679 unum
803 1640 948 1679 solatio
969 1640 1059 1688 fuit,
1091 1639 1200 1688 quod
1222 1645 1350 1678 trans—

58 1695 159 1735 ierat
184 1695 224 1733 in
247 1700 455 1744 stuporem
475 1700 618 1734 metus.
658 1706 738 1734 non
756 1695 927 1734 vacabat
944 1695 1084 1734 timere
1102 1694 1350 1741 mirantibus,

58 1761 109 1788 ne
137 1750 255 1790 dolor
283 1750 444 1799 quidem
472 1750 606 1789 locum
629 1750 822 1797 habebat,
853 1751 1005 1799 quippe
1022 1751 1103 1789 vim
1125 1761 1239 1788 suam
1261 1759 1350 1798 per·

57 1806 116 1845 dit
143 1805 182 1844 in
211 1816 282 1854 eo,
312 1805 380 1855 qui
407 1806 511 1845 ultra
538 1817 705 1846 sensum
731 1805 824 1845 mali
851 1806 974 1845 miser
993 1810 1068 1845 est.
1111 1805 1220 1855 Ergo
1243 1806 1353 1844 insu·
1365 1810 1408 1844 13

58 1862 186 1901 larum
208 1861 329 1900 modo
351 1860 528 1901 eminent

293 1921 437 1956 montes
455 1922 494 1956 et
509 1927 671 1967 sparsas
690 1916 885 1966 Cycladas
907 1922 1061 1966 auocat,

58 1978 102 2012 ut
128 1972 183 2011 ait
210 1973 275 2011 ille
304 1977 510 2021 poetarum
540 1972 890 2021 ingeniosissimus
917 1973 1099 2022 egregie,
1129 1972 1235 2012 sicut
1253 1971 1352 2012 illud

58 2038 136 2076 pro
155 2027 431 2077 magnitudine
450 2028 508 2067 rei
529 2027 649 2066 dixit:

157 2086 288 2123 omnia
302 2088 446 2133 pontus
463 2088 595 2131 erant,
625 2084 790 2122 deerant
805 2093 955 2132 quoque
972 2086 1090 2123 litora
1106 2089 1236 2134 ponto,

60 2136 138 2176 nisi
165 2143 316 2178 tantum
343 2140 523 2188 inpetum
552 2138 702 2188 ingenii
729 2143 769 2178 et
793 2135 984 2178 materiae
1011 2140 1063 2178 ad
1090 2139 1267 2189 pueriles
1290 2139 1348 2179 in-

62 2193 192 2243 eptias
213 2194 464 2234 reduxisset:

160 2254 232 2288 nat
247 2252 363 2300 lupus
384 2253 487 2290 inter
505 2261 609 2297 oves,
634 2249 767 2298 fulvos
785 2250 888 2289 vehit
904 2250 1013 2288 unda
1033 2251 1174 2289 leones.

61 2303 148 2343 Non
168 2309 231 2345 est
248 2314 314 2346 res
337 2306 433 2346 satis
457 2305 594 2347 sobria
611 2305 798 2346 lascivire
819 2305 1012 2345 devorato
1029 2305 1126 2346 orbe
1141 2310 1349 2346 terrarum.
1363 2312 1406 2345 14
