1624 2626
318 170 404 211 “144
544 170 587 207 L.
616 168 806 207 ANNAEI
834 167 1058 206 SENECAE
1087 167 1219 205 DlAL.
1247 167 1330 205 VII.

322 269 506 310 omnibus
524 268 636 306 malis
648 297 657 314 ‚
687 277 775 306 cum
793 277 871 304 non
892 271 1040 304 tantum
1059 266 1317 306 lacerationes
1330 297 1340 316 ,
1367 269 1442 307 sed
1458 268 1574 309 etiam

321 323 591 362 vellicationes
624 321 822 369 effugerit,
856 326 1005 359 statura
1037 321 1207 368 'semper
1225 321 1293 360 uhi
1327 324 1497 363 constitit
1529 335 1576 363 ac

320 379 457 417 sedem
477 387 588 415 suam
606 376 725 414 etiam
744 376 839 413 irata
858 379 897 412 et
915 375 1126 413 infestante
1146 375 1303 414 fortuna
1319 377 1575 417 vindicatura.

282 433 415 470 4Nam
441 431 550 480 quod
576 430 628 468 ad
657 431 895 477 voluptatem
921 429 1107 476 pertinet,
1135 430 1226 468 licet
1245 431 1577 472 circumfundatur

316 487 493 535 undique
512 487 550 524 ct
568 495 639 533 per
657 494 794 523 omnes
814 484 898 521 vias
918 483 1057 522 influat
1066 484 1322 533 animumque
1335 484 1576 526 :blandimen-

317 542 367 580 tis
400 541 482 579 suis
510 540 629 577 leniat
658 539 813 586 aliaque
840 547 890 574 ex
922 537 1009 576 aliis
1038 538 1267 586 admoveat,
1302 539 1445 588 quibus
1472 546 1576 580 totos

318 600 534 644 partesque
567 594 690 631 nostri
725 592 925 630 sollicitem
967 592 1056 641 quis
1087 594 1325 642 mortalium,
1361 595 1424 633 cui
1457 596 1577 634 ullum

319 654 504 698 superest
522 648 689 685 hominis
707 646 935 694 vestigium,
962 657 1036 695 per
1057 646 1163 686 diem
1182 653 1419 697 noctemque
1434 650 1578 688 titillari

318 705 422 750 velit,
445 704 602 741 deserto
623 702 752 739 animo
773 701 935 749 corpori
961 712 1124 750 operam
1141 702 1266 740 dare?
1283 723 1287 734 ι

283 767 299 798 1
398 758 464 796 VI.
493 756 601 804 „Sed
618 756 772 793 animus
795 766 976 804 quoque,
1004 755 1150 804 inquit,
1176 758 1400 804 voluptates
1419 758 1578 797 habebit

318 815 453 851 suas.“
493 810 647 848 Habeat
677 810 1027 858 sanesedeatque
1059 811 1237 848 luxuriae
1270 815 1308 849 et
1331 813 1576 860 voluptatum

317 867 481 913 arbiter,
513 865 658 912 inpleat
683 875 727 903 se
750 865 808 902 eis
836 865 1040 912 omnibus,
1078 875 1180 912 quae
1208 865 1406 904 oblectare
1433 877 1576 906 sensus

317 922 458 959 solent.
502 919 646 957 deinde
676 919 888 967 praeterita
911 919 1100 967 respiciat
1127 924 1166 958 et
1195 921 1437 959 exoletarum
1467 923 1576 960 volu--

318 980 466 1023 ptatum
485 983 634 1012 memor
653 973 825 1012 exsultet
845 974 1042 1021 prioribus
1062 974 1284 1022 futurisque
1302 975 1379 1013 iam
1393 975 1579 1014 inmineat

317 1040 364 1068 ac
385 1039 480 1077 spes
503 1038 598 1066 suas
620 1028 792 1074 ordinet,
821 1032 860 1066 et
878 1028 970 1066 dum
987 1038 1137 1076 corpus
1157 1029 1198 1067 in
1220 1030 1418 1077 praesenti
1439 1031 1577 1078 sagina

318 1085 440 1130 iacet,
469 1083 726 1130 cogitationes
756 1082 807 1120 ad
832 1083 964 1124 futura
990 1083 1231 1130 praemittat:
1261 1083 1337 1121 hoc
1356 1085 1450 1122 mihi
1467 1084 1575 1122 vide-

317 1138 421 1176 bitur
446 1137 644 1185 miserior,
673 1137 857 1185 quoniam
884 1137 986 1174 mala
1004 1147 1076 1184 pro
1097 1138 1212 1176 bonis
1232 1138 1364 1185 legere
1383 1139 1577 1176 dementia

318 1197 392 1231 est.
434 1202 507 1230 nec
534 1193 620 1230 sine
647 1191 812 1230 sanitate
841 1191 1052 1240 quisquam
1077 1192 1218 1230 beatu-s
1247 1196 1308 1229 est
1339 1203 1415 1231 nee
1441 1203 1574 1238 sanus,

282 1253 304 1287 2
318 1248 381 1286 cui
402 1247 531 1285 sutura
549 1257 622 1295 pro
644 1246 803 1294 optimis
823 1247 1073 1294 adpetuntur.
1107 1247 1254 1285 Beatus
1271 1256 1369 1294 ergo
1390 1252 1450 1285 est
1477 1247 1575 1285 iudi-

318 1301 367 1340 cii
394 1306 539 1339 rectus.
575 1301 716 1339 beatus
743 1305 807 1339 est
825 1301 1118 1348 praesentibus,
1150 1301 1452 1349 qualiacumque
1474 1308 1575 1348 sunt,

317 1361 523 1394 contentus
539 1356 771 1404 amicusque
785 1354 903 1393 rebus
921 1355 1018 1394 suis·
1046 1355 1184 1394 beatus
1202 1361 1262 1394 est
1276 1356 1322 1403 iS‚
1343 1357 1405 1394 cui
1421 1367 1574 1395 omnem

315 1411 492 1449 habitum
511 1420 644 1449 rerum
663 1420 824 1448 suarum
841 1409 949 1448 ratio
961 1410 1222 1448 commendat.

278 1471 301 1504 3
398 1465 448 1489 **
466 1467 701 1513 [voluptates]
718 1464 770 1488 *⁴¹
786 1464 900 1502 videt
915 1469 952 1502 et
971 1464 1010 1501 in
1031 1464 1107 1502 illis
1129 1465 1194 1512 qui
1215 1475 1409 1502 summum
1428 1465 1574 1513 bonum

316 1519 504 1566 dixerint,
531 1530 648 1567 quam
667 1518 771 1566 turpi
789 1519 885 1557 illud
909 1519 998 1557 >loco
1016 1519 1237 1566 posuerint.
1273 1520 1406 1567 itaque
1433 1526 1576 1567 negant

317 1585 471 1622 posse
497 1574 811 1634 voluptatem·
832 1583 856 1610 a
881 1572 1068 1611 virtute
1096 1573 1282 1611 deduci
1308 1579 1348 1612 et
1376 1573 1483 1612 aiunt
1502 1584 1574 1612 nec

314 1629 480 1667 honeste
510 1637 749 1676 quemquam
767 1627 928 1674 vivere,
963 1631 1005 1665 ut
1037 1638 1114 1666 non
1143 1627 1314 1666 iucunde
1342 1628 1468 1674 vivat,
1499 1639 1574 1666 nec

315 1684 497 1729 iucunde,
520 1687 661 1720 utnon
681 1682 847 1720 honeste
869 1692 1043 1730 quoque.
1100 1709 1102 1711 »
1154 1706 1156 1710 .
1356 1705 1358 1710 =

281 1745 299 1776 ι
396 1738 480 1775 VH.
509 1737 596 1774 Non
614 1736 734 1774 video
754 1738 954 1785 quomodo
974 1738 1051 1774 ista
1065 1740 1147 1774 tam
1167 1736 1324 1774 diversa
1338 1737 1382 1774 ιιι
1396 1737 1577 1774 eamdem

316 1793 500 1840 copulam
533 1791 789 1829 coniciantur.
834 1791 928 1839 quid
961 1796 1040 1836 est,
1073 1802 1143 1829 oro
1178 1801 1271 1836 vos,
1305 1801 1373 1828 cur
1400 1791 1577 1838 separari

318 1848 498 1894 voluptas
514 1856 543 1884 a
561 1845 705 1884 virtute
724 1856 804 1884 non
822 1846 982 1894 possit?
1012 1845 1307 1892 videlicet'quia
1327 1855 1442 1883 omne
1457 1844 1576 1883 'bonis

315 1911 364 1938 ex
385 1902 525 1939 virtute
552 1900 790 1948 principium
817 1906 896 1947 est,
931 1910 980 1938 ex
1005 1899 1123 1938 hulus
1149 1898 1349 1938 radicibus
1370 1901 1488 1937 ›etiam
1518 1909 1575 1945 ea,

317 1966 418 2002 quae
446 1966 520 1994 vos
549 1959 588 1993 et
615 1955 754 1993 amatis
783 1958 822 1992 et
847 1954 1291 2003 expetitis‚¹0riuntur2
1332 1953 1412 1992 Sed
1442 1953 1476 1992 si
1503 1955 1579 1992 ista

316 2008 530 2048 indiscreta
545 2015 707 2056 essent,
729 2019 808 2047 non
829 2009 1054 2047 videremus
1075 2007 1480 2056 quaedamiucunda,
1505 2009 1576 2046 sed

318 2067 421 2109 [non]
442 2063 627 2111 honesta,
659 2064 854 2112 quaedam
873 2074 969 2102 vero
987 2062 1294 2109 >honestissima
1321 2063 1394 2101 sed
1420 2072 1574 2110 aspera,

279 2122 302 2156 2
319 2127 388 2165 per
407 2117 568 2156 dolores
589 2118 803 2167 exigenda.r
830 2118 958 2156 Adice
978 2127 1101 2164 nunc,
1129 2117 1238 2164 quod
1257 2118 1442 2165 voluptas
1460 2116 1574 2155 etiam

317 2171 368 2208 ad
386 2171 506 2209 vitam
524 2173 790 2220 turpissimam
812 2173 940 2219 venit,
963 2171 1153 2210 <arvinus
1184 2171 1325 2209 malam
1340 2172 1468 2209 vitam
1496 2181 1574 2208 non

318 2225 494 2265 admittit.
524 2231 562 2264 et
579 2227 756 2266 infelices
777 2227 935 2276 quidam
950 2225 1139 2265 non-sine
1153 2227 1366 2274 voluptate,
1386 2226 1503 2263 immo
1523 2226 1573 2264 ob

318 2280 447 2327 ipsam
466 2281 705 2329 voluptatem
733 2287 834 2331 sunt,
866 2281 971 2330 quod
990 2290 1066 2319 non
1088 2280 1278 2328 eveniret,
1309 2281 1343 2319 si
1370 2280 1500 2318 virtuti
1530 2289 1573 2318 se
