1592 2580
659 271 705 324 11·
736 269 915 324 ANNAEI
949 270 1168 326 SENECAE

566 370 632 403 AD
666 370 931 404 AEBUTIUM
962 370 1258 404 LIBERALEM

430 447 559 508 DE
642 446 1398 511 BENEFlclls

767 558 941 599 LIBER
973 559 1053 601 vn.

253 703 272 735 1
367 691 396 728 Ι.
424 691 596 738 Bonum,
623 690 676 729 mi
692 691 902 736 Liberalis,
930 691 1078 729 habeas
1101 692 1270 729 animum
1289 694 1401 731 volo:

394 747 436 784 in
453 747 625 784 manibus
645 750 783 785 terrae.
820 756 895 784 non
913 746 975 784 hic
993 750 1027 784 te
1045 748 1215 784 carmine
1232 748 1343 794 lonqo

395 804 509 848 atque
524 812 597 849 per
614 801 792 848 ambaqes
809 805 847 839 ct
862 802 976 847 lonqa
993 811 1135 839 exorsa
1155 801 1294 839 tenebo.

286 854 454 902 Reliqua
473 855 535 892 hic
554 854 654 893 liber
673 855 778 902 cogit
795 859 833 893 et
858 854 1050 893 exhausta
1077 855 1238 893 materia
1261 854 1536 904 circumspicio

287 919 366 947 non
386 909 483 957 quid
501 909 647 956 dicam,
669 909 742 947 sed
761 908 855 957 quid
870 919 949 947 non
965 910 1143 947 dixerim.
1186 909 1279 947 boni
1298 913 1426 954 tamen
1442 921 1535 948 con-

250 972 271 1005 2
287 965 394 1002 sules
415 964 601 1011 quicquid
619 965 672 1002 ibi
688 968 888 1011 superest,
916 973 1004 1001 cum
1024 963 1090 1001 tibi
1111 964 1359 1011 superfuerit.
1406 964 1448 1003 Si
1467 975 1536 1003 vo-

285 1018 447 1057 luissem
476 1018 687 1056 lenocinari
714 1017 826 1065 mihi,
856 1017 989 1056 debuit
1016 1018 1199 1066 paulatim
1227 1029 1328 1066 opus
1356 1029 1537 1057 crescere

286 1077 325 1111 et
351 1083 398 1110 ea
423 1082 516 1120 pars
534 1072 574 1109 in
593 1072 710 1109 finem
727 1072 941 1120 reservari,
970 1083 1086 1120 quam
1107 1073 1269 1120 quilibet
1286 1074 1401 1111 etiam
1421 1074 1536 1112 satia-

285 1132 348 1165 tus
369 1126 584 1173 adpeteret.
614 1127 687 1164 sed
706 1126 894 1174 quicquid
912 1127 1080 1164 maxime
1100 1129 1366 1165 necessarium
1382 1132 1475 1173 erat,
1496 1127 1536 1165 in

286 1181 451 1228 primum
471 1179 675 1227 congessi:
704 1191 825 1227 nunc,
856 1180 889 1219 si
910 1180 1003 1228 quid
1024 1180 1179 1228 effugit,
1209 1182 1410 1229 recolligo.
1455 1182 1536 1220 Nec

285 1235 526 1280 mehercule,
556 1234 590 1272 si
608 1244 671 1272 me
689 1234 926 1282 interroges,
950 1235 1063 1273 nimis
1083 1236 1133 1273 ad
1151 1246 1234 1273 rem
1250 1235 1430 1274 existimo
1447 1246 1536 1284 per-

285 1289 428 1335 tinere,
458 1288 525 1326 ubi
545 1289 647 1327 dicta
666 1293 775 1336 sunt,
805 1299 907 1337 quae
924 1293 1064 1336 regunt
1081 1300 1232 1337 mores,
1263 1291 1453 1338 prosequi
1473 1301 1535 1328 ce-

286 1348 370 1381 tera
396 1354 475 1381 non
502 1343 542 1380 in
566 1343 780 1380 remedium
805 1343 940 1390 animi,
977 1344 1050 1381 sed
1074 1344 1114 1382 in
1139 1345 1453 1383 exercitationem
1477 1344 1535 1382 in-

249 1408 271 1442 3
286 1397 389 1445 genii
413 1397 582 1436 inventa.
627 1397 793 1445 Egregie
816 1397 919 1435 enim
937 1397 1012 1437 hoc
1031 1398 1163 1436 dicere
1181 1399 1399 1437 Demetrius
1421 1399 1535 1449 Cyni-

287 1462 376 1498 cus,
402 1452 461 1489 vir
488 1462 575 1490 meo
602 1451 746 1490 iudicio
764 1462 948 1500 magnus,
977 1451 1129 1490 etiarnsi
1146 1453 1324 1492 maximis
1346 1463 1535 1501 conpare—

286 1512 366 1552 tur,
397 1507 514 1544 solet:
551 1507 644 1545 Plus
654 1507 859 1554 prodesse,
887 1509 922 1545 si
940 1518 1070 1554 pauca
1089 1513 1301 1556 praecepta
1325 1510 1536 1556 sapientiae

285 1566 433 1607 teneas,
466 1561 535 1598 sed
563 1562 633 1599 illa
663 1563 703 1598 in
729 1565 909 1609 promptu
939 1562 1006 1600 tibi
1025 1565 1063 1600 et
1085 1564 1124 1600 in
1148 1573 1220 1600 usu
1244 1564 1336 1609 sint,
1364 1574 1477 1610 quam
1501 1565 1538 1601 si

285 1617 403 1653 multa
430 1615 581 1662 quidem
607 1615 806 1663 didiceris,
837 1617 907 1654 sed
930 1618 998 1654 itta
1024 1626 1100 1654 non
1125 1617 1266 1655 habeas
1290 1618 1346 1655 ad
1368 1628 1534 1656 manum.

249 1676 271 1710 4
289 1670 629 1715 Quemadmodum,
665 1669 809 1717 inquit,
838 1681 1000 1717 macnus
1024 1672 1184 1709 luctator
1199 1675 1256 1710 est
1271 1682 1346 1709 non
1366 1673 1433 1719 qui·
1448 1682 1534 1710 om-

285 1735 351 1762 nes
368 1734 544 1762 numeros
561 1735 756 1771 nexusque
770 1725 994 1772 perdidicit,
1019 1736 1177 1773 quorum
1195 1737 1285 1764 usus
1302 1726 1370 1764 sub
1390 1727 1534 1764 adver-

285 1780 386 1816 sario
411 1789 529 1816 rarus
553 1782 625 1824 est,
652 1780 722 1816 sed
744 1780 811 1827 qui
835 1780 875 1817 in
899 1790 974 1818 uno
998 1791 1039 1817 se
1057 1783 1125 1817 aut
1141 1782 1260 1818 attero
1278 1781 1369 1818 bene
1385 1784 1422 1818 et
1438 1781 1533 1818 dili-

282 1836 416 1880 qenter
441 1835 616 1886 exercuit
629 1836 666 1870 ct
681 1843 811 1871 eorum
828 1835 1042 1872 occasiones
1060 1836 1220 1873 intentus
1236 1838 1435 1882 exspectat
1447 1839 1534 1882 (nec

284 1889 384 1925 enim
410 1887 534 1933 refert
556 1897 670 1934 quam
694 1890 813 1926 multa
837 1890 951 1934 sciat,
983 1890 1020 1926 si
1046 1890 1117 1927 scit
1142 1892 1322 1937 quantum
1354 1890 1533 1927 victoriae

285 1943 377 1979 satis
393 1944 463 1984 est)
473 1955 485 1979 :
511 1942 624 1979 sicin
640 1942 711 1980 hoc
727 1942 850 1980 studio
867 1944 985 1981 multa
1003 1942 1204 1989 delectant,
1221 1953 1351 1991 pauca
1366 1944 1532 1982 vincunt.

250 2005 271 2037 5
287 1995 395 2034 Licet
420 1995 596 2042 nescias,
633 2006 735 2044 quae
758 1996 856 2035 ratio
883 2007 1073 2035 oceanum
1097 1996 1270 2035 effundat
1292 2007 1338 2034 ac
1358 2001 1531 2035 revocet.

287 2059 409 2096 quare
442 2050 632 2096 septimus
659 2050 828 2098 quisque
861 2049 987 2088 annus
1017 2050 1132 2090 aetati
1157 2051 1310 2098 signum
1337 2050 1532 2100 inprimat.

287 2113 408 2151 quare
426 2103 588 2142 latitudo
609 2104 782 2151 porticus
797 2114 847 2142 ex
860 2109 1009 2143 remoto
1025 2105 1290 2153 spectantibus
1306 2116 1384 2143 non
1402 2110 1532 2145 servet

286 2158 578 2204 proportionem
599 2169 728 2205 suam,
751 2159 823 2197 sed
840 2159 973 2197 ultima
985 2159 1025 2198 in
1041 2158 1241 2206 angustius
1258 2165 1396 2199 coeant
1411 2164 1450 2198 et
1464 2171 1530 2199 co-

285 2211 503 2250 lumnarum
533 2212 747 2251 novissime
768 2214 969 2252 intervalla
987 2213 1203 2261 iungantur.
1242 2214 1333 2261 quid
1355 2215 1404 2252 sit
1423 2214 1531 2262 quod

287 2265 528 2313 geminorum
557 2271 790 2315 conceptum
820 2272 1002 2315 separet,
1039 2271 1191 2315 partum
1218 2268 1362 2315 iungat.
1402 2273 1530 2307 utrum

286 2329 389 2360 unus
417 2320 646 2360 concubitus
673 2326 877 2371 spargatur
902 2321 942 2360 in
969 2322 1090 2371 duos,
1118 2332 1168 2360 an
1189 2322 1330 2362 totiens
1350 2323 1528 2372 concepti

1513 2389 1528 2406 ἱ
