1598 2606
307 191 362 232 44
687 191 727 228 L.
745 190 932 229 ANNAEI
953 189 1176 230 SENECAE

268 304 285 336 1
388 287 692 336 XIV.-‚‚Deinde
712 288 902 336 pauciora
921 292 1034 327 erunt
1058 288 1269 336 beneficia,
1291 288 1364 327 sed
1384 289 1554 328 veriora=

309 344 404 392 quid
424 347 552 381 autem
574 342 663 380 mali
683 347 745 381 est
763 342 927 380 inhiberi
947 342 1225 383 beneficiorum
1253 343 1504 381 temeritatem
1513 346 1554 381 Ψ(

307 399 393 437 Hoc
411 398 514 436 enim
533 398 662 446 ipsum
685 397 811 436 secuti
830 402 939 443 sunt,
961 397 1028 445 qui
1046 398 1190 438 nullam
1210 398 1335 445 legem
1353 398 1444 436 huic
1465 408 1554 436 con-

309 453 535 499 stituerunt,
554 457 597 491 ut
615 452 938 499 circumspectius
958 452 1212 498 donaremus,
1234 451 1555 499 circumspectius

266 521 289 554 2
309 508 543 556 eligeremus
563 517 654 552 eos,
676 507 714 544 in
735 517 837 554 quos
856 506 1271 545 meritaconseruntur.
1299 506 1424 545 Etiam
1439 511 1557 554 atque

308 563 424 601 etiam
443 562 506 600 cui
527 562 598 600 des
619 560 847 600 considera:
885 561 990 599 nulla
1007 559 1108 599 actio
1129 561 1218 606 erit,
1242 562 1346 599 nulla
1363 560 1556 609 repetitio.

308 628 437 663 erras,
460 616 494 654 si
513 616 715 654 existimas
745 625 1023 655 succursurum
1050 614 1118 653 tibi
1145 615 1324 653 iudicem.
1367 615 1472 653 nulla
1492 616 1558 653 lex

309 678 345 710 te
364 672 402 710 in
424 671 614 719 integrum
631 670 829 709 restituet=
867 670 990 709 solam
1015 669 1242 717 accipientis
1270 670 1388 707 fidem
1409 674 1557 717 specta.

307 727 392 765 Hoc
414 726 532 764 modo
553 724 747 764 beneficia
766 724 1033 763 auctoritatem
1052 732 1164 763 suam
1190 728 1330 764 tenent
1349 729 1386 762 et
1411 724 1557 771 magni—

267 789 289 823 3
309 782 385 820 fica
404 785 516 819 sunt:
537 780 693 827 pollues
709 779 793 826 illa,
812 779 846 817 si
865 779 1063 816 materiam
1079 778 1200 817 litium
1214 778 1368 816 feceris.
1391 778 1558 825 Aequis-

309 836 408 874 sima
423 845 500 873 vox
520 839 581 872 est
599 839 637 873 et
656 834 716 873 ius
731 833 902 882 gentium
916 842 1012 880 prae
1027 842 1071 870 se
1087 833 1230 879 serens,
1256 842 1306 869 re
1317 832 1407 870 dde
1427 845 1450 880 q
1462 844 1488 871 u
1499 843 1522 870 0
1533 833 1559 870 d

307 890 474 928 debes.
507 888 605 927 haec
626 888 852 936 turpissima
870 891 930 925 est
948 887 986 924 in
1005 886 1218 933 beneficio,
1239 886 1404 925 redde.
1433 887 1559 934 Quid?

306 943 446 982 reddet
462 943 580 981 vitam
603 954 719 990 quam
738 942 881 981 debet?
906 940 1159 988 dignitatem?
1190 941 1463 979 securitatem?
1497 952 1557 979 sa-

264 1007 288 1039 4
307 999 492 1037 nitatem‘.z
527 998 640 1036 reddi
660 997 829 1036 maxima
848 1004 1030 1044 quaeque
1050 1006 1128 1034 non
1150 1001 1328 1043 possunt.
1365 998 1471 1043 „Aut
1486 1006 1557 1043 pro

306 1053 388 1100 his,
418 1052 562 1101 inquit,
585 1051 742 1100 aliquid
762 1051 869 1098 quod
888 1051 983 1091 tanti
999 1051 1087 1088 sit.“
1131 1050 1215 1088 Hoc
1239 1055 1299 1088 est
1319 1050 1425 1098 quod
1454 1050 1557 1088 dice-

305 1108 408 1153 bam,
428 1106 670 1146 interituram
686 1110 818 1144 tantae
835 1105 893 1143 rei
907 1104 1142 1152 dignitatem,
1164 1103 1198 1143 si
1212 1104 1444 1143 beneficium
1460 1114 1557 1147 mer-

307 1172 391 1200 cem
413 1161 592 1199 facimus.
630 1161 715 1198 Non
745 1164 806 1198 est
833 1159 1051 1198 inritandus
1081 1159 1233 1197 animus
1262 1159 1310 1196 ad
1346 1159 1556 1203 avaritiam,

306 1216 356 1254 ad
377 1217 579 1264 querelas,
609 1215 659 1252 ad
687 1214 944 1252 discordiam:
983 1223 1056 1252 sua
1083 1218 1224 1261 sponte
1255 1212 1294 1250 in
1322 1213 1398 1251 ista
1425 1214 1557 1251 fertur.

307 1275 494 1318 quantum
522 1279 737 1318 possumus
769 1268 999 1309 resistamus
1026 1272 1064 1306 et
1090 1266 1291 1316 quaerenti
1324 1267 1557 1306 occasiones

307 1329 567 1372 amputemus.

268 1388 286 1421 1
386 1379 470 1416 XV.
503 1377 658 1417 Utinam
679 1376 839 1425 quidem
859 1376 1100 1424 persuadere
1119 1386 1349 1424 possemus,
1377 1379 1420 1414 ut
1437 1386 1557 1423 pecu-

307 1433 392 1471 nias
413 1433 581 1471 creditas
600 1436 748 1470 tantum
768 1442 792 1469 a
806 1443 832 1469 v
835 1431 1028 1470 olentibus
1043 1431 1286 1479 acciperent!
1313 1429 1459 1468 utinam
1474 1431 1557 1468 nul-

306 1489 343 1525 la
364 1488 562 1536 stipulatio
579 1491 794 1534 emptorem
811 1486 1002 1524 venditori
1017 1485 1226 1532 obligaret!
1249 1494 1322 1522 nec
1337 1488 1452 1533 pacta
1466 1494 1559 1523 con-

307 1548 506 1590 ventaque
525 1541 718 1589 inpressis
738 1539 862 1587 signis
883 1539 1191 1579 custodirentur!
1225 1539 1325 1577 fides
1344 1539 1474 1586 potius
1494 1539 1558 1576 illa

269 1605 290 1638 2
310 1601 485 1635 servaret
502 1601 541 1635 et
557 1606 727 1643 aequum
746 1595 882 1633 colens
902 1595 1074 1633 animus!
1117 1593 1196 1632 Sed
1215 1594 1440 1632 necessaria
1457 1593 1555 1640 opti-

308 1651 381 1690 mis
402 1652 668 1699 praetulerunt
687 1654 725 1688 et
743 1659 886 1697 cogere
905 1650 1023 1688 fidem
1045 1659 1161 1696 quam
1186 1652 1366 1696 spectare
1389 1648 1556 1686 malunt:

308 1706 540 1744 adhibentur
560 1704 607 1743 ab
628 1709 796 1752 utraque
815 1709 926 1752 parte
945 1709 1087 1742 testes=
1114 1703 1189 1741 ville
1208 1713 1278 1751 per
1295 1701 1447 1740 tabulas
1466 1702 1558 1749 plu-

305 1759 405 1799 rium
424 1758 582 1798 nomina
601 1758 841 1807 interpositis
862 1759 1027 1807 parariis
1047 1758 1148 1796 facit.
1181 1758 1246 1796 ille
1264 1766 1342 1794 non
1362 1760 1421 1794 est
1440 1753 1555 1794 inter-

265 1823 287 1856 3
305 1815 510 1862 rogatione
530 1818 757 1860 contentus,
774 1813 860 1851 -nisi
879 1823 988 1851 reum
1014 1823 1132 1851 manu
1158 1822 1232 1850 sua
1254 1810 1387 1849 tenuit.
1430 1809 1459 1848 Ο
1480 1815 1555 1848 tur—

308 1880 398 1917 pem
430 1869 588 1907 humani
620 1868 776 1916 generis
810 1868 877 1917 [et]
910 1867 1060 1906 fraudis
1086 1877 1132 1905 ac
1162 1864 1358 1914 nequitiae
1377 1865 1556 1912 publicae

308 1924 620 1962 consessionem!
659 1922 786 1961 anulis
805 1922 952 1961 nostris
970 1923 1059 1969 plus
1081 1931 1196 1969 quam
1215 1919 1352 1959 animis
1373 1918 1554 1959 creditur.

307 1978 350 2015 In
371 1979 465 2026 quid
493 1977 558 2016 isti
584 1977 658 2015 viri
685 1977 819 2016 ornati>
837 1976 999 2015 adhibiti
1025 1981 1142 2014 sunt?
1173 1974 1211 2014 in
1232 1974 1326 2022 quid
1345 1972 1557 2020 inprimunt

309 2033 448 2080 signa?
483 2042 627 2080 nempe
653 2043 703 2071 ne
730 2032 793 2069 ille
822 2035 938 2079 neget
963 2030 1168 2078 accepisse
1199 2039 1243 2068 se
1263 2027 1370 2075 quod
1390 2027 1555 2075 aceepit.

307 2086 390 2125 Hos
410 2086 661 2134 incorruptos
682 2087 788 2124 viros
808 2091 846 2125 et
865 2085 1041 2124 vindices
1062 2084 1234 2122 veritatis
1255 2082 1486 2120 existimas?
1518 2084 1557 2119 at

307 2140 368 2179 his
397 2142 496 2189 ipsis
523 2152 602 2179 non
630 2141 741 2179 aliter
765 2143 894 2179 statim
927 2138 1118 2188 pecuniae
1151 2137 1447 2176 committentur.
1499 2135 1556 2173 Ita

307 2206 387 2234 non
409 2195 613 2234 honestius
635 2200 718 2234 erat
735 2206 759 2232 a
779 2195 1012 2243 quibusdam
1032 2193 1148 2231 fidem
1167 2191 1247 2230 falli
1268 2201 1385 2239 quam
1403 2189 1452 2228 ab
1473 2199 1554 2227 om-

265 2253 291 2290 4
307 2248 423 2287 nibus
443 2249 646 2297 perfidiam
666 2249 817 2288 timeri?
840 2249 926 2286 Hoc
943 2251 1062 2286 unum
1078 2246 1190 2285 deest
1208 2244 1411 2290 avaritiae,
1436 2247 1477 2281 ut
1488 2243 1554 2282 be·
1580 2288 1586 2295 x

310 2303 450 2343 neficia
469 2304 554 2342 sine
574 2314 770 2353 sponsore
789 2313 866 2341 non
897 2303 1046 2341 demus.
1089 2299 1279 2339 Generosi
1299 2298 1416 2338 animi
1437 2302 1499 2337 est
1517 2302 1555 2337 et
