1592 2580
311 175 389 216 172
689 178 731 214 L.
761 177 947 215 ANNAEI
978 178 1202 216 SENECAE

308 275 397 323 ipso
419 275 504 313 sole
524 275 647 313 maior
666 275 888 322 adparet‘?“
933 275 1027 322 Quia
1053 281 1115 314 est
1134 275 1298 314 alicuius
1319 277 1469 324 speculi
1491 279 1556 315 na-

308 335 395 367 tura
421 330 529 375 talis,
558 334 601 368 ut
627 330 776 368 maiora
799 331 918 368 multo
947 340 1063 378 quam
1089 330 1221 368 videat
1247 331 1429 369 ostendat
1455 337 1494 370 et
1520 332 1557 369 in

309 389 579 432 portentosum
598 388 746 431 augeat
772 385 940 430 formas,
975 383 1140 422 alicuius
1171 384 1260 422 talis
1293 384 1480 432 invicem,
1518 391 1560 424 ut

271 442 294 475 3
309 439 464 476 minuat.
513 438 639 484 „Illud
659 439 722 476 die
742 438 855 484 mihi,
884 448 1006 486 quare
1025 437 1064 476 in
1085 439 1220 476 orbem
1236 444 1303 478 eat
1321 440 1463 486 facies,
1484 441 1558 478 nisi

308 491 394 530 orbi
413 492 616 531 redditur?
643 492 753 530 dices
773 492 874 530 enim
895 493 1085 540 fortasse,
1106 493 1210 531 unde
1229 493 1280 531 sit
1296 493 1350 531 illi
1369 495 1478 532 color
1493 505 1558 532 va-

306 546 406 585 rius:
436 547 542 584 unde
561 547 687 593 figura
706 547 794 585 talis
815 547 882 593 sit,
911 557 990 585 non
1010 546 1139 594 dices,
1158 546 1232 586 nisi
1251 548 1411 596 aliquod
1427 559 1558 587 exem-

308 602 403 648 plar,
426 601 476 639 ad
495 601 601 648 quod
624 602 822 648 formetur,
843 601 1077 640 ostenderis.
1106 602 1252 640 nullum
1271 607 1400 640 autem
1421 603 1556 649 [aliud]

307 666 425 702 quam
452 656 549 694 solis
574 660 654 700 est,
685 666 709 693 a
737 666 816 703 quo
845 666 932 694 cum
959 660 1000 694 tu
1019 665 1180 704 quoque
1197 655 1358 694 fatearis
1377 656 1431 694 iili
1451 658 1556 695 colo-

305 719 387 748 rem
407 710 509 755 dari,
540 710 728 757 sequitur,
755 715 798 749 ut
816 714 854 748 et
872 710 986 749 detur
1004 710 1139 748 forma.
1181 709 1361 758 Denique
1380 710 1478 749 inter
1497 722 1558 749 me

307 770 423 811 teque
451 765 636 802 convenit
659 765 814 803 colores
841 764 948 811 illos,
976 763 1119 812 quibus
1142 764 1251 812 regio
1273 765 1373 803 coeli
1393 765 1556 815 [derin-

304 818 418 864 gitur,
443 828 467 856 a
486 819 573 856 sole
592 828 702 856 esse:
731 818 826 857 illud
844 830 966 858 unum
985 818 1085 857 inter
1104 829 1178 857 nos
1199 829 1277 857 non
1297 819 1496 858 convenit=
1515 825 1558 858 tu

305 872 406 910 dicis
433 872 541 910 illum
568 873 741 911 colorem
769 883 880 920 esse,
909 883 983 921 ego
1003 873 1141 913 videri.
1173 873 1239 921 qui
1261 873 1344 911 sive
1363 878 1441 919 est,
1474 874 1558 911 sive

305 927 477 972 videtur,
511 936 537 964 a
563 927 649 965 sole
675 932 755 965 est:
792 933 834 966 tu
862 937 940 966 non
967 926 1180 976 expedies,
1218 938 1340 975 quare
1367 928 1476 966 color
1495 929 1558 966 ille

305 980 434 1020 subito
462 980 634 1027 desinat,
665 991 752 1019 cum
783 984 920 1020 ornnes
947 983 1121 1029 fulgores
1142 982 1326 1030 paulatim
1346 982 1557 1020 discutian-

266 1043 289 1076 4
304 1038 405 1073 tur.“
457 1034 532 1074 Pro
562 1045 623 1073 me
652 1040 714 1074 est
739 1040 777 1074 et
802 1035 1007 1084 repentina
1025 1036 1110 1074 eius
1130 1035 1253 1074 facies
1273 1040 1311 1074 et
1329 1037 1556 1084 repentinus

302 1090 491 1128 interitus.
523 1090 724 1138 proprium
743 1090 844 1128 enim
865 1091 942 1129 hoc
962 1090 1113 1138 speculi
1133 1095 1212 1137 est,
1242 1090 1280 1128 in
1298 1101 1376 1139 quo
1393 1101 1469 1129 non
1487 1101 1558 1139 per

304 1149 436 1191 partes
452 1144 631 1190 struitur,
653 1145 761 1192 quod
775 1145 960 1193 adparet,
980 1145 1053 1182 sed
1067 1145 1195 1183 statim
1211 1149 1334 1184 totum
1349 1145 1402 1183 fit.
1430 1155 1557 1192 aeque

303 1198 380 1236 cito
406 1198 534 1236 omnis
562 1198 689 1246 imago
717 1198 896 1238 aboletur
926 1200 963 1236 in
990 1199 1076 1245 illo,
1107 1209 1223 1246 quam
1254 1200 1421 1247 ponitur.
1463 1200 1557 1237 nihil

303 1252 406 1290 enim
432 1251 537 1290 aliud
567 1252 617 1290 ad
644 1252 719 1291 ista
751 1253 960 1291 efficienda
996 1253 1058 1290 vel
1089 1253 1331 1291 removenda
1362 1263 1463 1301 opus
1495 1258 1558 1291 est

305 1317 422 1354 quam
449 1306 606 1344 ostendi
633 1311 672 1344 et
697 1306 852 1345 abduci.
905 1307 990 1344 Non
1017 1311 1078 1344 est
1107 1307 1264 1354 propria
1291 1306 1328 1344 in
1357 1307 1432 1346 ista
1452 1308 1556 1345 nube

302 1359 522 1398 substantia
540 1371 614 1398 nec
634 1371 780 1408 corpus
800 1367 880 1407 est,
910 1361 983 1399 sed
1005 1361 1269 1409 mendacium,
1291 1362 1375 1399 sine
1390 1372 1434 1399 re
1449 1361 1554 1400 simi-

302 1415 438 1453 litudo.
481 1415 552 1453 Vis
574 1415 676 1453 scire
695 1415 771 1454 hoc
789 1416 842 1453 ita
861 1420 980 1453 esse?
1008 1415 1162 1453 desinet
1181 1426 1317 1461 arcus,
1343 1416 1376 1454 si
1396 1415 1554 1454 obtexe-

301 1468 355 1507 ris
380 1470 516 1507 solem.
563 1469 747 1517 Oppone,
774 1470 951 1518 inquam,
974 1470 1049 1508 soli
1070 1471 1228 1507 alteram
1247 1470 1410 1508 nubem:
1439 1469 1555 1508 huius

264 1534 285 1567 5
302 1523 469 1561 varietas
497 1524 678 1562 interibit.
725 1525 803 1570 „At
828 1524 952 1563 maior
979 1525 1180 1572 aliquanto
1209 1529 1270 1563 est
1295 1535 1412 1563 arcus
1439 1535 1555 1572 quam

303 1578 403 1616 sol.“
447 1578 536 1616 Dixi
560 1579 679 1616 modo
706 1579 791 1616 fieri
820 1580 1002 1626 specula,
1038 1589 1138 1626 quae
1166 1579 1420 1627 multiplicent
1440 1589 1554 1618 omne

301 1642 465 1679 corpus,
489 1633 596 1680 quod
613 1632 818 1671 imitantur.
865 1631 964 1671 Illud
980 1632 1163 1680 adiciam,
1183 1633 1313 1671 omnia
1328 1644 1397 1681 per
1411 1643 1554 1681 aquam

302 1686 524 1725 videntibus
544 1687 660 1734 longe
680 1697 771 1725 esse
791 1687 958 1725 maiora:
986 1688 1122 1725 literae
1138 1688 1317 1735 quamvis
1333 1687 1503 1726 minutae
1518 1693 1555 1726 et

301 1740 496 1778 obscurae
518 1751 587 1788 per
607 1741 767 1779 vitream
793 1742 911 1789 pilam
930 1752 1034 1789 aqua
1053 1741 1208 1789 plenam
1227 1742 1396 1780 maiores
1417 1742 1552 1780 clario-

300 1805 446 1842 resque
466 1800 687 1833 cernuntur.
727 1806 844 1843 poma
862 1796 1099 1834 formosiora
1117 1807 1233 1844 quam
1253 1800 1345 1835 sunt
1363 1795 1552 1841 videntur,

301 1850 333 1887 si
362 1849 536 1887 innatant
557 1850 670 1887 vitro.
692 1849 841 1888 (sidera
858 1851 1049 1898 ampliora
1071 1861 1143 1897 per.
1158 1851 1300 1888 nubem
1322 1850 1553 1898 adspicienti

300 1903 493 1950 videntur,
524 1904 616 1951 quia
642 1904 748 1942 acies
770 1909 904 1942 nostra
923 1905 961 1942 in
983 1905 1140 1943 humido
1161 1905 1302 1943 labitur
1321 1915 1394 1942 nec
1414 1905 1552 1952 adpre-

299 1957 492 2004 hendere,
520 1958 628 2006 quod
656 1959 756 2003 vult,
784 1958 951 1997 fideliter
981 1963 1120 2007 potest.
1166 1959 1275 2007 quod
1306 1959 1552 1997 manifestum

300 2012 384 2056 fiet,
414 2012 448 2050 si
477 2013 660 2060 poculum
681 2012 891 2059 inpleveris
917 2024 1023 2061 aqua
1042 2018 1080 2051 et
1106 2013 1142 2050 in
1163 2014 1202 2051 id
1222 2012 1438 2051 conieceris
1458 2022 1552 2050 anu-

301 2066 391 2103 lum.
428 2077 517 2104 nam
543 2077 632 2105 cum
657 2066 694 2103 in
723 2066 812 2113 ipso
842 2067 963 2106 fundo
991 2067 1117 2105 iaceat
1139 2067 1298 2113 anulus,
1326 2065 1447 2104 facies
1468 2067 1551 2105 eius

263 2125 285 2159 6
301 2120 338 2157 in
355 2130 506 2158 summa
524 2131 628 2169 aqua
641 2121 827 2158 redditur.
877 2121 1067 2169 Quicquid
1084 2122 1238 2159 videtur
1252 2131 1321 2169 per
1335 2120 1550 2166 humorem,

300 2175 418 2222 longe
439 2175 606 2222 amplius
625 2185 724 2214 vero·
740 2179 819 2213 est:
844 2175 941 2222 -quid
962 2176 1099 2213 mirum
1119 2176 1302 2213 maiorem
1322 2175 1435 2213 reddi
1457 2175 1551 2213 ima-

301 2227 430 2275 ginem
458 2229 574 2275 solis,
603 2229 768 2277 quaein
794 2229 898 2267 nube
919 2229 1076 2267 humida
1095 2229 1247 2274 visitur,
1278 2239 1366 2267 cum
1386 2239 1436 2267 ex
1455 2229 1550 2266 dua-

300 2282 375 2320 bus
404 2284 534 2322 causis
564 2283 640 2322 hoc
668 2284 840 2322 accidat:
874 2284 965 2331 quia
992 2284 1029 2321 in
1058 2283 1161 2322 nube
1189 2288 1250 2321 est
1276 2283 1423 2332 aliquid
1452 2283 1550 2322 vitro
