1592 2580
291 188 370 228 192
660 188 701 226 L.
727 188 914 226 ANNAEI
943 177 1166 227 'SENECAE

290 293 331 324 at
354 290 494 324 tonat?
528 286 620 335 quia
647 285 808 334 spiritus
831 285 1020 324 infirmior
1038 286 1076 324 in
1097 286 1291 325 flammam
1312 298 1389 325 non
1409 289 1539 334 valuit,

289 343 326 378 in
356 351 497 379 sonum
522 341 668 379 valuit..
709 341 808 387 Quid
834 345 896 378 est
925 350 1018 387 ergo
1046 341 1134 388 ipsa
1160 342 1400 389 fulguratio?
1438 343 1539 380 aeris

289 395 510 433 diducentis
531 405 575 433 se
595 395 892 442 corruentisque
910 394 1065 433 iactatio
1085 395 1310 442 languidum
1323 397 1452 443 ignem
1469 407 1541 435 nec

289 451 481 488 exiturum
501 450 698 497 aperiens.
747 449 848 496 Quid
863 453 927 486 est
945 450 1118 487 fulmen?
1145 450 1307 488 acrioris
1326 451 1538 489 densioris-

291 515 368 551 que
392 505 553 551 spiritus
575 507 754 542 cursus.“

369 558 466 596 XIX.
507 558 824 596 Anaximandros
852 557 922 595 ait:
960 558 1089 596 omnia
1114 559 1188 596 ista
1215 558 1272 596 sic
1299 558 1402 606 fieri,
1431 564 1472 597 ut
1491 570 1539 597 ex

288 614 446 650 aethere
473 614 605 660 aliqua
633 613 691 650 vis
712 613 750 649 in
769 612 954 650 inferiora
974 613 1213 650 descendat:
1240 613 1292 650 ita
1303 613 1409 660 ignis
1429 614 1538 662 inpa-

288 673 374 705 ctus
402 667 570 705 nubibus
591 666 742 714 frigidis
763 671 889 704 sonat.
920 670 958 704 at
977 677 1064 704 cum
1085 667 1169 704 illas
1186 667 1444 715 interscindit,
1468 669 1538 705 ful-

286 727 352 769 get
371 726 408 759 et
428 721 552 760 minor
571 722 628 758 vis
645 721 790 769 ignium
808 721 1089 768 fulgurationes
1106 721 1207 767 facit,
1230 721 1353 760 maior
1368 722 1538 760 fulmina.

251 785 264 817 l
365 777 446 813 XX.
490 776 686 823 Diogenes
719 775 992 823 Apolloniates
1026 776 1103 814 ait:
1147 776 1340 823 quaedam
1372 777 1539 815 tonitrua

286 831 395 879 igne,
434 831 628 878 quaedam
656 829 794 878 spiritu
821 829 918 867 fieri.
955 830 1019 867 illa
1045 829 1146 878 ignis
1175 830 1283 877 facit,
1323 841 1424 878 quae
1451 830 1539 878 ipse

287 885 483 923 antecedit
510 890 548 923 et
575 885 743 922 nuntiat:
779 884 845 921 illa
872 884 1051 932 spiritus,
1089 894 1189 932 quae
1214 884 1300 922 sine
1327 885 1539 933 splendore

249 948 270 980 2
288 944 535 987 crepuerunt.
588 939 804 986 Utrumque
831 939 917 976 sine
944 940 1065 977 altero
1094 939 1304 986 aliquando
1331 939 1418 978 fieri
1445 949 1538 978 con-

287 995 405 1041 cedo,
442 993 496 1031 ita
516 999 664 1039 tamen,
693 997 736 1031 ut
761 1004 840 1031 non
867 993 1038 1031 discreta
1064 993 1138 1031 illis
1166 998 1341 1041 potestas
1369 994 1436 1039 sit,
1466 995 1536 1032 sed

285 1054 493 1096 utrumque
512 1048 562 1085 ab
581 1053 750 1095 utroque
769 1047 873 1085 effici
894 1047 1031 1095 possit.
1063 1048 1149 1095 quis
1171 1048 1271 1085 enim
1286 1048 1443 1095 negabit
1458 1049 1535 1096 spi-

284 1104 397 1140 ritum
414 1112 555 1149 magno
571 1103 706 1149 inpetu
720 1104 836 1140 latum
848 1131 858 1148 ‚
877 1112 965 1140 cum
981 1102 1122 1140 efficiat
1138 1113 1289 1148 sonum,
1311 1102 1535 1146 effecturum

285 1162 323 1195 et
350 1157 506 1204 ignem?
541 1157 630 1204 quis
658 1162 786 1194 autem
813 1167 892 1194 non
922 1161 960 1193 et
987 1156 1062 1194 hoe
1086 1157 1294 1202 concedet,
1326 1157 1535 1204 aliquando

284 1212 414 1258 ignem
444 1221 567 1258 posse
594 1220 752 1258 quoque
777 1210 999 1257 inrumpere
1031 1211 1156 1248 nubes
1184 1216 1221 1249 et
1252 1221 1330 1248 non
1364 1211 1533 1257 exsilire,

285 1266 318 1302 si
343 1265 596 1313 plurimarum
623 1275 767 1303 acervo
796 1265 976 1311 nubium,
1006 1274 1093 1302 cum
1121 1275 1268 1312 paucas
1290 1265 1534 1312 percidisset,

285 1329 504 1367 oppressus
534 1323 627 1357 est?
661 1329 756 1366 ergo
783 1323 822 1356 et
850 1318 951 1366 ignis
979 1318 1047 1356 ibit
1065 1317 1103 1355 in
1124 1318 1300 1366 spiritum
1319 1319 1535 1367 perdetque

246 1380 267 1412 3
285 1374 476 1421 fulgorem
498 1378 536 1411 et
556 1374 737 1421 spi-ritus,
766 1373 858 1411 dum
877 1377 987 1411 secat
1003 1373 1143 1419 infera,
1171 1373 1363 1411 incendet.
1409 1374 1535 1412 Adice

281 1438 406 1474 nunc,
440 1429 548 1476 quod
574 1437 742 1466 necesse
769 1433 848 1474 est,
878 1427 1034 1475 inpetus
1062 1427 1231 1465 fulminis
1259 1431 1296 1464 et
1318 1429 1535 1475 praemittat

282 1483 444 1530 spiritus
473 1486 642 1530 agatque
670 1486 759 1520 ante
786 1491 831 1519 se
856 1486 893 1519 et
921 1492 943 1519 a
968 1486 1078 1528 tergo
1100 1481 1226 1519 trahat
1242 1488 1416 1528 ventum,
1448 1492 1532 1520 cum

280 1544 359 1575 tam
383 1541 498 1574 vasto
526 1536 605 1575 ictu
631 1538 723 1574 aera
758 1535 949 1574 inciderit.
983 1537 1114 1583 itaque
1141 1535 1289 1581 omnia,
1326 1540 1533 1584 antequam

280 1592 479 1637 feriantur,
506 1591 776 1629 intremiscunt
795 1590 945 1628 vibrata
959 1596 1096 1637 vento,
1124 1601 1239 1639 quem
1259 1589 1360 1638 ignis
1380 1595 1470 1629 ante
1486 1587 1533 1629 ‘se

280 1644 493 1694 praemisit.

246 1707 259 1738 l
317 1720 320 1721 ν
358 1699 457 1738 XXI.
485 1699 720 1738 Dimissis
748 1710 875 1738 nunc
897 1699 1319 1747 praeceptoribus
1341 1700 1531 1737 nostris

279 1753 577 1802 incipiamus
599 1764 681 1801 per
701 1765 785 1792 nos
805 1754 989 1793 moveri
1009 1759 1053 1792 et
1072 1765 1094 1792 a
1110 1753 1367 1792 confessis
1383 1757 1531 1792 trans-

278 1819 446 1847 eamus
481 1808 538 1845 ad
573 1807 736 1846 dubia.
782 1809 907 1855 Quid
936 1809 980 1846 in
1008 1808 1261 1846 confessis
1287 1811 1393 1846 est?
1434 1808 1530 1846 ful-

277 1873 382 1900 men
418 1863 578 1910 ignem
616 1872 750 1909 esse,
791 1873 948 1910 aeque
983 1862 1387 1910 fulgurationem,
1429 1872 1530 1908 quae

278 1917 371 1954 nihil
390 1917 495 1955 aliud
514 1921 575 1954 est
595 1927 712 1964 quam
731 1916 905 1962 flamma,
938 1918 1065 1954 futura
1085 1918 1248 1961 fulmen,
1274 1916 1307 1954 si
1326 1916 1416 1963 plus
1435 1915 1528 1954 hau-

242 1976 263 2008 2
278 1972 399 2010 sisset
420 1972 570 2009 virium.
601 1981 677 2008 non
698 1977 836 2009 natura
855 1971 948 2018 ista,
980 1971 1051 2009 sed
1071 1972 1205 2019 inpetu
1226 1970 1382 2008 distant.
1427 1969 1529 2007 Esse

277 2026 385 2064 illum
404 2026 533 2073 ignem
555 2025 663 2063 color
683 2025 871 2072 ostendit,
902 2026 967 2073 qui
987 2036 1065 2063 non
1083 2030 1145 2064 est
1163 2024 1238 2062 nisi
1256 2033 1306 2061 ex
1323 2033 1391 2070 eo,
1422 2025 1529 2071 quod

278 2080 467 2127 ostendit,
488 2086 524 2118 et
542 2078 727 2118 effectus:
755 2090 983 2127 magnorum
1003 2080 1104 2117 enim
1125 2076 1527 2126 saepeiincendiorum

278 2145 399 2172 causa
424 2135 570 2172 fulmen
598 2134 680 2173 fuit.
713 2134 835 2172 silvae
857 2134 920 2171 illo
941 2138 1134 2172 crematae
1153 2137 1190 2170 et
1208 2132 1359 2170 urbium
1380 2137 1525 2179 partes.

278 2190 390 2226 etiam
413 2198 515 2236 quae
541 2198 618 2226 non
648 2198 840 2236 percussa
860 2192 968 2234 sunt,
996 2192 1123 2226 tamen
1143 2187 1282 2224 adusta
1304 2190 1524 2224 cernuntur.

278 2243 582 2289 quaedamvero
595 2243 703 2281 velut
717 2242 874 2289 fuligine
890 2243 1122 2280 colorantur.
1153 2241 1258 2288 quid,
1279 2240 1386 2288 quod
1402 2241 1522 2278 omni-

238 2297 348 2335 3bus
378 2297 579 2345 fulguratis
609 2297 710 2336 odor
739 2296 937 2344 sulphuris
962 2295 1095 2335 inest?
1140 2295 1241 2344 Ergo
1262 2299 1300 2334 et
1318 2300 1521 2343 utramque

1589 2258 1592 2405 l

1583 2415 1592 2580 l
