1592 2580
286 158 471 198 NATUR.
494 155 708 206 QUAEST.
737 157 833 197 LIB.
849 157 914 196 III.
942 163 1119 199 20—25.
1264 157 1346 199 227

64 259 304 310 quibusdam
322 258 497 297 videtur:
525 263 619 308 post
633 257 742 296 illum
757 268 810 297 ex
825 257 1118 307 posterioribus
1135 258 1348 308 coelestes,

63 327 165 366 quas
180 314 315 354 nubila
330 313 554 353 excutiunt:
575 324 628 352 ex
642 313 814 353 terrenis
829 314 932 353 aliae
947 318 1059 362 sunt,
1077 318 1121 352 ut
1134 314 1188 353 ita
1202 314 1345 362 dicam,
1422 315 1425 319 “

63 375 390 421 supernatantes,
431 380 536 419 quae
563 369 603 408 in
630 380 786 409 summa
810 368 932 410 humo
958 374 1123 419 repunt,
1153 370 1256 410 aliae
1274 370 1344 410 ab-

61 428 186 475 ditae,
215 437 385 475 quarum
405 425 562 465 reddita
580 431 644 465 est
660 425 775 465 ratio.

141 482 281 521 XXIV.
312 482 473 530 Quare
493 481 740 531 quaedam
760 491 924 531 aquae
944 482 1165 531 caleant,
1190 493 1346 532 quae·
1363 490 1382 523 1

62 539 170 578 dam
199 538 347 577 etiarn
375 538 616 576 ferveant
649 537 689 576 in
713 541 885 586 tantum,
912 542 956 576 ut
973 549 1052 577 non
1074 538 1233 587 possint
1252 549 1348 578 esse

59 594 172 642 usui,
202 593 280 632 nisi
306 598 375 633 aut
401 594 441 634 in
469 597 609 643 aperto
633 598 884 632 evanuerunt
901 597 970 632 aut
987 594 1159 633 mixtura
1178 593 1347 643 frigidae

59 651 334 699 intepuerunt,
364 651 502 699 plures
524 659 673 688 causae
695 649 927 688 redduntur.
973 649 1242 699 Empedocles
1262 650 1347 688 exi-

62 706 194 746 stimat
226 706 384 754 ignibus
400 735 411 753 ,
453 716 558 754 quos
591 706 726 744 multis
761 705 863 744 locis
896 709 1003 744 terra
1035 710 1200 755 opertos
1237 706 1346 754 tegit,

60 772 207 811 aquam
236 762 460 809 calescere,
490 761 526 800 si
552 760 723 800 subiecti
750 765 845 800 sunt
865 762 975 810 so10,
1004 771 1078 811 per
1099 761 1212 810 quod
1228 762 1346 810 aquis

59 818 251 857 transitus
280 822 353 856 est.
404 816 556 857 Facere
588 817 767 856 solemus
801 817 999 856 dracones
1033 823 1074 856 et
1105 816 1274 855 miliaria
1308 822 1347 856 et
1362 819 1383 852 2

62 874 278 922 conplures
299 873 469 922 formas,
499 873 540 911 in
561 872 710 923 quibus
728 882 869 912 aereas
887 872 1044 912 fistulas
1065 872 1255 912 struimus
1275 882 1348 922 per

61 928 218 968 declive
245 928 533 977 circumdatas,
570 933 613 967 ut
639 939 766 978 saepe
793 928 981 967 eumdem
1008 929 1142 977 ignem
1163 928 1346 967 ambiens

61 995 169 1033 aqua
197 994 270 1034 per
295 989 447 1024 tantum
474 983 574 1023 fluat
601 985 739 1033 spatii,
770 989 961 1032 quantum
982 984 1196 1023 efficiendo
1222 984 1347 1023 calori

62 1046 125 1080 sat
143 1045 216 1079 est.
253 1039 397 1089 frigida
416 1040 551 1089 itaque
570 1039 707 1087 intrat,
736 1039 866 1079 effluit
885 1040 1028 1081 calida.
1073 1041 1183 1079 Idem
1201 1040 1347 1089 Empe·
1362 1043 1385 1079 3

60 1097 200 1136 docles
229 1096 305 1135 sub
333 1101 441 1135 terra
468 1096 670 1135 existimat
696 1095 803 1143 fieri,
835 1106 953 1144 quem
981 1107 1061 1135 non
1082 1096 1163 1135 falli
1183 1096 1349 1135 credent

58 1153 106 1199 ii,
138 1151 284 1200 quibus
313 1151 519 1190 balnearia
544 1153 631 1190 sine
658 1151 751 1200 igne
779 1151 979 1190 calefiunt.
1027 1150 1202 1201 Spiritus
1221 1151 1260 1190 in
1280 1151 1349 1190 illa

59 1207 222 1246 fervens
250 1208 340 1247 loco
367 1206 565 1246 aestuanti
592 1207 826 1246 infunditur.
868 1206 935 1245 hic
961 1217 1035 1257 per
1060 1207 1172 1246 rivos
1203 1208 1347 1256 lapsus

58 1274 140 1302 non
159 1261 272 1302 aliter
287 1273 408 1312 quam
427 1263 519 1312 igne
538 1263 701 1302 subdito
723 1262 897 1312 parietes
917 1267 957 1302 et
974 1274 1076 1302 vasa
1092 1263 1226 1302 balnei
1242 1263 1348 1302 cale-

58 1319 166 1358 facit.
205 1319 335 1358 omnis
366 1319 541 1368 denique
567 1319 713 1367 frigida
735 1319 906 1358 transitu
925 1324 1098 1358 mutatur
1115 1319 1155 1357 in
1176 1319 1349 1358 calidam

58 1385 134 1414 nee
160 1375 280 1414 trahit
298 1385 487 1423 saporem
505 1386 527 1414 e
545 1376 780 1424 vaporareD,
810 1375 906 1424 quia
927 1376 1067 1413 clausa
1087 1374 1346 1424 praelabitur.

59 1431 227 1479 Quidam
256 1430 484 1469 existimant
509 1431 696 1479 perloca
714 1430 907 1479 sulphure
928 1432 1048 1479 plena
1067 1434 1261 1470 exeuntes
1282 1430 1347 1468 vel
1361 1436 1384 1470 4

58 1487 303 1525 introeuntes
326 1496 454 1533 aquas
475 1486 651 1524 calorem
672 1485 871 1525 beneficio
891 1485 1103 1534 materiae,
1131 1496 1205 1535 per
1224 1496 1347 1535 quam

59 1541 206 1588 fluunt,
227 1540 405 1587 trahere,
427 1541 537 1591 quod
552 1541 644 1590 ipso
661 1542 788 1581 odore
801 1547 1004 1591 gustuque
1019 1546 1226 1582 testantur.
1254 1541 1347 1580 red-

60 1597 159 1636 dunt
177 1597 282 1636 enim
302 1598 530 1646 qualitatem
552 1597 660 1645 eius,
691 1608 771 1647 qua
790 1598 970 1645 caluere,
990 1598 1192 1637 materiae.
1231 1597 1347 1646 Quod

58 1663 110 1691 ne
128 1653 314 1691 accidere
331 1652 507 1692 mireris:
534 1652 653 1692 vivae
669 1653 770 1692 calci
788 1663 934 1702 aquam
956 1653 1142 1702 infunde,
1162 1653 1346 1693 fervebit.

140 1707 263 1747 XXV.
305 1707 558 1756 Quaedam
594 1719 759 1758 aquae
785 1709 1084 1748 mortiferae
1112 1714 1227 1749 sunt
1253 1713 1383 1748 necl

60 1765 217 1804 odore
252 1763 512 1804 notabiles
545 1774 636 1803 nec
665 1774 865 1813 sapore.
914 1765 1028 1804 Circa
1045 1765 1285 1804 Nonacriam
1304 1764 1346 1803 in

57 1819 234 1859 Arcadia
254 1814 357 1871 Styx
378 1820 580 1869 adpellata
594 1819 644 1858 ab
662 1819 804 1859 incolis
821 1820 1000 1859 advenas
1018 1821 1134 1869 fallit,
1154 1821 1249 1870 quia
1263 1830 1346 1860 non

60 1876 182 1924 facie,
219 1887 299 1915 non
329 1875 455 1915 odore
482 1879 676 1924 suspecta
701 1880 782 1914 est:
814 1876 947 1924 qualia
980 1881 1076 1916 sunt
1107 1887 1344 1926 magnorum

59 1931 253 1971 artificum
282 1942 457 1980 venena,
493 1942 598 1980 quae
622 1930 870 1980 deprehendi
897 1932 974 1971 nisi
1001 1936 1128 1972 morte
1147 1943 1229 1971 non
1248 1943 1345 1982 pos-

7 1989 8 1996 *
60 1991 165 2026 sunt.
207 1986 319 2026 Haec
337 1991 490 2035 autem,
521 1986 573 2025 de
594 1997 674 2036 qua
693 1988 814 2036 paulo
830 1992 923 2027 ante
940 1988 1077 2035 retuli,
1109 1999 1217 2038 aqua
1236 1999 1346 2028 sum·

58 2054 124 2082 ma
143 2042 344 2082 celeritate
363 2042 599 2092 corrumpit,
618 2052 693 2080 nec
707 2043 886 2083 remedio
903 2044 1017 2083 locus
1035 2048 1116 2091 est,
1138 2044 1234 2093 quia
1248 2055 1343 2093 pro·

6 2101 8 2132 ῑ
59 2099 164 2138 tinus
178 2098 324 2138 hausta
338 2098 515 2146 duratur,
535 2108 612 2138 nec
627 2098 741 2137 aliter
755 2109 875 2147 quam
891 2110 1068 2150 gypsum
1084 2100 1159 2138 sub
1174 2100 1343 2139 humore

61 2154 342 2204 constringitur
361 2160 400 2195 et
419 2154 568 2203 adligat
585 2153 756 2193 viscera.
795 2154 867 2194 Est
886 2160 1017 2194 autem
1036 2155 1160 2194 noxia
1177 2166 1286 2205 aqua
1303 2155 1343 2195 in
1356 2161 1379 2195 2

5 2211 7 2253 g
60 2209 266 2249 Thessalia
293 2211 401 2250 circa
426 2210 594 2259 Tempe,
622 2220 743 2258 quam
762 2215 802 2250 et
820 2210 907 2250 fera
924 2216 964 2250 et
986 2221 1114 2260 pecus
1134 2221 1252 2251 omne
1272 2212 1342 2250 de-

4 2316 7 2319 p
61 2265 170 2304 vitat.
198 2276 270 2314 per
288 2266 438 2306 ferrum
457 2271 496 2305 et
514 2275 584 2304 aes
609 2265 710 2304 exit:
738 2270 848 2305 tanta
866 2265 929 2306 vis
949 2272 1013 2306 est
1031 2267 1085 2306 illi
1105 2267 1222 2307 etiam
1242 2267 1342 2307 dura

60 2320 283 2363 mordendi.
317 2332 394 2362 nec
419 2323 586 2362 arbusta
611 2320 772 2372 quidem
792 2323 872 2362 ulla
892 2321 960 2362 alit
979 2327 1018 2363 et
1039 2322 1186 2363 herbas
1211 2329 1339 2363 necat.

1048 2385 1090 2419 15
1105 2379 1123 2402 *
