1624 2626
302 182 370 222 DE
389 182 828 236 TRANQUILLITATE
849 182 1009 221 ANIMI.
1037 187 1175 223 8—10.
1299 180 1382 224 185

96 289 165 327 vix
190 290 274 327 tota
302 286 383 325 vita
409 285 565 324 indices
595 284 793 334 perlegit?
828 288 970 323 onerat
998 282 1222 327 discentem
1248 282 1379 330 turba,

96 354 174 383 non
207 342 383 389 instruit,
419 342 626 390 multoque
661 341 788 379 satius
818 345 881 379 est
912 341 1054 389 paucis
1081 344 1120 379 te
1149 339 1380 379 auctoribus

95 399 273 447 tradere,
303 409 424 447 quam
453 408 589 437 errare
611 407 685 445 per
711 396 870 435 multos.
916 395 1191 445 Quadraginta
1210 396 1318 435 milia
1335 395 1380 435 li·
1401 406 1424 440 5

93 454 257 494 brorum
275 453 548 493 Alexandriae
567 457 772 492 arserunt:
794 450 1104 501 pulcherrimum
1124 452 1261 501 regiae
1282 463 1382 501 opu-

94 511 241 550 lentiae
275 514 574 549 monumentum
604 508 707 547 alius
735 507 987 556 laudaverit,
1023 507 1129 547 sicut
1163 513 1204 547 et
1229 508 1382 554 LiviuS,

97 567 166 616 qui
183 568 401 615 eleqantiae
418 577 557 614 requm
570 575 769 613 curaeque
781 565 980 613 eyreqium
999 564 1045 603 id
1055 575 1153 613 opus
1167 564 1222 602 ait
1232 563 1361 612 fuisse
1370 577 1383 602 :

94 632 176 661 non
204 622 278 661 fuit
304 622 503 670 elegantia
523 621 622 660 illud
647 625 714 659 aut
741 630 856 669 cura,
891 619 967 659 sed
998 620 1184 659 studiosa
1210 620 1382 673 luxuria,

94 677 215 717 immo
235 689 286 717 ne
306 677 491 718 studiosa
511 677 692 726 quidem,
716 676 905 725 quoniam
924 686 1005 715 non
1025 675 1065 714 in
1086 675 1282 722 studium,
1308 675 1383 715 sed

95 734 136 773 in
170 734 447 783 spectaculum
482 736 822 782 conparaverant,
857 732 962 771 sicut
996 731 1202 781 plerisque
1230 731 1383 780 ignaris

96 789 214 829 etiam
225 790 430 828 servilium
445 788 648 828 literarum
664 787 753 827 libri
769 798 850 826 non
868 787 1092 826 studiorum
1107 788 1382 835 instrumenta,

97 845 174 884 sed
202 844 482 885 coenationum
513 848 749 884 ornamenta
774 848 878 883 sunt.
917 843 1084 882 Paretur
1103 843 1242 892 itaque
1261 843 1383 882 libro—

95 912 185 940 rum
206 906 396 950 quantum
417 900 515 940 satis
535 901 607 948 sit,
645 900 743 938 nihil
762 900 803 938 in
822 899 1072 948 adparatum.
1117 898 1383 948 ,‚Honestius,
1404 908 1427 943 6

97 957 254 1006 inquis,
282 956 360 996 hoc
388 961 427 996 te
449 956 686 1006 *inpensae
719 966 839 1005 quam
868 955 908 994 in
939 954 1142 995 Corinthia
1170 954 1385 1004 pictasque

96 1012 255 1052 tabulas
281 1011 542 1051 effuderint.“
581 1011 784 1050 Vitiosum
805 1014 867 1049 est
889 1010 1060 1060 ubique,
1091 1011 1202 1060 quod
1221 1010 1385 1050 nimium

98 1074 174 1108 est.
214 1068 312 1118 quid
334 1067 482 1115 habes,
513 1078 584 1106 cur
609 1066 802 1116 ignoscas
831 1066 981 1105 homini
1005 1067 1177 1106 armaria
1207 1067 1306 1106 citro
1327 1071 1384 1106 at-

98 1135 178 1174 que
203 1124 328 1163 ebore
356 1123 556 1172 captanti,
586 1133 760 1172 corpora
789 1121 1044 1171 conquirenti
1070 1127 1139 1161 aut
1157 1123 1385 1171 ignotorum

97 1185 303 1220 auctorum
335 1184 404 1219 aut
434 1178 739 1228 inprobatorum
773 1183 813 1217 et
843 1178 947 1218 inter
971 1182 1030 1217 tot
1058 1178 1165 1217 milia
1190 1178 1384 1218 librorum

97 1236 302 1284 oscitanti,
327 1236 390 1275 cui
409 1235 655 1275 voluminum
673 1245 838 1274 suorum
858 1235 1012 1273 frontes
1032 1234 1205 1273 maxime
1226 1234 1387 1283 placent

98 1292 309 1341 titulique?
345 1291 468 1340 Apud
496 1290 846 1330 desidiosissimos
876 1300 974 1339 ergo
1006 1289 1166 1329 videbis
1189 1290 1384 1340 quicquid
1404 1300 1425 1337 7

98 1347 321 1387 orationum
339 1346 680 1396 historiarumque
699 1351 772 1394 est,
793 1350 900 1385 tecto
917 1350 1035 1385 tenus
1047 1351 1254 1386 exstructa
1271 1347 1383 1386 locu-

99 1404 283 1442 lamenta.
320 1403 398 1442 iam
419 1403 526 1442 enim
545 1404 648 1442 inter
661 1402 868 1441 balnearia
886 1406 926 1441 et
944 1402 1119 1442 thermas
1138 1402 1386 1442 bibliotheca

100 1470 267 1508 quoque
292 1463 336 1498 ut
365 1459 640 1498 necessarium
674 1458 820 1497 domus
855 1463 1132 1497 ornamentum
1168 1459 1384 1507 expolitur.

102 1515 356 1563 ignoscerem
376 1514 517 1564 plane,
539 1515 575 1554 si
595 1514 822 1554 studiorum
841 1514 964 1552 nimia
982 1513 1173 1562 cupidine
1193 1515 1383 1554 oriretur:

99 1581 207 1609 nunc
226 1570 304 1609 ista
323 1569 568 1620 conquisita,
597 1581 689 1609 cum
717 1569 957 1619 imaginibus
978 1570 1063 1609 suis
1089 1570 1293 1620 descripta
1314 1574 1384 1618 [et]

101 1636 309 1665 sacrorum
335 1636 461 1675 opera
488 1625 739 1675 ingeniorum
767 1626 808 1666 in
829 1626 1006 1676 speciem
1027 1630 1066 1665 ct
1085 1626 1232 1666 cultum
1252 1626 1384 1676 parie—

100 1687 182 1721 tum
203 1686 488 1730 conparantur.

181 1738 230 1776 X.
259 1739 312 1775 At
331 1737 414 1785 [ad]
436 1736 600 1786 aliquod
617 1747 778 1786 genus
798 1738 938 1777 vitae
958 1738 1190 1778 difficile
1208 1737 1385 1777 incidisti
1407 1749 1422 1782 l

100 1798 140 1832 et
165 1793 236 1833 tibi
263 1792 464 1843 ignoranti
485 1793 550 1832 vel
572 1793 730 1842 publica
750 1795 909 1833 fortuna
927 1794 994 1833 vel
1016 1795 1174 1843 privata
1193 1794 1383 1843 laqueum

100 1849 274 1898 inpegit,
306 1859 425 1898 quem
446 1859 522 1887 nec
542 1849 702 1888 solvere
724 1861 870 1898 posses
892 1860 968 1888 nec
989 1861 1222 1898 erumpere:
1252 1850 1386 1898 cogita

101 1905 340 1955 conpeditos
378 1905 505 1954 prImo
535 1915 655 1954 aegre
676 1906 780 1944 ferre
801 1916 924 1944 onera
943 1910 982 1944 et
1001 1906 1276 1954 inpedimenta
1296 1915 1384 1943 cru<—

99 1972 200 2000 rum.
239 1961 387 2000 deinde
414 1960 482 2000 ubi
510 1971 591 1999 non
619 1960 816 2009 indignari
845 1962 930 2010 illa,
960 1962 1035 2000 sed
1056 1962 1136 2011 pati
1156 1971 1384 2010 proposue—

99 2022 211 2065 runt,
235 2017 533 2056 necessitas
562 2016 769 2055 fortiter
798 2018 932 2055 ferre
960 2017 1129 2064 docet,
1165 2027 1383 2055 consue-

100 2073 221 2112 tudo
242 2073 411 2112 facile.
447 2073 632 2111 Invenies
653 2072 692 2110 in
715 2072 894 2121 quolibet
912 2083 1061 2121 genere
1080 2072 1186 2111 vitae
1209 2071 1384 2111 oblecta-

100 2133 233 2167 menta
261 2133 301 2168 et
317 2129 580 2168 remissiones
609 2132 649 2167 et
673 2128 924 2177 voluptates:
953 2128 988 2166 si
1014 2127 1214 2176 nolueris,
1241 2127 1386 2167 malam

101 2189 198 2233 puta
213 2189 252 2224 te
275 2183 395 2224 vitam
419 2184 553 2234 potius
582 2194 701 2233 quam
724 2184 963 2223 invidiosam
982 2184 1129 2223 facere.
1167 2183 1281 2224 Nullo
1302 2194 1382 2223 me·
1404 2191 1426 2225 2

102 2240 179 2279 lius
206 2240 367 2279 nomine
396 2240 448 2279 de
476 2239 593 2280 nobis
620 2244 762 2278 natura
789 2239 952 2287 meruit,
979 2249 1098 2287 quam
1119 2241 1270 2291 [quod],
1293 2248 1384 2279 cum

102 2297 223 2335 sciret
251 2296 398 2345 quibus
427 2297 628 2335 aerumnis
656 2305 932 2342 nasceremur,
962 2295 1227 2334 calamitatum
1254 2295 1381 2335 molli-

102 2357 274 2391 mentum
303 2352 636 2391 consuetudinem
671 2351 842 2400 invenit,
882 2351 960 2390 cito
997 2351 1038 2389 in
1075 2351 1382 2391 familiaritatem
