1624 2626
282 626 304 658 2

282 951 304 984 3

285 1216 308 1250 4

285 1549 306 1580 5

286 2192 308 2224 2

325 196 402 236 180
563 195 605 232 L.
634 194 821 232 ANNAEI
852 193 1076 232 SENECAE
1106 194 1235 232 DIAL.
1263 195 1328 233 IX.

323 297 360 332 in
383 303 461 343 qua
479 296 639 331 senatus
661 292 912 339 populusque
932 295 1071 330 senatu
1091 291 1249 338 similis,
1278 291 1408 330 coibat
1427 290 1569 330 cotidie

324 348 551 387 carnificum
577 346 687 384 triste
714 346 918 393 collegium
945 350 984 384 et
1001 344 1136 383 infelix
1163 346 1270 383 curia
1296 347 1474 395 tyrannis
1501 358 1568 384 an-

323 408 457 451 gusta:
486 405 689 450 poteratne
709 400 774 437 illa
791 400 927 438 civitas
950 400 1253 447 conquiescere,
1280 400 1318 438 in
1339 411 1417 448 qua
1434 406 1490 440 tot
1507 406 1569 450 ty-

322 457 435 495 ranni
462 461 572 494 erant
599 458 694 502 quot
714 454 898 492 satellites
925 458 1084 492 essent?
1119 464 1168 492 ne
1196 465 1290 501 spes
1314 455 1470 503 quidem
1491 456 1570 493 nlla

323 510 574 558 recipiendae
600 507 787 546 libertatis
815 508 951 546 animis
980 513 1133 556 poterat
1152 508 1304 555 offerri,
1328 519 1401 546 nec
1422 510 1489 547 ulli
1508 520 1568 547 re-

323 566 451 603 medio
473 565 585 602 locus
602 562 817 610 adparebat
836 567 969 600 contra
982 567 1128 601 tantam
1142 563 1221 600 vim
1236 564 1443 601 malorum:
1464 564 1570 602 unde

324 620 426 656 enim
446 619 613 656 miserae
640 615 783 654 civitati
809 619 867 654 tot
887 615 1146 655 Harmodios?
1181 617 1365 655 Socrates
1383 622 1510 655 tamen
1530 619 1567 655 in

324 673 452 710 medio
480 676 563 709 erat
589 675 627 709 et
653 672 829 718 lugentes
851 675 983 717 patres
1004 672 1278 710 consolabatur
1297 677 1335 710 et
1354 672 1567 720 desperan-

322 733 382 765 tes
403 727 453 764 de
471 726 673 774 republica
693 724 971 762 exhortabatur
990 729 1029 761 et
1047 725 1226 764 divitibus
1257 737 1355 774 opes
1376 737 1470 764 suas
1490 737 1567 765 me-

322 781 521 819 tuentibus
550 779 816 827 exprobrabat
843 788 969 816 seram
997 777 1241 825 periculosae
1268 781 1453 818 avaritiae
1476 791 1568 828 poe-

324 835 523 873 nitentiam
555 839 594 872 et
626 833 765 871 imitari
797 832 1018 870 volentibus
1057 841 1237 879 magnum
1274 835 1570 873 circumferebat

325 890 544 937 exemplar,
580 898 667 926 cum
701 887 800 925 inter
831 886 987 934 triginta
1019 886 1201 925 dominos
1231 888 1327 925 liber
1358 888 1568 927 incederet.

324 944 436 981 Hunc
455 948 583 981 tamen
603 941 781 980 Athenae
799 942 911 989 ipsae
931 942 968 978 in
991 950 1150 978 carcere
1169 942 1410 990 occiderunt,
1437 948 1475 980 et
1503 943 1570 991 qui

323 1002 406 1036 tuto
432 997 687 1035 insultaverat
712 995 854 1042 agmini
882 999 1136 1045 tyrannorum
1165 995 1280 1042 civis,
1314 997 1392 1034 eius
1416 997 1569 1036 liberta—

323 1058 401 1090 tem
427 1052 587 1089 libertas
614 1061 693 1088 non
719 1050 822 1087 tulit:
854 1054 897 1087 ut
924 1050 1028 1087 scias
1056 1054 1094 1087 et
1124 1049 1162 1086 in
1189 1049 1348 1088 adflicta
1373 1052 1570 1098 republica

325 1105 426 1144 esse
445 1105 696 1144 occasionem
723 1104 890 1151 sapienti
917 1103 1000 1142 viro
1029 1104 1078 1141 ad
1104 1113 1148 1141 se
1176 1104 1452 1151 proferendum
1479 1107 1568 1144 etin

325 1159 481 1198 florenti
508 1169 555 1197 ac
580 1159 695 1197 beata
711 1158 936 1206 pecuniam,
963 1156 1169 1205 invidiam,
1195 1158 1299 1196 mille
1318 1158 1393 1196 alia
1412 1159 1572 1197 inermia

326 1214 418 1252 vitia
442 1222 620 1262 regnare.
657 1213 879 1259 Utcumque
905 1221 998 1259 ergo
1027 1221 1072 1249 se
1102 1212 1328 1260 respublica
1354 1212 1479 1260 dabit,
1514 1219 1571 1252 ut-

327 1278 494 1316 cumque
522 1268 680 1306 fortuna
705 1266 916 1314 permittet,
945 1266 998 1304 ita
1024 1269 1091 1303 aut
1109 1266 1393 1314 explicabimus
1414 1277 1487 1306 nos
1508 1274 1574 1307 aut

327 1321 624 1360 contrahemus:
651 1319 786 1368 utique
809 1320 1055 1359 movebimus
1083 1330 1156 1357 nec
1183 1319 1338 1368 adligati
1364 1326 1469 1360 metu
1494 1327 1571 1360 tor-

326 1375 520 1424 pebimus.
564 1376 681 1414 immo
703 1374 767 1413 ille
787 1374 847 1412 vir
868 1374 1000 1421 suerit,
1031 1374 1097 1422 qui
1118 1375 1301 1422 periculis
1321 1375 1497 1424 undique
1516 1377 1572 1414 in—

327 1431 581 1476 minentibus,
610 1429 728 1467 armis
758 1429 862 1467 circa
881 1433 920 1467 et
938 1429 1085 1467 catenis
1105 1429 1358 1467 frementibus
1378 1440 1456 1468 non
1477 1431 1573 1468 adli-

327 1485 422 1523 serit
448 1483 628 1523 virtutem
648 1480 721 1521 nec
741 1483 1005 1522 absconderit.
1043 1493 1121 1520 non
1142 1488 1202 1521 est
1220 1484 1320 1521 enim
1346 1493 1505 1523 servare
1527 1495 1574 1524 se

326 1539 512 1586 obruere,
531 1542 575 1577 ut
589 1538 741 1586 opinor.
770 1538 908 1576 Curius
923 1537 1109 1575 Dentatus
1126 1537 1253 1575 aiebat
1263 1567 1273 1584 ,
1288 1548 1326 1576 m
1336 1539 1436 1577 alle
1456 1549 1478 1577 e
1490 1550 1509 1578 s
1521 1550 1540 1578 s
1550 1550 1574 1578 e

327 1603 380 1631 se
406 1597 647 1632 mortuum
675 1602 809 1640 quam
836 1591 1018 1630 vivere.
1061 1592 1245 1630 Ultimum
1264 1592 1454 1631 malorum
1472 1598 1574 1632 este

327 1647 505 1686 vivorum
529 1656 691 1685 numero
718 1646 845 1692 exIre,
875 1651 1083 1694 antequam
1101 1645 1293 1685 moriaris.
1329 1647 1402 1685 sed
1428 1648 1572 1686 facien-

327 1701 417 1740 dum
439 1701 528 1748 erit,
549 1701 582 1739 si
601 1700 640 1738 in
659 1700 900 1748 reipublicae
927 1705 1082 1748 tempus
1105 1700 1234 1738 minus
1259 1701 1460 1740 tractabile
1478 1702 1571 1740 inci-

327 1756 451 1802 deris,
470 1759 513 1793 ut
531 1756 619 1803 plus
640 1755 719 1793 otio
739 1765 785 1792 ac
807 1755 927 1792 literis
946 1754 1137 1793 vindices.
1174 1764 1248 1793 nec
1268 1754 1377 1793 aliter
1396 1767 1513 1803 quam
1531 1757 1572 1795 in

327 1810 551 1857 periculosa
582 1808 829 1857 navigatione
864 1808 1032 1847 subinde
1065 1813 1218 1857 portum
1246 1813 1358 1856 petas
1393 1820 1466 1848 nec
1502 1821 1570 1849 ex-

327 1867 502 1911 spectes,
541 1863 668 1902 donec
702 1873 768 1901 res
803 1868 842 1902 te
876 1862 1084 1911 dimittant,
1121 1863 1193 1901 sed
1226 1863 1275 1902 ab
1302 1863 1377 1903 illis
1411 1869 1450 1903 te
1482 1865 1570 1913 ipse

329 1917 523 1965 diiungas.

407 1973 473 2010 VI.
522 1972 783 2021 Inspicere
827 1976 984 2011 autem
1029 1971 1317 2010 debebimus
1363 1972 1568 2020 primum

328 2027 692 2074 nosmetipsos,
728 2025 908 2065 deinde
945 2037 1018 2073 ea,
1057 2035 1184 2074 quae
1216 2026 1569 2073 adgrediemur

327 2080 545 2128 negotia,
584 2080 766 2120 deinde
802 2091 907 2128 eos,
943 2090 1145 2129 quorum
1176 2089 1328 2118 causa
1355 2086 1435 2118 aut
1462 2091 1566 2119 cum

329 2133 520 2181 quibus.

403 2188 528 2226 Ante
568 2189 730 2228 omnia
764 2190 791 2238 †
829 2187 1243 2229 considerandum
1278 2193 1371 2237 est,
1407 2194 1565 2227 utrum

327 2245 503 2279 natura
538 2247 620 2281 tua
654 2244 864 2291 agendis
898 2243 1047 2282 rebus
1087 2253 1142 2281 an
1188 2242 1354 2281 otioso
1391 2244 1563 2282 studio

327 2298 843 2347 contemplationique
869 2297 1031 2346 aptior
1057 2297 1140 2345 sit,
1167 2301 1212 2335 et
1239 2307 1294 2336 eo
1314 2296 1562 2337 inclinan-
