1624 2626
335 196 414 238 238
537 197 580 236 L.
607 195 794 235 ANNAEI
823 195 1046 235 SENECAE
1069 196 1201 235 DIAL.
1220 197 1302 236 XII.

336 297 437 346 Quid
465 296 573 345 quod
592 297 707 335 novis
727 295 857 334 verbis
875 305 949 334 nec
968 305 1018 333 ex
1034 294 1186 344 volgari
1204 299 1242 334 et
1260 295 1455 334 cotidiana
1473 306 1577 334 sum-

336 353 413 400 ptis
439 351 688 390 adlocutione
713 361 815 399 opus
843 355 926 390 erat
950 349 1096 389 homini
1122 351 1173 388 ad
1193 350 1459 389 consolandos
1480 361 1576 389 suos

334 417 385 445 ex
411 406 501 455 ipso
526 416 624 454 rogo
655 410 771 454 caput
799 405 1018 443 adlevanti?
1058 404 1184 443 omnis
1203 409 1332 442 autem
1351 405 1577 452 magnitudo

333 460 485 500 doloris
507 461 666 499 modum
696 459 922 498 excedentis
948 469 1114 498 necesse
1140 463 1200 497 est
1225 459 1416 497 delectum
1434 459 1576 498 verbo-

332 527 419 554 rum
438 515 588 563 eripiat,
609 525 696 553 curn
715 524 837 562 saepe
857 523 994 553 vocem
1011 523 1168 562 quoque
1186 513 1314 561 ipsam
1332 513 1576 552 intercludat.

292 571 314 605 4
333 571 553 618 Utcumque
576 568 752 608 connitur
769 579 848 606 non
868 568 1013 606 fiducia
1029 566 1184 616 ingenii,
1210 567 1282 606 sed
1303 568 1394 615 quia
1413 578 1576 615 possum

334 625 457 663 instar
483 623 781 662 efficacissimae
808 621 1090 661 consolationis
1118 632 1208 660 esse
1227 621 1315 669 ipse
1338 623 1575 660 consolator.

334 679 396 716 cui
420 677 513 716 nihil
542 688 729 726 negares,
763 677 854 715 huic
881 676 957 715 hoc
981 675 1117 725 utique
1142 682 1180 715 te
1207 687 1285 714 non
1306 686 1396 714 esse
1416 681 1576 724 negatu-

331 743 435 780 ram,
462 733 552 770 licet
570 732 696 770 omnis
716 741 873 770 moeror
891 736 1099 770 contumax
1118 731 1186 779 sit,
1206 740 1344 779 spero,
1363 734 1404 769 ut
1421 730 1576 769 deside-

330 787 389 825 rio
408 791 475 825 tuo
494 786 592 824 velis
613 797 636 824 a
653 795 715 823 me
734 786 891 824 modum
911 785 1039 829 statui.

298 848 315 880 1
410 841 456 878 II.
483 839 586 878 Vide
606 844 790 889 quantum
808 840 857 877 de
872 838 1110 888 indulgentia
1123 844 1190 878 tua
1206 838 1448 887 promiserim
1463 838 1576 876 mihi:

333 894 591 942 potentiorem
617 905 680 933 me
706 894 877 933 futurum
896 895 1003 942 apud
1021 899 1059 932 te
1077 905 1157 933 non
1177 893 1309 932 dubito
1331 903 1446 942 quam
1466 893 1574 932 dolo-

330 959 413 987 rem
431 953 556 996 tuum,
587 958 664 996 quo
685 949 779 986 nihil
799 953 859 987 est
877 948 984 996 apud
1003 947 1170 987 miseros
1190 947 1400 997 potentius.
1440 948 1575 995 Itaque

332 1012 381 1040 ne
408 1003 537 1041 statim
563 1013 651 1041 cum
670 1013 726 1042 .eo
754 1012 1001 1050 concurram,
1030 1003 1151 1041 adero
1177 1002 1285 1050 prius
1305 1002 1357 1040 illi
1377 1007 1414 1040 et
1433 1002 1576 1050 quibus

332 1057 521 1095 excitetur
539 1057 726 1104 ingeram.
764 1055 924 1095 omnia
942 1057 1192 1104 proferam
1213 1061 1258 1094 et
1275 1056 1574 1102 rescindam,

294 1114 316 1147 2
334 1121 462 1159 quae
490 1111 581 1148 iam
611 1111 830 1149 obducta
848 1115 973 1148 sunt.
1014 1110 1125 1149 Dicet
1143 1110 1304 1158 aliquis:
1337 1111 1478 1159 „quod
1500 1110 1576 1148 hoc

331 1175 455 1212 genus
477 1169 539 1203 est
557 1164 800 1211 consolandi,
821 1164 1023 1203 obliterata
1037 1166 1139 1202 mala
1152 1174 1340 1202 revocare
1356 1170 1394 1203 et
1407 1165 1576 1203 animum

330 1219 369 1256 in
391 1219 562 1258 omnium
580 1229 850 1256 aerumnarum
872 1229 1030 1256 suarum
1050 1223 1266 1266 conspectu
1285 1219 1492 1257 conlocare
1510 1220 1576 1256 vix

330 1273 446 1312 unius
467 1273 732 1321 patientem2“
759 1273 832 1312 sed
851 1273 884 1310 is
905 1273 1062 1320 cogitet,
1085 1282 1356 1320 quaecumque
1375 1283 1505 1321 usque
1527 1283 1576 1311 eo

330 1327 555 1375 perniciosa
579 1332 688 1374 sunt,
716 1332 759 1366 ut
779 1332 915 1365 contra
938 1325 1153 1365 remedium
1181 1328 1467 1374 convaluerint,
1495 1328 1575 1375 ple-

329 1392 495 1430 rumque
528 1382 731 1420 contrariis
759 1382 898 1420 curari.
941 1381 1066 1419 omnis
1094 1381 1225 1429 itaque
1243 1381 1370 1419 luctus
1394 1382 1447 1420 illi
1466 1392 1574 1426 suos,

332 1435 462 1474 omnia
478 1436 658 1484 lugubria
676 1436 915 1474 admovebo:
934 1435 1010 1474 hoc
1029 1435 1102 1474 erit
1119 1446 1196 1474 non
1218 1436 1323 1474 molli
1337 1436 1403 1474 via
1416 1435 1575 1482 mederi,

331 1491 403 1529 sed
424 1501 539 1529 urere
558 1500 604 1528 ac
624 1500 773 1529 secare.
804 1490 904 1537 Quid
923 1495 1170 1538 consequar?
1188 1495 1231 1528 ut
1247 1490 1392 1537 pudeat
1408 1490 1576 1528 anisnum

330 1549 387 1583 tot
404 1544 647 1583 miseriarum
667 1545 854 1583 victorem
873 1554 990 1592 aegre
1009 1546 1110 1582 ferre
1129 1555 1249 1582 unum
1267 1546 1413 1583 volnus
1432 1544 1471 1582 in
1491 1554 1576 1582 cor·

294 1601 428 1647 3pore
461 1604 539 1637 tam
573 1599 816 1638 cicatricoso.
856 1599 992 1637 Fleant
1023 1599 1154 1646 itaque
1182 1599 1325 1637 diutius
1350 1604 1387 1637 et
1407 1604 1574 1646 gemant,

331 1664 497 1702 quorum
525 1653 712 1691 delicatas
739 1656 889 1692 mentes
916 1653 1117 1691 enervavit
1142 1654 1260 1701 longa
1285 1653 1448 1691 ielicitas
1468 1657 1505 1690 et
1525 1653 1576 1691 ad

329 1707 615 1746 levissimarum
640 1707 864 1746 iniuriarum
889 1712 1018 1746 motus
1047 1708 1318 1746 conlabantur:
1346 1712 1385 1746 at
1411 1717 1575 1755 quorum

331 1773 470 1800 omnes
490 1762 581 1800 anni
602 1771 674 1809 per
694 1761 932 1801 calamitates
951 1762 1458 1810 transierunt„gravissima
1477 1773 1573 1810 quo·

331 1827 408 1863 que
434 1817 522 1855 sorti
550 1821 588 1855 et
613 1816 789 1855 inmobili
816 1817 1033 1856 constantia
1060 1817 1268 1864 perferant.
1310 1816 1439 1855 Unum
1457 1816 1575 1854 habet

330 1870 498 1909 adsidua
516 1871 719 1909 infelicitas
737 1870 904 1918 bonum,
925 1871 1033 1919 quod
1053 1882 1153 1918 quos
1172 1881 1328 1917 semper
1345 1876 1481 1917 vexat,
1505 1881 1573 1908 no-

289 1927 311 1961 4
328 1926 491 1963 vissime
510 1925 676 1964 indurat.
704 1925 856 1964 Nullam
873 1925 942 1964 tibi
961 1927 1116 1964 fortuna
1138 1925 1381 1963 vacationem
1396 1924 1516 1971 dedit,
1537 1930 1575 1962 et

329 1979 572 2026 gravissimis
602 1979 771 2018 luctibus
805 1990 855 2018 ne
887 1981 1054 2019 natalem
1080 1980 1236 2028 quidem
1261 1984 1370 2017 tuum
1398 1979 1573 2028 excepit=

329 2033 493 2072 amisisti
518 2038 678 2072 matrem
705 2035 832 2074 statim
858 2039 969 2083 nata,
995 2035 1110 2073 immo
1129 2034 1221 2072 dum
1241 2033 1436 2081 nasceris,
1463 2038 1502 2072 et
1523 2034 1574 2071 ad

327 2087 446 2126 vitam
473 2088 764 2136 quodammodo
797 2089 979 2137 exposita
1005 2099 1062 2128 es.
1104 2088 1266 2126 Crevisti
1289 2089 1362 2126 sub
1387 2098 1572 2126 noverca.

332 2151 449 2188 quam
468 2147 510 2181 tu
529 2143 686 2191 quidem
707 2144 811 2182 omni
831 2144 1023 2193 obsequio
1043 2146 1081 2181 et
1099 2142 1259 2190 pietate,
1289 2147 1432 2191 quanta
1450 2143 1513 2180 vel
1533 2141 1573 2180 in

330 2195 411 2232 filia
438 2197 614 2245 conspici
643 2203 788 2246 potest,
821 2203 981 2237 matrem
1007 2195 1092 2236 fieri
1112 2196 1287 2244 coegisti.
1331 2196 1425 2235 nulli
1443 2201 1573 2236 tamen

331 2259 411 2286 non
431 2260 571 2297 magno
592 2252 763 2291 constitit
781 2253 894 2291 etiam
912 2252 1015 2291 bona
1033 2261 1214 2290 noverca.
1249 2252 1495 2290 Avunculum
1515 2251 1571 2289 in-

333 2303 687 2355 dulgentissimum,
725 2307 912 2356 optimum
944 2316 989 2346 ac
1021 2305 1274 2345 fortissimum
1308 2306 1451 2354 virum,
1484 2315 1572 2344 cum
