1624 2626
314 180 366 221 56
687 182 731 220 L.
757 182 947 222 ANNAEI
978 183 1204 222 SENECAE

277 285 297 318 1
390 280 458 318 1V.
486 279 536 317 Et
553 284 595 318 ut
614 279 718 319 scias
739 279 1070 328 quemadmodum
1096 281 1282 330 incipiant
1308 282 1488 322 adfectus
1512 288 1578 324 aut

315 339 495 372 crescant
517 339 583 372 aut
602 333 823 380 efferantur,
845 338 906 372 est
923 333 1072 382 primus
1087 340 1216 374 motus
1235 347 1315 374 non
1335 337 1576 376 voluntarius

316 389 431 436 quasi
452 388 698 436 praeparatio
719 389 899 426 adfectus
920 393 958 426 et
977 390 1171 437 quaedam
1192 390 1454 430 comminatio.
1482 392 1579 430 alter

314 453 403 480 cum
423 444 622 481 voluntate
641 454 720 481 non
740 442 979 489 contumaci,
999 447 1197 490 tamquam
1218 449 1396 492 oporteat
1414 456 1475 484 me
1493 446 1579 484 vin-

314 496 455 545 dicari,
485 507 573 534 cum
599 497 732 535 laesus
761 497 854 543 sim,
883 501 948 534 aut
975 498 1283 545 oporteat,hunc
1302 509 1451 546 poenas
1471 500 1577 547 dare,

314 561 402 588 cum
430 552 562 589 scelus
591 551 738 589 fecerit.
774 551 911 589 tertius
936 556 1066 590 motus
1093 557 1154 590 est
1179 552 1255 590 iam
1274 553 1480 601 inpotens,
1512 555 1580 601 qui

314 616 392 644 non
414 605 449 643 si
469 610 644 653 oportet,
673 605 812 644 ulcisci
832 607 931 652 vult,
953 605 1025 643 sed
1045 606 1182 654 utique
1204 607 1270 655 qui
1288 609 1480 646 rationem
1500 608 1580 646 evi-

276 660 299 694 2
315 659 377 697 cit.
411 659 580 698 Primum
608 660 715 698 illum
742 659 859 698 animi
878 660 994 698 ictum
1017 661 1191 709 effugere
1210 662 1361 700 ratione
1384 673 1463 701 non
1484 673 1580 711 pos-

314 724 473 761 sumus,
502 714 604 752 sicut
630 724 681 752 ne
706 714 772 752 illa
801 714 1083 763 quidem-quae
1103 715 1273 754 diximus
1293 717 1474 755 accidere
1494 727 1579 756 cor-

312 767 500 816 poribus,
522 779 573 806 ne
593 778 666 806 nos
687 769 867 807 oscitatio
888 769 1015 807 aliena
1033 770 1234 818 sollicitet,
1259 781 1308 808 ne
1330 772 1432 809 oculi
1451 772 1502 810 ad
1521 771 1578 809 in-

312 823 565 861 tentationem
601 823 770 861 subitam
803 823 1010 871 digitorum
1045 824 1347 872 conprimantur.
1389 825 1465 864 ista
1500 836 1578 864 non

312 882 445 925 potest
470 877 569 915 ratio
598 878 777 923 vincere,
806 878 1051 916 consuetudo
1079 879 1249 918 fortasse
1268 884 1306 917 et
1325 879 1492 918 adsidua
1511 880 1578 918 ob-

313 931 485 969 servatio
507 936 703 970 extenuat.
745 932 856 971 Alter
882 932 947 972 ille
973 937 1103 972 motus
1132 934 1199 982 qui
1225 933 1370 973 iudicio
1393 935 1579 982 nascitur,

311 985 458 1024 iudicio
478 986 637 1024 tollitur.

274 1046 294 1078 1
388 1041 438 1077 V.
468 1040 567 1078 Illud
594 1041 815 1079 etiamnunc
843 1041 1112 1089 quaerendum
1141 1046 1220 1088 est,
1245 1041 1292 1080 hi
1321 1043 1403 1091 qui
1429 1044 1578 1091 volgo

314 1095 553 1133 saeviunt
571 1100 618 1133 et
637 1096 884 1143 sanguine
903 1096 1113 1135 humano
1137 1097 1378 1144 gaudent,
1398 1108 1455 1136 an
1482 1098 1577 1135 ira-

312 1154 534 1197 scantur,
556 1160 660 1188 cum
680 1160 766 1188 eos
788 1150 1042 1197 occidunt,
1072 1162 1095 1189 a
1115 1152 1297 1199 quibus
1324 1162 1411 1190 nec
1438 1162 1578 1190 acce-

313 1208 496 1251 perunt
525 1203 758 1243 iniuriam
792 1214 884 1242 nec
917 1206 1182 1254 accepisse
1216 1207 1359 1254 ipsos
1399 1206 1578 1244 existi-

274 1263 461 1297 2mant=
492 1259 618 1306 qualis
645 1259 717 1297 suit
742 1259 1013 1308 Apollodorus
1040 1265 1106 1299 aut
1130 1260 1318 1299 Phalaris.
1365 1261 1473 1299 Haec
1500 1271 1579 1299 non

313 1317 374 1350 est
392 1312 470 1360 ira,
491 1314 629 1351 feritas
647 1319 718 1352 est.
747 1325 827 1352 non
847 1314 949 1352 enim
970 1315 1062 1362 quia
1082 1315 1235 1362 accepit
1253 1315 1432 1353 iniuriam
1452 1319 1578 1363 nocet,

312 1367 386 1404 sed
406 1372 543 1415 parata
562 1373 639 1416 est,
668 1369 760 1406 dum
787 1373 946 1416 noceat,
970 1370 1071 1407 velle
1092 1370 1285 1417 accipere.
1324 1379 1398 1407 nec
1417 1368 1472 1407 illi
1490 1379 1578 1407 ver-

309 1420 406 1459 bera
431 1422 774 1472 lacerationesque
801 1422 840 1461 in
869 1423 1056 1462 ultionem
1076 1429 1281 1473 petuntur,
1309 1424 1382 1464 sed
1409 1424 1446 1462 in
1467 1425 1578 1462 volu-

273 1480 297 1515 3
309 1480 468 1523 ptatem.
499 1476 599 1523 Quid
619 1482 741 1525 ergo?
770 1477 880 1526 origo
900 1478 1015 1516 huius
1036 1478 1127 1516 mali
1145 1479 1195 1517 ab
1213 1479 1271 1517 ira
1290 1484 1369 1527 est,
1391 1489 1493 1527 quae
1511 1479 1576 1518 uhi

310 1531 506 1579 frequenti
526 1531 808 1570 exercitatione
828 1537 867 1570 et
886 1532 1063 1571 satietate
1090 1533 1129 1571 in
1150 1533 1389 1572 oblivionem
1410 1535 1576 1572 clemen-

309 1584 386 1622 tiae
405 1586 512 1624 venit
532 1590 570 1623 et
598 1597 714 1624 omne
734 1587 875 1625 foedus
895 1586 1109 1625 humanum
1132 1587 1246 1626 eiecit
1265 1589 1414 1635 animo,
1443 1588 1575 1627 novis-

310 1639 409 1677 sime
428 1639 467 1677 in
489 1641 755 1679 crudelitatem
775 1642 933 1680 transit:
960 1642 1089 1680 rident
1114 1641 1246 1690 itaque
1270 1643 1521 1690 gaudentque
1540 1648 1579 1680 et

309 1695 511 1742 voluptate
550 1695 671 1733 multa
703 1697 957 1744 perfruuntur
990 1697 1281 1745 plurimumque
1312 1697 1362 1735 ab
1392 1697 1577 1736 iratorum

272 1749 296 1783 4
310 1749 418 1787 voltu
437 1749 600 1797 absunt,
621 1760 692 1798 per
711 1751 833 1789 otium
853 1751 974 1789 saevi.
1010 1751 1269 1789 Hannibalem
1287 1752 1394 1790 aiunt
1413 1751 1575 1799 dixisse,

310 1813 400 1841 cum
420 1804 568 1842 fossam
587 1805 780 1852 sanguine
799 1806 969 1844 humano
991 1806 1146 1854 plenam
1165 1806 1349 1844 vidisset:
1377 1817 1399 1845 o
1422 1806 1576 1853 formo-

307 1869 393 1895 sum
419 1858 703 1906 spectaculum!
733 1860 884 1907 Quanto
914 1861 1118 1907 pulchrius
1145 1860 1198 1898 illi
1225 1861 1353 1898 visum
1380 1865 1507 1908 esset,
1540 1860 1575 1898 si

309 1910 455 1950 flumen
479 1911 639 1960 aliquod
658 1915 868 1962 lacumque
884 1916 1138 1963 conplesset?
1157 1914 1255 1961 Quid
1275 1915 1424 1962 mirum,
1445 1916 1478 1953 si
1497 1915 1575 1953 hoc

308 1966 478 2004 maxime
499 1969 724 2015 spectaculo
745 1968 899 2017 caperis
926 1969 1083 2008 innatus
1103 1968 1282 2016 sanguini
1304 1974 1342 2007 et
1363 1970 1411 2007 ab
1429 1970 1576 2008 infante

309 2021 496 2059 caedibus
513 2022 722 2066 admotus?
736 2028 926 2072 sequetur
940 2029 976 2062 te
987 2025 1146 2062 ¹fortuna
1163 2023 1380 2061 crudelitati
1397 2028 1487 2062 tuae
1505 2034 1577 2071 per

306 2073 445 2122 viginti
465 2086 591 2114 annos
612 2079 788 2116 secunda
808 2079 994 2126 dabitque
1014 2077 1137 2116 oculis
1159 2078 1235 2116 tuis
1255 2082 1406 2124 gratum
1426 2078 1575 2126 ubique

309 2131 590 2176 spectaculum.
627 2133 780 2171 videbis
807 2132 913 2171 istud
941 2137 980 2170 et
1005 2133 1108 2174 circa
1122 2132 1390 2171 Trasimenum
1410 2138 1449 2172 et
1469 2132 1575 2170 circa

271 2183 462 2222 5Cannas
492 2188 530 2222 et
563 2187 780 2226 novissime
808 2188 913 2225 circa
941 2186 1209 2234 Carthaginem
1237 2192 1356 2225 tuam.
1397 2188 1572 2225 Volesus

308 2248 436 2286 nuper
455 2238 529 2276 sub
550 2239 641 2277 divo
661 2244 841 2289 Augusto
861 2241 1075 2290 proconsul
1093 2241 1234 2287 Asiae,
1260 2252 1350 2279 cum
1373 2245 1572 2287 trecentos

307 2302 387 2332 uno
408 2292 473 2331 die
493 2294 623 2332 securi
642 2296 921 2344 percussisset,
942 2295 1131 2334 incedens
1151 2295 1252 2334 inter
1271 2296 1467 2335 cadavera
1485 2296 1570 2334 vol-

1616 2456 1624 2626 mg*
