1624 2626
111 163 180 203 AD
196 160 454 202 POLYBIUM
468 159 536 199 DE
551 156 943 199 CONSOLATIONE.
964 162 1120 199 14—16.
1132 159 1220 207 [35]
1247 154 1331 197 233

59 270 99 305 et
125 261 309 314 graviore
330 262 453 301 multo
483 261 604 300 animi
631 262 796 300 volnere
822 270 941 310 quam
970 253 1115 308 postea
1145 255 1333 308 corporis

57 321 157 359 ictus
171 323 252 358 est·
280 317 389 367 quod
405 322 617 365 utrumque
632 315 813 365 piissime
827 315 933 355 idem
946 319 986 354 et
998 314 1216 354 fortissime
1231 313 1332 354 tulit.

59 375 206 415 Caesar
219 378 386 423 patruus
401 383 515 412 meus
530 373 705 412 Drusum
717 371 1006 419 Germanicum,
1023 375 1177 420 patrem
1187 379 1330 417 meum,
1346 372 1370 407 5

58 431 250 470 minorem
271 433 387 476 natu,
420 439 539 478 quam
558 427 650 476 ipse
668 432 773 475 erat,
806 428 986 474 fratrem,
1014 426 1151 465 intima
1170 425 1333 464 Germa-

57 485 153 525 niae>
162 485 431 523 recludentem
447 488 486 523 et
500 488 639 532 gentes
657 482 928 522 ferocissimas
938 482 1119 522 Romano
1132 481 1334 520 subicien-

57 546 138 580 tem
156 540 322 589 imperio
337 539 378 578 in
395 540 597 588 conplexu
612 537 704 577 etin
722 538 871 578 osculis
887 536 1140 578 suisamisit:
1168 536 1334 575 modum

56 601 188 635 tamen
215 595 378 644 lugendi
402 606 483 634 non
511 594 588 634 sibi
615 598 784 641 tantum,
819 594 892 633 sed
919 593 1038 633 etiam
1065 592 1154 632 aliis
1174 591 1269 631 fecit
1286 601 1334 630 ac

56 657 181 692 totum
207 651 425 690 exercitum
451 661 531 689 non
552 650 682 688 solum
702 655 918 698 moestum,
947 649 1021 688 sed
1040 647 1158 688 etiam
1178 646 1333 686 adtoni-

57 713 141 747 tum
161 716 309 756 corpus
326 706 445 745 Drusi
465 706 528 744 sui
547 704 623 744 sibi
643 705 911 744 vindicantem
932 705 983 743 ad
997 714 1149 743 morem
1162 701 1334 742 Romani

58 763 188 802 luctus
207 760 364 810 redegit
381 761 652 809 iudicavitque
671 770 752 799 non
770 759 963 800 militandi
982 764 1134 799 tantum
1155 758 1333 807 discipli-

59 829 151 857 nam
170 827 265 856 esse
285 817 544 865 servandam,
571 816 645 855 sed
665 816 781 854 etiam
802 815 978 855 dolendi.
1026 815 1115 854 Non
1134 814 1336 864 potuisset

59 873 126 912 ille
152 872 337 912 lacrimas
365 871 526 911 alienas
547 881 821 921 conpescere,
853 871 931 911 nisi
965 870 1078 921 prius
1111 869 1336 920 pressisset

61 939 171 968 suas.

102 1005 105 1009 ν
140 984 215 1023 XV
217 984 246 1022 Ι.
274 987 363 1032 [35]
389 983 442 1022 M.
461 983 680 1030 Antonius,
702 993 802 1023 avus
822 993 957 1029 meus,
982 984 1091 1023 nullo
1110 982 1240 1020 minor
1257 978 1338 1020 nisi
1353 982 1373 1016 1

61 1050 132 1089 eo,
151 1050 176 1078 a
195 1050 275 1089 quo
296 1039 424 1078 victus
445 1044 526 1087 est,
546 1044 640 1079 tunc
660 1050 749 1078 cum
767 1038 1056 1087 rempublicam
1076 1037 1339 1077 constitueret

62 1101 102 1134 et
125 1094 358 1135 triumvirali
382 1099 595 1144 potestate·
610 1095 814 1144 praeditus
841 1093 938 1133 nihil
959 1104 1084 1143 snper
1103 1104 1150 1133 se
1170 1093 1336 1140 videret,

60 1150 242 1200 exceptis
271 1160 368 1190 vero
396 1150 555 1190 duobus
583 1151 748 1199 collegis
777 1150 910 1189 omnia
935 1149 1040 1189 infra
1068 1159 1114 1189 se
1141 1152 1334 1195 cerneret,

62 1207 222 1245 fratrem
239 1206 489 1245 interfectum
503 1206 665 1246 audivit.
705 1206 882 1246 Fortuna
897 1205 1106 1255 inpotens,
1128 1205 1269 1254 quales
1285 1214 1337 1242 ex
1352 1207 1376 1241 2

61 1261 245 1300 humanis
269 1262 385 1300 malis
414 1261 483 1300 tibi
511 1261 603 1310 ipsa
630 1262 751 1301 ludos
782 1261 904 1301 facis!
943 1272 992 1301 eo
1022 1261 1113 1310 ipso
1141 1266 1336 1309 tempore,

63 1328 143 1366 quo
162 1317 216 1355 M.
230 1317 430 1356 Antonius
450 1316 596 1363 civium
616 1329 781 1357 suorum
799 1317 905 1356 vitae
926 1317 1096 1356 sedebat
1116 1316 1338 1364 mortisque

61 1372 229 1420 arbiter,
267 1372 319 1410 Μ.
339 1372 501 1413 Antonii
521 1373 642 1412 frater
660 1373 753 1412 duci
772 1373 981 1412 iubebatur
1000 1373 1053 1411 ad
1072 1371 1337 1421 supplicium:

63 1428 150 1467 tulit
162 1428 240 1468 hoc
251 1433 381 1467 tamen
395 1433 475 1467 tam
489 1428 601 1467 triste
614 1430 760 1468 volnus
777 1429 917 1467 eadem
935 1427 1208 1477 magnitudine
1218 1424 1339 1465 animi

66 1482 132 1530 [M.
148 1483 362 1530 Antonius]
375 1513 385 1532 ,
412 1495 493 1532 qua
511 1485 643 1523 omnia
661 1485 739 1523 alia
757 1485 933 1523 adversa
950 1485 1194 1523 toleraverat
1207 1486 1246 1521 et
1259 1481 1339 1520 hoc

66 1538 138 1578 suit
163 1537 250 1577 eius
277 1540 414 1587 lugere
441 1539 580 1588 viginti
604 1540 806 1589 legionum
833 1539 1029 1589 sanguine
1057 1539 1167 1577 fratri
1194 1547 1338 1587 paren-

64 1600 163 1634 tare.
201 1593 284 1633 Sed
308 1599 352 1633 ut
381 1595 512 1634 omnia
539 1596 616 1634 alia
640 1597 827 1645 exempla
853 1601 1119 1645 praeteream,
1151 1593 1254 1633 utin
1274 1602 1378 1636 mes

67 1659 232 1699 quoque
258 1647 349 1698 ipso
378 1650 456 1688 alia
481 1654 634 1689 taceam
662 1652 822 1697 funera,
852 1651 916 1690 bis
943 1662 1008 1689 me
1035 1651 1211 1689 fraterno
1232 1650 1339 1687 luctu

66 1705 263 1753 adgressa
283 1705 442 1743 fortuna
460 1710 541 1754 est,
566 1706 630 1744 bis
649 1706 842 1745 intellexit
858 1707 963 1745 laedi
982 1717 1046 1745 me
1066 1716 1212 1755 posse,
1232 1703 1340 1743 vinci

66 1771 147 1800 non
166 1770 312 1823 posse.
348 1761 463 1799 amisi
484 1760 760 1800 Germanicum
783 1763 963 1810 fratrem,
993 1772 1113 1811 quem
1134 1759 1339 1810 quomodo

66 1815 301 1863 amaverim,
321 1815 510 1864 intellegit
530 1817 709 1865 profecto
731 1817 916 1867 quisquis
937 1818 1103 1866 cogitat,
1134 1815 1357 1865 quomodo

67 1881 166 1911 suos
186 1871 329 1910 fratres
351 1872 404 1920 pii
424 1872 564 1910 siatres
586 1877 730 1912 ament.
769 1874 828 1912 sic
847 1878 978 1913 tamen
994 1874 1192 1911 adfectum
1208 1881 1341 1910 meum

67 1925 175 1975 rexi,
201 1932 246 1966 ut
271 1937 346 1966 nec
372 1927 639 1976 relinquerem
659 1929 892 1978 quicquam,
921 1929 1030 1978 quod
1050 1928 1155 1976 exigi
1177 1926 1342 1966 deberet

67 1981 217 2022 abono
245 1982 385 2032 fratre,
413 1993 489 2022 nec
517 1983 708 2033 facerem,
739 1984 848 2034 quod
871 1983 1112 2034 reprehendi
1139 1986 1282 2063 posset
1299 1982 1339 2021 in

69 2037 291 2087 principef‘
1332 2063 1335 2064 ⁷

151 2093 262 2132 Haec
282 2103 377 2142 ergo
392 2099 496 2144 puta
513 2095 582 2135 tibi
603 2099 808 2144 parentem
826 2095 1027 2155 publicum
1042 2094 1192 2134 referre
1206 2103 1337 2133 exem-
1354 2102 1377 2137 4

71 2149 158 2198 pla,
185 2149 368 2188 eumdem
388 2151 623 2198 ostendere,
646 2162 764 2200 quam
784 2151 880 2189 mhll
896 2162 1056 2190 sacrum
1067 2150 1340 2199 intactumque

72 2204 124 2243 sit
143 2203 361 2253 Fortunae,
389 2218 493 2255 quae
521 2217 572 2245 ex
600 2207 658 2245 eis
679 2206 889 2255 penatibus
909 2217 1009 2246 ausa
1028 2211 1090 2245 est
1108 2206 1248 2245 funera
1266 2206 1339 2245 du-

74 2269 184 2307 cere,
210 2270 263 2298 ex
282 2260 428 2308 quibus
449 2267 534 2301 erat
553 2262 653 2301 deos
676 2262 858 2311 petitura.
891 2272 1008 2301 nemo
1028 2262 1161 2311 itaque
1171 2262 1341 2301 ⁴miretur

75 2314 224 2365 aliquid
242 2314 292 2355 ab
311 2315 379 2356 illa
397 2322 466 2358 aut
485 2318 695 2359 crudeliter
713 2317 800 2357 fieri
818 2321 886 2358 aut
903 2317 1052 2368 inique.
1087 2322 1222 2368 potest
1236 2317 1341 2358 enim
