1624 2626
337 143 408 184 AD
439 143 775 185 SERENUMDE
802 143 931 185 01'110.
956 149 1070 187 3-5.
1263 142 1345 187 167

62 254 241 289 naturam
259 246 416 286 vivere:
443 252 625 286 natura
652 258 745 286 nos
772 247 1125 298 ad-utrumque
1151 247 1342 296 genuit,

62 310 110 344 et
136 303 562 352 contemplationi
589 314 753 342 rerum
773 308 821 343 et
838 303 1042 343 actioni.
1097 307 1182 351 [32]
1210 303 1345 343 Nunc

52 362 266 411 primum
298 359 590 408 probemus,
637 359 771 408 quod
803 357 947 408 prius
981 359 1344 408 praediximus.

61 415 162 465 Quid
189 419 342 464 porro?
376 414 455 453 hoc
481 426 562 454 non
591 415 665 454 erit
685 415 921 463 probatum,
943 414 977 454 si
996 414 1345 464 se'unusquisque

59 471 323 517 consuluerit,
354 475 542 520 quantam
570 469 966 519 cupidinemhabeat
981 471 1119 520 ignota
1136 471 1343 518 noscendi,

60 538 179 576 quam
206 527 259 566 ad
285 527 414 566 omnis
443 527 600 565 fabulas
628 528 851 565 excitetur?
891 527 1088 575 Navigant
1117 526 1380 576 quidamet2

56 583 216 622 labores
236 582 571 632 peregrinationis
598 582 860 631 longissimae
883 593 964 622 una
989 582 1176 621 mercede
1199 593 1343 632 perpe-

55 639 204 678 tiuntur
231 638 508 687 cognoscendi
533 638 686 688 aliquid
714 638 890 677 abditum
915 642 1206 687 remotumque.
1242 638 1344 677 haec

54 705 123 734 res
142 695 195 733 ad
214 695 448 744 spectacula
467 694 643 743 populos
664 693 872 740 contrahit,
891 694 993 733 haec
1009 692 1116 742 cogit
1130 694 1344 743 praeclusa

54 750 200 797 rimari,
222 749 442 789 secretiora
459 750 684 798 exquirere,
706 749 960 798 antiquitates
981 750 1187 797 evolvere,
1208 760 1342 790 mores

54 806 314 845 barbararum
331 805 469 844 audire
489 806 678 854 gentium.
709 805 918 845 Curiosum
936 805 1054 844 nobis
1074 810 1216 844 natura
1233 806 1341 855 inge·
1355 806 1380 842 3

55 862 165 901 nium
194 861 305 900 dedit
335 866 376 900 et
404 861 501 900 artis
530 861 607 900 sibi
634 871 682 899 ac
713 859 1153 910 pulchritudinis'suae
1180 862 1344 901 conscia

57 922 308 967 spectatores
336 927 413 956 nos
441 917 561 956 tantis
591 927 725 956 rerum
750 915 996 965 spectaculis
1022 917 1175 966 genuit,
1209 917 1342 966 perdi-

54 978 144 1012 tura
163 973 333 1012 fructum
354 973 437 1019 sui,
461 973 497 1011 si
516 978 596 1011 tam
615 982 781 1020 magna,
805 977 882 1010 tam
902 973 1028 1020 clara,
1051 977 1128 1011 tam
1149 973 1344 1011 subtiliter

55 1029 195 1076 ducta,
227 1034 308 1067 tam
338 1028 464 1067 nitida
491 1032 530 1066 et
556 1039 637 1067 non
664 1038 746 1066 uno
765 1037 914 1076 genere
934 1028 1113 1067 formosa
1138 1027 1342 1068 solitudini

55 1084 297 1124 ostenderet.
334 1083 387 1122 Ut
406 1083 513 1122 scias
539 1083 646 1122 illam
665 1083 839 1131 spectari
857 1083 1057 1131 voluisse,
1090 1089 1205 1123 nont
1274 1089 1379 1124 um4

54 1139 231 1189 adspici‚
261 1139 355 1178 vide
381 1149 499 1188 quem
529 1139 647 1178 nobis
673 1139 805 1178 locum
832 1139 1006 1178 dederit:
1035 1139 1076 1178 in
1103 1138 1236 1178 media
1292 1150 1340 1178 os

53 1195 118 1235 sui
139 1199 251 1245 parte
266 1194 471 1234 constituit
486 1198 525 1233 et
541 1194 874 1243 circumspectum
891 1194 1067 1234 omnium
1083 1194 1200 1235 nobis
1216 1240 1234 1245 q
1270 1194 1340 1234 dit.

52 1262 128 1291 nec
148 1251 275 1290 erexit
293 1251 568 1290 tantummodo
589 1250 800 1299 hominem,
821 1250 896 1289 sed
916 1251 1033 1289 etiam
1051 1246 1231 1290 habilem
1245 1261 1340 1289 con-

51 1307 350 1357 templationem
370 1307 535 1354 factura,
557 1311 598 1345 ut
616 1307 667 1345 ab
687 1310 775 1345 ortu
794 1306 928 1345 sidera
943 1305 984 1345 in
1000 1317 1189 1346 occasum
1203 1306 1340 1345 laben-

51 1364 107 1403 tia
125 1363 319 1412 prosequi
342 1366 483 1412 posset
501 1367 540 1401 et
559 1363 710 1402 voltum
728 1373 845 1401 suum
865 1362 1119 1402 circumferre
1140 1373 1230 1401 cum
1242 1367 1340 1410 toto,

54 1419 225 1458 sublime
257 1418 351 1457 fecit
382 1418 437 1457 illi
465 1423 585 1467 caput
610 1423 649 1457 et
675 1418 779 1457 collo
807 1417 932 1457 flexili
964 1418 1156 1467 inposuit.
1194 1418 1341 1456 deinde

54 1484 154 1514 sena
172 1484 246 1523 per
264 1473 390 1521 diem,
420 1484 520 1513 sena
540 1484 612 1523 per
631 1478 790 1513 noctem
809 1473 926 1521 signa
943 1474 1172 1523 perducens
1192 1474 1340 1512 nullam

53 1539 134 1568 non
164 1530 318 1578 partem
345 1529 409 1568 sui
437 1530 648 1578 explicuit,
679 1534 724 1569 ut
746 1540 820 1578 per
845 1529 965 1579 haec,
999 1539 1104 1579 quae
1130 1529 1339 1576 obtulerat,

55 1584 185 1625 oculis
220 1585 307 1624 eius
343 1585 599 1634 cupiditatem
631 1587 782 1625 faceret
822 1585 940 1624 etiam
972 1590 1209 1624 ceterorum.
1257 1585 1376 1627 Nec5
1440 1594 1443 1598 ·

54 1641 160 1680 enim
192 1641 326 1679 omnia
357 1651 432 1679 nec
461 1645 569 1679 tanta
598 1641 765 1680 visimus
795 1646 944 1690 quanta
974 1646 1086 1690 sunt,
1123 1641 1198 1679 sed
1229 1639 1338 1679 acies

54 1702 194 1736 nostra
209 1696 339 1745 aperit
361 1695 439 1735 sibi
464 1696 731 1745 investigandi
756 1697 860 1735 viam
888 1702 928 1736 et
955 1697 1212 1736 fundamenta
1243 1705 1339 1734 vero

53 1751 167 1800 iacit,
193 1757 236 1791 ut
260 1750 466 1800 inquisitio
490 1755 667 1790 transeat
692 1761 744 1790 ex
769 1753 919 1801 apertis
946 1753 987 1790 in
1014 1752 1190 1792 obscura
1212 1756 1251 1791 et
1269 1751 1337 1790 ali-

55 1808 152 1858 quid
177 1806 268 1857 ipso
297 1807 446 1846 mundo
473 1807 647 1846 inveniat
671 1808 892 1857 antiquius,
925 1808 1034 1847 unde
1064 1808 1141 1847 ista
1176 1807 1338 1857 [sidera]

55 1863 238 1903 exierint.
277 1864 368 1912 quis
391 1862 507 1901 suerit
525 1863 702 1902 universi
721 1862 867 1912 status,
886 1869 1101 1913 antequam
1121 1863 1280 1911 singula
1297 1861 1338 1901 in

55 1923 191 1969 partes
211 1919 478 1958 discederent.
521 1929 625 1967 quae
649 1918 749 1958 ratio
769 1930 904 1958 mersa
924 1924 963 1958 et
982 1921 1152 1958 confusa
1171 1918 1338 1957 diduxe-

53 1976 116 2014 rit.
156 1975 247 2024 quis
274 1976 366 2014 loca
389 1975 511 2013 rebus
538 1974 819 2022 adsignaverit.
866 1978 1011 2023 suapte
1035 1979 1176 2013 natura
1201 1973 1339 2022 gravia

54 2030 347 2078 descenderint,
363 2028 611 2070 evolaverint
625 2029 741 2077 levia,
757 2041 807 2069 an
823 2035 981 2080 praeter
997 2030 1128 2068 nisum
1145 2030 1336 2078 [pondus]

55 2097 271 2135 corporum
289 2086 405 2125 altior
425 2086 559 2134 aliqua
579 2085 640 2124 vis
659 2086 788 2134 legem
807 2085 975 2134 singulis
995 2084 1150 2124 dixerit.
1170 2095 1221 2124 an
1239 2085 1337 2124 illud

54 2153 194 2182 verum
214 2141 278 2190 sit,
298 2152 379 2191 quo
400 2142 572 2180 maxime
593 2141 786 2190 probatur
804 2141 987 2181 homines
1008 2140 1130 2179 divini
1145 2150 1238 2180 esse
1252 2140 1335 2190 spi-

53 2197 174 2245 ritus,
209 2201 363 2247 partem
393 2208 441 2236 ac
466 2198 590 2236 veluti
618 2197 811 2236 scintillas
842 2197 1038 2246 quasdam
1066 2206 1270 2236 sacrorum
1296 2197 1336 2235 in

54 2257 200 2292 terram
230 2253 440 2292 resiluisse
473 2258 594 2302 atque
621 2253 751 2292 alieno
785 2253 877 2292 loco
910 2251 1106 2302 haesisse.
1143 2252 1372 2301 cogitatiofi

56 2312 194 2348 nostra
227 2309 330 2349 coeli
361 2309 604 2350 munimenta
634 2308 856 2360 perrumpit
885 2318 961 2348 nec
985 2304 1170 2350 contenta
1194 2314 1256 2349 est
1281 2308 1334 2356 id,
