1624 2626
272 115 338 154 DE
357 110 796 161 TRANQUILLITATE
815 111 976 150 ANIMI.
1005 117 1040 152 2.
1059 116 1094 152 3.
1241 110 1324 155 177

40 217 210 268 luptatiS‚
230 226 306 255 nec
325 219 487 255 nostrae
505 223 582 252 nec
600 212 720 252 ullius
741 211 800 252 rei
827 212 990 253 diutius.
1023 212 1102 252 hoc
1123 213 1322 263 quosdam

39 275 119 324 egit
136 273 186 312 ad
204 277 381 318 mortem,
405 269 516 319 quod
533 269 745 318 proposita
765 278 888 318 saepe
907 269 1098 308 mutando
1118 268 1160 309 in
1179 270 1322 310 eadem

37 328 343 369 revolvebantur
375 330 415 364 et
440 336 521 364 non
555 325 798 374 reliquerant
826 323 990 364 novitati
1019 325 1166 364 locum.
1211 326 1322 365 fasti-

40 386 104 424 dio
123 393 217 422 esse
242 383 321 421 illis
349 382 484 430 coepit
508 380 590 420 vita
616 385 656 418 et
681 381 770 430 ipse
797 381 991 430 mundus,
1020 385 1059 419 et
1086 382 1193 421 subit
1223 382 1321 421 illud

38 439 263 479 rabidarum
284 437 538 477 deliciarum:
570 447 735 485 quous
750 446 843 485 que
870 437 1071 476 eadem?

120 494 187 534 ΙΙΙ.
210 493 474 533 Adversus
500 491 595 531 hoc
625 491 845 531 taedium
873 503 970 541 quo
997 491 1199 531 auxilio
1228 502 1358 541 pu—1

36 558 130 591 tem
155 549 394 590 utendum
424 547 648 597 quaeris.
686 547 913 596 „Optimum
932 552 1036 596 erat,
1064 552 1108 587 ut
1127 548 1182 587 ait
1200 547 1322 588 Athe—

36 606 236 652 nodorus,
266 605 423 644 actione
442 614 576 643 rerum
599 608 639 642 et
655 603 901 652 reipublicae
922 604 1156 643 tractatione
1175 608 1215 643 et
1235 604 1322 644 offi—

37 663 110 701 ciis
145 661 327 700 civilibus
361 670 408 699 se
442 660 633 698 detinere.
685 669 776 697 nam
808 664 853 698 ut
886 659 1046 708 quidam
1082 660 1170 699 sole
1202 663 1324 709 atque

36 717 321 756 exercitatione
354 720 394 754 et
423 726 521 754 cura
548 715 733 763 corporis
773 714 878 753 diem
906 715 1057 754 ducunt
1082 715 1324 764 athletisque

35 773 157 822 longe
183 772 438 811 utilissimum
472 775 535 810 est
574 771 747 810 lacertos
781 781 880 810 suos
913 770 1142 820 roburque,
1181 770 1246 810 cui
1278 782 1324 810 se

36 829 106 868 uni
126 828 378 874 dicaverunt,
406 826 558 865 maiore
586 826 779 875 temporis
799 831 912 874 parte
931 828 1101 866 nutrire:
1129 826 1184 866 ita
1204 827 1324 866 vobis

0 881 3 925 ἰ
36 883 211 922 animum
229 883 282 922 ad
301 893 436 922 rerum
463 881 635 921 civilium
664 886 864 920 certamen
883 882 1118 931 parantibus
1138 883 1176 921 in
1199 892 1325 931 opere

0 944 2 988 ι
37 950 131 978 esse
151 939 263 988 [non]
291 940 411 986 longe
438 937 749 987 pulcherrimum
771 941 846 976 est.
884 948 975 976 nam
1005 948 1096 977 cum
1123 937 1257 977 utilem
1278 948 1326 977 se

0 990 1 1018 t
37 996 199 1034 efficere
228 994 383 1033 civibus
411 992 724 1042 mortalibusque
744 993 994 1041 propositum
1012 992 1177 1042 habeat,
1206 992 1324 1032 simul

37 1056 76 1090 et
96 1055 305 1090 exercetur
332 1054 371 1088 et
395 1049 572 1098 proficit,
603 1048 672 1097 qui
699 1048 736 1086 in
765 1048 908 1087 mediis
938 1059 984 1087 se
1015 1049 1160 1088 officiis
1188 1049 1325 1098 posuit

37 1106 265 1145 communia
297 1105 536 1155 privataque
569 1115 644 1153 pro
673 1104 858 1143 facultate
896 1103 1193 1144 administrans.
1243 1104 1362 1146 Sed2

38 1161 134 1211 quia
152 1161 193 1200 in
213 1161 308 1209 hac,
338 1161 486 1210 inquit,
514 1165 594 1199 tam
623 1158 767 1199 insana
792 1159 996 1199 hominum
1023 1160 1239 1200 ambitione
1266 1165 1325 1200 tot

38 1217 389 1257 calumniatoribus
427 1216 467 1255 in
501 1215 677 1255 deterius
718 1220 828 1255 recta
868 1216 1149 1265 torquentibus
1182 1226 1324 1266 parum

37 1277 121 1312 tuta
146 1273 378 1321 simplicitas
406 1276 469 1311 est
501 1276 540 1310 et
571 1272 663 1320 plus
696 1272 869 1311 futurum
903 1282 1064 1321 semper
1097 1277 1178 1320 est,
1212 1271 1325 1321 quod

40 1328 174 1367 obstet
203 1339 323 1377 quam
351 1327 461 1378 quod
486 1327 698 1375 succedat,
734 1337 760 1366 a
785 1327 874 1367 foro
902 1328 1064 1376 quidem
1093 1332 1132 1366 et
1158 1327 1323 1376 publico

39 1383 310 1423 recedendum
335 1388 416 1430 est,
447 1384 521 1422 sed
540 1383 679 1431 habet,
705 1382 774 1423 ubi
794 1393 840 1422 se
859 1383 977 1422 etiam
997 1384 1036 1422 in
1058 1383 1214 1432 privato
1231 1384 1324 1421 laxe

40 1438 215 1488 explicet
239 1449 407 1488 magnus
434 1439 603 1478 animus.
649 1449 726 1477 nec
750 1443 794 1478 ut
823 1439 985 1479 leonum
1014 1438 1324 1487 animaliumque

40 1494 201 1544 inpetus
224 1495 358 1533 caveis
374 1499 593 1542 coercetur,
613 1494 672 1533 sic
695 1494 910 1543 hominum,
932 1506 1102 1544 quorum
1126 1495 1324 1538 maximae

39 1550 80 1589 in
101 1549 269 1589 seducto
290 1549 469 1589 actiones
490 1553 594 1588 sunt.
625 1550 683 1589 lta
701 1555 834 1589 tamen
854 1551 1063 1598 delituerit,
1082 1555 1126 1590 ut
1143 1550 1321 1589 ubicum-
1337 1555 1361 1592 3

41 1616 122 1654 que
154 1606 278 1644 otium
309 1616 426 1644 suum
460 1604 737 1652 absconderit,
779 1606 978 1654 prodesse
1015 1605 1112 1645 velit
1153 1605 1322 1654 singulis

39 1660 323 1709 universisque
336 1658 519 1710 ingenio,
544 1670 666 1706 voce,
696 1661 878 1701 consilio.
917 1672 992 1700 nec
1020 1661 1124 1700 enim
1151 1662 1187 1700 is
1208 1662 1322 1700 solus

40 1715 284 1766 reipublicae
305 1717 483 1765 prodest,
504 1715 573 1764 qui
593 1716 827 1755 candidatos
842 1717 1012 1756 extrahit
1028 1722 1067 1756 et
1082 1721 1213 1756 tuetur
1226 1727 1322 1755 reos

41 1772 150 1811 etde
168 1782 270 1821 pace
289 1772 478 1820 belloque
498 1775 654 1819 censet,
682 1772 756 1810 sed
778 1772 845 1820 qui
869 1772 1111 1812 iuventutem
1135 1772 1322 1811 exhorta-

40 1833 122 1874 tur,
151 1827 219 1877 qui
238 1828 278 1866 in
297 1833 405 1866 tanta
425 1827 623 1866 bonorum
646 1832 950 1876 praeceptorum
976 1828 1112 1876 inopia
1137 1828 1322 1866 virtutem

41 1882 206 1924 instillat
243 1883 405 1931 animis,
449 1882 518 1931 qui
559 1882 610 1921 ad
643 1882 854 1930 pecuniam
885 1883 1164 1931 luxuriamque
1200 1893 1323 1921 cursu

41 1939 194 1978 ruentis
214 1943 378 1987 prensat
402 1948 450 1977 ac
468 1937 634 1976 retrahit
651 1942 709 1985 et,
737 1938 771 1976 si
791 1938 886 1977 nihil
905 1938 1034 1985 aliud,
1065 1942 1172 1976 certe
1191 1948 1320 1977 mora-

42 1999 117 2042 tur,
133 1994 173 2033 in
194 1994 349 2043 privato
370 1994 573 2043 publicum
591 1993 793 2041 negotium
812 1994 905 2042 agit.
929 1996 992 2033 An
1013 1994 1078 2032 ille
1098 1994 1189 2042 plus
1204 2003 1320 2042 prae·
1335 1998 1359 2034 4

45 2054 140 2097 stat,
171 2050 238 2098 qui
263 2049 365 2088 inter
390 2050 624 2099 peregrinos
652 2052 691 2087 et
719 2048 830 2088 cives
860 2054 928 2088 aut
953 2049 1132 2088 urbanus
1159 2053 1320 2098 praetor

45 2104 282 2144 adeunthus
301 2105 532 2144 adsessoris
549 2104 675 2143 verba
701 2105 948 2152 pronuntiat,
981 2115 1101 2153 quam
1130 2104 1198 2153 qui
1222 2105 1322 2154 quid

47 2158 99 2199 sit
122 2160 292 2207 iustitia,
321 2160 420 2209 quid
449 2160 599 2209 pietas,
630 2159 726 2208 quid
755 2159 963 2208 patientia,
991 2159 1089 2208 quid
1117 2159 1320 2207 fortitudo,

52 2213 147 2262 quid
164 2215 303 2255 mortis
324 2220 594 2265 contemptus,
621 2215 718 2264 quid
739 2213 905 2254 deorum
925 2214 1166 2264 intellectus,
1193 2226 1321 2266 quan-

51 2275 206 2319 tumque
222 2272 456 2312 adiutorium
475 2272 677 2312 hominum
697 2271 747 2310 sit
766 2270 874 2310 bona
901 2271 1171 2311 conscientia?
1212 2272 1318 2320 Ergo
1335 2278 1356 2310 5

111 2338 242 2364 senc).
260 2339 350 2364 mm..
369 2329 395 2365 1.
1061 2332 1105 2367 12
