1624 2626
0 0 283 58 wi

309 185 391 226 220
534 185 578 223 L.
605 185 797 225 ANNAEI
826 186 1053 226 SENECAE
1082 187 1215 229 DIAL.
1243 186 1309 226 XI.

1619 247 1624 261 i

312 295 358 323 se
384 283 612 322 vindicaret.
650 283 838 332 quamdiu
866 284 981 323 suerit
998 285 1102 324 ullus
1122 286 1242 325 literis
1261 286 1408 333 honor,
1438 295 1573 334 quam·
1610 272 1624 334 '7

312 340 381 377 diu
400 338 550 378 steterit
568 343 636 376 aut
653 338 815 376 Latinae
835 339 992 386 linguae
1013 340 1188 388 potentia
1209 346 1276 379 aut
1293 341 1465 379 Graecae
1485 351 1573 388 gra·
1622 338 1624 361 ³

315 394 387 440 tia,
411 393 560 441 vigebit
587 403 676 431 cum
702 392 883 431 maximis
912 393 1026 441 viris,
1054 405 1221 442 quorum
1252 405 1296 433 se
1323 395 1491 443 ingeniis
1513 395 1575 432 vel
1623 418 1624 423 =

314 447 477 486 contulit
508 448 594 494 vel,
628 447 663 485 si
690 446 768 485 hoc
797 448 1038 486 verecundia
1064 449 1150 487 eius
1171 454 1346 496 recusat,
1375 449 1576 498 adplicuit.

278 503 400 552 7[22.]
430 502 516 540 Hoc
548 512 642 549 ergo
669 512 789 540 unum
817 501 1071 550 excogitasti,
1101 504 1303 565 quomodo
1331 504 1500 542 maxime
1521 503 1575 540 illi

317 567 461 604 posses
481 566 639 595 nocere.
667 567 746 603 quo
767 556 906 595 melior
925 557 1026 594 enim
1043 562 1104 596 est
1119 558 1302 606 quisque,
1324 557 1400 595 hoc
1416 557 1577 619 saepius

315 612 419 649 ferre
437 615 475 649 te
495 611 703 649 consuevit
721 611 808 648 sine
826 611 907 650 ulio
927 611 1083 650 delectu
1103 612 1296 650 furentem
1317 617 1355 650 et
1374 612 1496 650 inter
1489 623 1578 660 ipsa

256 699 258 701 ,
314 664 511 704 beneficia
537 665 800 703 metuendam.
841 665 1076 712 Quantulum
1105 671 1188 705 erat
1212 666 1280 705 tibi
1308 667 1506 705 inmunem
1528 666 1577 704 ab

315 719 415 758 hac'
406 720 545 758 miuria
561 724 764 768 praestare
779 730 868 758 eum
883 720 1092 768 hominem,
1108 721 1146 759 in
1163 732 1280 769 quem
1297 720 1527 759 videbatur
1517 731 1575 759 ιη-

317 774 518 822 dulgentia
537 779 603 813 tua
622 774 775 812 ratione
795 780 904 813 certa
919 776 1154 824 pervenisse
1171 780 1210 814 et
1224 786 1303 814 non
1319 785 1369 814 ex
1384 780 1452 814 tuo
1468 784 1579 813 more

317 834 464 868 temere
485 828 738 867 incidisse⁴3“

280 892 297 924 1
400 883 465 921 ΙΙΙ.
494 883 744 930 AdiciamuS‚
773 881 807 921 si
826 883 907 930 vis,
928 883 981 921 ad
998 883 1072 922 has
1094 885 1277 932 querelas
1298 884 1424 932 ipsius
1445 882 1578 921 adule-

319 937 469 976 scentis
498 938 757 985 interceptam
778 938 878 975 inter
899 938 1024 986 prima
1044 939 1283 976 incrementa
1301 938 1493 977 indolemz
1522 938 1580 975 di-

318 1003 420 1040 gnus
443 992 514 1031 suit
532 992 597 1030 ille
615 996 654 1030 te
675 993 806 1030 fratre.
843 996 885 1030 tu
903 998 1009 1031 certe
1029 1003 1118 1031 eras
1140 993 1415 1041 dignissimus,
1445 991 1510 1041 qui
1530 1001 1580 1028 ne

319 1057 370 1084 ex
390 1047 552 1094 indigno
573 1046 730 1094 quidem
753 1047 966 1094 quicquam
986 1048 1144 1086 doleres
1165 1049 1304 1086 fratre:
1330 1047 1509 1086 redditur
1527 1045 1581 1083 illi

319 1101 588 1140 testimonium
617 1101 784 1147 aequale
812 1102 984 1139 omnium
1012 1101 1225 1140 hominum.
1267 1102 1516 1140 desideratur
1541 1100 1581 1138 in

279 1161 301 1194 2
322 1161 431 1194 tuum
449 1155 642 1193 honorem
656 1183 666 1201 ,
687 1155 868 1193 laudatur
885 1155 923 1193 in
944 1166 1071 1193 suum.
1101 1156 1202 1194 Nihil
1223 1159 1261 1194 in
1282 1156 1347 1194 illo
1370 1156 1451 1203 fuit,
1472 1154 1581 1202 quod

322 1220 401 1248 non
434 1209 600 1248 libenter
625 1219 882 1256 agnosceres.
919 1214 961 1247 tu
989 1211 1148 1258 quidem
1174 1210 1289 1248 etiam
1318 1210 1446 1248 minus
1474 1210 1580 1248 bono

322 1264 430 1302 fratri
451 1263 597 1302 fuisses
616 1263 759 1309 bonus,
781 1264 852 1301 sed
874 1264 912 1301 in
931 1265 997 1302 illo
1016 1264 1141 1312 pietas
1158 1270 1225 1303 tua
1240 1264 1452 1302 indoneam
1466 1269 1583 1302 nacta

321 1317 523 1357 materiam
543 1319 664 1357 multo
681 1328 725 1356 se
741 1317 902 1356 liberius
918 1320 1105 1356 exercuit.
1134 1329 1249 1357 nemo
1269 1320 1481 1367 potentiam
1497 1318 1583 1356 eius

322 1373 466 1412 iniuria
492 1372 636 1419 sensit,
663 1383 878 1420 numquam
904 1373 969 1411 ille
996 1378 1035 1411 te
1054 1375 1212 1411 fratrem
1232 1375 1299 1411 ulli
1320 1374 1489 1412 minatus
1509 1379 1582 1411 est.

323 1427 376 1466 ad
395 1428 620 1475 exemplum
641 1437 686 1464 se
701 1426 922 1466 modestiae
936 1433 1027 1466 tuae
1043 1428 1281 1466 formaverat
1295 1427 1583 1476 cogitabatque,

326 1487 512 1529 quantum
537 1485 606 1529 [tu]
630 1487 669 1520 et
697 1487 966 1520 ornamentum
986 1488 1142 1521 tuorum
1161 1492 1275 1520 esses
1296 1487 1335 1521 et
1353 1493 1476 1520 onus:
1503 1482 1584 1519 suf-

286 1545 308 1579 3
326 1537 416 1575 fecit
435 1537 500 1575 ille
519 1536 612 1574 huic
634 1536 826 1574 sarcinae.
857 1536 886 1575 Ο
908 1537 1008 1575 dura
1024 1537 1100 1575 fata
1120 1542 1158 1575 et
1176 1538 1294 1576 nullis
1318 1547 1447 1585 aequa
1465 1536 1585 1574 virtu—

324 1590 450 1629 tibus!
492 1595 703 1639 antequam
743 1591 966 1629 felicitatem
1005 1602 1117 1630 suam
1146 1598 1286 1630 nosset
1320 1593 1438 1630 frater
1471 1596 1585 1637 tuus,

326 1650 535 1694 exemptus
556 1650 628 1684 est.
663 1644 804 1683 Parum
823 1650 953 1684 autem
973 1656 1037 1684 me
1056 1646 1251 1694 indignari
1272 1646 1368 1684 scio.
1412 1645 1507 1684 nihil
1526 1649 1587 1682 est

326 1699 430 1737 enim
458 1699 658 1738 difficilius
680 1710 797 1748 quam
819 1710 960 1748 magno
981 1701 1109 1738 dolori
1131 1700 1241 1748 paria
1259 1700 1382 1738 verba
1397 1699 1586 1747 reperire.

326 1753 547 1793 etiamnunc
574 1759 723 1800 tamen,
751 1753 787 1792 si
815 1754 910 1802 quid
934 1755 1128 1803 proficere
1148 1765 1382 1803 possumus,
1412 1763 1587 1801 conque-

290 1813 312 1845 4
329 1819 477 1846 ramum
510 1808 646 1856 „Quid
677 1808 746 1847 tibi
774 1809 952 1856 voluisti,
983 1815 1063 1847 tam
1089 1809 1232 1847 iniusta
1259 1813 1297 1846 et
1318 1813 1397 1846 tam
1417 1808 1589 1846 violenta

329 1864 511 1901 fortuna?
529 1867 606 1901 tam
628 1863 705 1901 cito
719 1867 758 1901 te
772 1863 1038 1911 indulgentiae
1053 1869 1144 1902 tuae
1160 1862 1375 1912 poenituit?
1395 1873 1498 1910 quae
1512 1861 1590 1900 ista

330 1917 541 1956 crudelitas
568 1922 657 1956 est?
685 1917 725 1955 in
751 1918 904 1956 medios
934 1919 1073 1956 fratres
1101 1918 1274 1965 inpetum
1304 1918 1435 1956 facere
1454 1921 1588 1955 ettam

272 1977 274 1980 ’
330 1977 493 2010 cruenta
517 1971 658 2020 rapina
685 1972 1041 2010 concordissimam
1067 1973 1218 2010 turbam
1238 1971 1474 2018 inminuere,
1511 1976 1586 2008 tam

329 2026 432 2063 bene
452 2026 635 2074 stipatam
656 2026 893 2074 optimorum
909 2026 1219 2065 adulescentium
1236 2026 1407 2072 domum,
1427 2026 1465 2063 in
1481 2024 1588 2062 nullo

331 2079 449 2117 fratre
477 2081 800 2128 degenerantem,
827 2081 987 2120 turbare
1014 2085 1053 2119 et
1071 2081 1156 2119 sine
1173 2081 1253 2118 ulla
1272 2090 1395 2119 causa
1414 2078 1590 2118 delibare

295 2140 317 2172 5
333 2133 518 2172 voluisti?
552 2135 655 2173 Nihil
673 2145 768 2183 ergo
790 2136 955 2183 prodest
972 2133 1195 2174 innocentia
1215 2134 1265 2172 ad
1288 2144 1442 2172 ornnem
1462 2134 1590 2180 legem

333 2192 491 2234 exacta,
522 2188 617 2227 nihil
644 2190 807 2239 antiqua
834 2190 1056 2238 frugalitas,
1084 2188 1180 2226 nihit
1199 2188 1393 2227 felicitatis
1413 2198 1591 2226 summae

334 2243 528 2290 potentia,
549 2245 701 2282 summa
719 2250 955 2283 conservata
971 2242 1203 2283 abstinentia
1215 2273 1224 2289 ,
1244 2243 1338 2281 nihil
1358 2243 1536 2281 sincerus
1552 2247 1592 2280 et

333 2301 440 2336 tutus
466 2297 663 2336 literarum
691 2309 820 2348 amor,
851 2299 947 2337 nibil
973 2298 1022 2337 ab
1050 2297 1155 2336 omni
1176 2298 1264 2336 labe
1284 2308 1395 2337 mens
1416 2301 1592 2336 vacans?
