1624 2626
96 154 730 205 CONTUMELIAM5ACCIPERE
753 153 1053 194 SAPIENTEM.
1079 152 1275 192 VII—IX.
1303 151 1359 192 25

68 269 184 299 suum
205 258 365 298 fortuna
385 255 603 305 consumit,
637 267 769 306 aequo
791 256 1035 306 placidoque
1054 257 1188 296 animo
1210 255 1359 306 accipi·

66 326 155 354 mus
176 318 216 353 et
237 313 388 354 scimus
408 318 575 361 mortem
595 313 744 352 malum
762 324 843 352 non
863 323 977 361 esse,
1013 313 1066 352 ob
1086 312 1165 353 hoc
1185 323 1238 352 ne
1257 312 1359 353 iniu-

65 371 166 411 riam
199 370 382 420 quidem:
417 371 540 409 multo
571 369 726 408 facilius
755 369 832 408 alia
857 368 1119 408 tolerabimus
1147 369 1295 408 damna
1321 372 1362 408 et

66 428 242 474 dolores,
277 425 528 475 ignominias,
567 426 750 465 locorum
770 426 1114 473 commutationes,
1154 425 1359 471 orbitates,

66 482 249 530 discidia,
269 492 375 531 quae
394 482 628 531 sapientem,
646 481 763 520 etiam
780 481 816 520 si
830 481 1020 520 universa
1036 480 1374 528 circumveniant,-

65 550 146 578 non
166 542 366 587 mergunt,
387 539 536 577 nedum
554 543 598 577 ut
617 539 667 576 ad
690 537 939 587 singulorum
958 537 1146 586 inpulsus
1166 541 1360 576 moereat.

64 595 115 635 Et
132 595 168 634 si
188 595 370 634 fortunae
390 594 556 633 iniurias
575 594 782 633 moderate
801 594 887 642 sert,
916 598 1065 643 quanto
1087 593 1214 642 magis
1235 591 1361 633 homi-

67 663 161 691 num
182 650 415 699 potentium,
439 661 542 699 quos
564 650 640 689 scit
659 651 844 689 fortunae
865 661 1007 688 manus
1032 653 1154 688 esse?

148 707 214 746 IX.
258 705 399 745 Omnia
418 706 554 755 itaque
579 706 638 745 sic
659 705 804 755 patitur
822 711 865 746 ut
886 705 1029 745 hIemis
1051 706 1225 754 rigorem
1246 709 1284 744 et
1304 704 1360 743 in·
1383 715 1403 749 1

66 762 370 812 temperantiam
386 763 500 810 coeli,
521 767 564 801 ut
584 763 766 803 fervores
785 762 1035 811 morbosque
1059 766 1098 800 et
1112 766 1246 800 cetera
1260 762 1362 800 forte

67 819 307 866 accidentia,
341 829 417 857 nec
445 818 496 856 de
526 829 732 867 quoquam
758 823 838 858 tam
858 818 962 856 bene
982 818 1151 864 iudicat,
1190 823 1234 856 ut
1252 818 1361 856 ilium

70 875 288 924 quicquam
316 878 428 923 putet
454 874 623 913 consilio
652 873 820 922 secisse,
862 874 972 923 quod
999 874 1038 912 in
1067 884 1150 913 uno
1179 873 1363 922 sapiente

69 935 142 970 est.
172 931 342 970 aliorum
361 930 537 971 omnium
557 941 637 969 non
660 929 842 978 consilia,
859 930 934 969 sed
949 929 1113 968 fraudes
1134 934 1173 969 et
1191 928 1364 968 insidiae

68 992 108 1026 et
127 991 261 1027 motus
281 985 504 1025 animorum
519 985 712 1024 inconditi
733 990 836 1033 sunt,
864 996 969 1034 quos
990 985 1152 1024 casibus
1170 985 1364 1024 adnume-

67 1047 140 1082 rat.
188 1052 306 1082 omne
340 1047 488 1085 autem,
507 1041 711 1081 fortuitum
745 1041 853 1080 circa
880 1051 956 1080 nos
977 1041 1106 1081 saevit
1125 1045 1165 1080 et
1190 1040 1230 1080 in
1256 1040 1363 1080 vitia.

68 1098 169 1139 lilud
196 1107 361 1147 quoque
388 1096 553 1146 cogitat,
587 1096 821 1136 iniuriarum
850 1097 1046 1136 latissime
1075 1102 1215 1146 patere
1241 1101 1363 1136 mate·
1385 1102 1407 1135 2

67 1154 166 1192 riam
185 1153 275 1201 iilis,
297 1163 370 1202 per
390 1164 496 1202 quae
515 1153 734 1202 periculum
753 1153 870 1192 nobis
893 1153 1121 1202 quaesitum
1141 1157 1215 1200 est,
1234 1157 1280 1192 ut
1297 1162 1364 1191 ac·

67 1214 254 1249 cusatore
281 1209 486 1248 submisso
514 1214 582 1248 aut
608 1209 883 1248 criminatione
911 1209 1014 1248 falsa
1042 1214 1111 1248 aut
1136 1209 1305 1248 inritatis
1325 1208 1363 1247 in

68 1277 145 1305 nos
174 1265 442 1314 potentiorum
470 1265 667 1313 motibus,
703 1275 893 1314 quaeque
913 1265 991 1304 alia
1010 1265 1113 1304 inter
1131 1270 1292 1313 togatos
1309 1265 1364 1303 la-

66 1321 235 1361 trocinia
253 1326 358 1360 sunt.
407 1326 471 1360 est
489 1326 527 1360 et
561 1320 629 1359 iila
647 1321 792 1359 iniuria
811 1322 1025 1370 frequens,
1056 1321 1091 1359 si
1120 1322 1275 1360 lucrum
1295 1320 1364 1359 ali-

69 1378 184 1417 cuius
204 1388 422 1416 excussum
439 1382 502 1416 est
521 1382 589 1416 aut
611 1377 828 1426 praemium
850 1377 919 1416 diu
936 1381 1150 1426 captatum,
1167 1376 1202 1415 si
1218 1387 1364 1426 magno

69 1433 206 1472 labore
224 1432 425 1472 adfectata
443 1433 646 1472 hereditas
667 1443 814 1472 aversa
834 1438 897 1472 est
923 1438 963 1472 et
990 1438 1264 1482 quaestuosae
1292 1433 1363 1471 do-

69 1499 159 1527 mus
177 1489 303 1536 gratia
322 1493 480 1538 erepta:
510 1489 611 1528 haec
632 1488 770 1538 effugit
793 1489 970 1539 sapiens,
992 1489 1060 1538 qui
1079 1488 1210 1527 nescit
1229 1498 1305 1527 nec
1325 1489 1363 1526 in

70 1554 187 1593 spem
207 1553 281 1583 nec
300 1544 339 1582 in
359 1550 507 1584 metum
530 1545 679 1584 vivere.
725 1545 857 1584 Adice
893 1555 1001 1584 nunc
1036 1545 1148 1594 quod
1181 1543 1365 1583 iniuriam
1379 1550 1402 1586 3

70 1610 189 1639 nemo
219 1599 371 1638 inmota
395 1605 528 1639 mente
549 1601 714 1650 accipit,
749 1601 823 1640 sed
843 1602 895 1640 ad
917 1612 1082 1640 sensum
1103 1601 1191 1640 eius
1213 1603 1366 1649 pertur-

69 1656 198 1694 batur.
247 1659 356 1694 earet
382 1661 514 1695 autem
534 1656 834 1706 perturbatione
855 1657 918 1696 vir
937 1662 1109 1696 erectus.
1158 1655 1365 1696 erroribus

69 1711 300 1750 moderatur
319 1711 405 1750 suis
425 1712 528 1750 attae
550 1712 694 1761 quietis
714 1718 753 1752 et
773 1714 968 1762 placidae.
1011 1725 1104 1752 nam
1121 1713 1156 1752 si
1177 1712 1303 1761 tangit
1320 1711 1364 1749 il-

70 1768 150 1807 lum
169 1766 326 1814 iniuria,
348 1772 387 1807 et
406 1772 540 1807 movet
558 1772 599 1807 et
616 1768 782 1817 inped-it.
826 1774 936 1808 caret
955 1775 1087 1809 autem
1107 1769 1166 1807 ira
1186 1768 1365 1818 sapiens,

49 1834 193 1872 >quam
220 1823 368 1862 excitat
394 1823 560 1862 iniuriae
593 1825 774 1873 species,
802 1835 878 1864 nec
898 1825 1011 1864 aliter
1032 1830 1186 1864 careret
1205 1824 1265 1863 ira
1288 1823 1366 1862 nisi

70 1885 110 1918 et
128 1879 291 1926 iniuria,
328 1890 447 1928 quam
467 1880 544 1918 scit
565 1881 640 1919 sibi
658 1891 739 1919 non
761 1891 886 1930 posse
906 1881 1014 1920 fieri:
1053 1881 1147 1920 inde
1170 1886 1248 1919 tam
1279 1890 1366 1918 ere-

71 1940 159 1974 ctus
179 1936 390 1984 laetusque
411 1940 484 1983 est,
504 1936 598 1974 inde
619 1937 808 1976 continuo
828 1937 976 1986 gaudio
998 1939 1139 1976 elatus.
1171 1936 1274 1975 adeo
1296 1946 1365 1974 au-

70 1995 150 2030 tem
183 1991 234 2030 ad
269 1991 517 2031 offensiones
545 2002 678 2031 rerum
695 1992 984 2042 hominumque
1003 2003 1085 2032 non
1106 1991 1364 2039 contrahitur,

70 2052 114 2086 ut
140 2047 231 2096 ipsa
250 2047 304 2085 ilii
324 2048 467 2086 iniuria
485 2048 576 2087 usui
602 2047 672 2097 sit,
712 2059 784 2097 per
810 2059 930 2098 quam
956 2048 1273 2097 experimentum
1301 2048 1364 2087 sui

73 2102 182 2152 capit
200 2107 240 2141 et
260 2104 443 2142 virtutem
462 2109 639 2152 temptat.
685 2103 931 2152 Faveamus,
960 2104 1132 2143 obsecro
1154 2115 1250 2152 vos,
1271 2104 1365 2143 huic
1384 2111 1409 2144 4

71 2158 283 2208 proposito
305 2160 531 2209 aequisque
559 2165 598 2199 et
625 2161 766 2200 animis
786 2166 826 2199 et
845 2160 1010 2199 auribus
1033 2160 1235 2208 adsimus,
1268 2160 1366 2199 dum

71 2215 236 2264 sapiens
256 2215 423 2254 iniuriae
442 2216 658 2265 excipitur:
679 2226 754 2255 nec
772 2217 986 2266 quicquam
1002 2217 1104 2256 adeo
1122 2217 1365 2266 petulantiae

70 2276 230 2310 vestrae
253 2275 322 2311 aut
346 2272 622 2320 rapacissimis
652 2272 935 2321 cupiditatibus
955 2278 1022 2312 aut
1041 2278 1188 2312 caecae
1207 2272 1364 2312 temeri-

70 2326 140 2366 tati
163 2327 462 2377 superbiaeque
481 2328 712 2369 detrahitur.
741 2328 866 2368 salvis
884 2328 989 2368 vitiis
1009 2330 1156 2369 vestris
1176 2329 1278 2368 haec
1298 2338 1362 2368 sa·
