1592 2580
312 176 393 222 ‘292
681 180 725 219 L.
753 180 941 219 ANNAEI
970 181 1192 221 SENECAE

275 307 279 309 -
311 282 416 321 hunc
435 278 705 329 liquidumque
723 281 891 319 maculat
908 291 955 319 ac
976 281 1113 330 polluit
1126 283 1399 332 insuetumque
1415 283 1562 325 ducen-

274 342 295 377 3
311 336 414 375 tibus
435 335 612 383 spiritum
627 335 753 373 adfert
767 345 870 374 nova
885 345 1031 383 genera
1045 337 1278 376 morborum.
1322 338 1431 386 Quid,
1453 340 1562 389 quod

314 400 441 438 aquae
461 399 622 439 quoque
640 389 796 429 inutiles
815 391 1125 439 pestilentesque
1148 391 1186 430 in
1206 393 1336 432 abdito
1356 394 1493 442 latent,
1519 399 1563 434 ut

314 455 414 494 quas
441 455 654 493 numquam
680 455 778 483 usus
806 449 1008 492 exerceat,
1046 456 1257 494 numquam
1283 457 1378 486 aura
1404 449 1563 488 liberior

313 499 542 538 everberet‘e
566 509 705 538 crassa
724 500 855 548 itaque
874 504 913 538 et
930 500 1039 548 gravi
1060 501 1224 549 caligine
1245 502 1562 551 sempiternaque

314 559 439 593 tectae
462 554 558 593 nihil
585 554 662 593 nisi
690 555 918 603 pestiferum
944 555 983 593 in
1012 564 1056 594 se
1086 559 1124 593 et
1151 556 1384 604 corporibus
1414 558 1560 598 nostris

313 609 548 648 contrarium
574 609 730 648 habent.
766 619 835 648 aer
854 619 1031 658 quoque,
1058 610 1123 658 qui
1141 609 1284 648 mixtus
1303 615 1363 649 est
1380 611 1454 650 illis
1477 612 1560 660 qui-

313 673 390 712 que
416 663 515 703 inter
541 665 626 702 illas
655 664 820 712 paludes
848 663 966 711 iacet,
1004 674 1090 702 cum
1119 665 1295 712 emersit,
1326 666 1402 704 late
1429 667 1561 706 vitium

275 727 298 761 4
313 729 426 757 suum
447 719 598 767 spargit
616 723 653 756 et
673 719 896 758 haurientes
915 724 1038 757 necat.
1081 719 1248 758 Facilius
1270 724 1396 758 autem
1418 730 1562 769 pecora

312 774 498 821 sentiunt,
519 774 557 811 in
579 783 679 822 quae
699 773 920 822 pestilentia
938 773 1136 812 incurrere
1152 775 1268 821 solet,
1292 785 1370 822 quo
1386 774 1562 813 avidiora

312 832 422 866 sunt:
457 833 593 877 aperto
621 829 732 867 coelo
761 829 967 877 plurimum
993 832 1150 867 utuntur
1168 833 1206 867 et
1231 828 1366 877 aquis,
1396 838 1561 878 quarum

310 883 480 921 maxima
504 883 543 921 in
569 883 791 932 pestilentia
811 885 926 931 eulpa
945 887 1018 922 est.
1056 894 1152 922 oves
1171 894 1265 923 vero
1285 884 1472 922 mollioris
1493 894 1560 922 na-

311 941 440 985 turae,
471 947 548 986 quo
577 937 766 987 propiora
787 938 900 977 terris
921 938 1048 976 serunt
1069 938 1215 987 capita,
1245 942 1449 987 corruptas
1470 948 1561 976 esse

310 1001 389 1029 non
417 991 553 1040 miror,
591 1003 679 1031 cum
706 992 874 1031 adflatus
900 992 1002 1031 aeris
1030 993 1102 1031 diri
1129 993 1233 1031 circa
1257 993 1383 1041 ipsam
1401 993 1561 1032 humum

310 1046 548 1095 exceperint.
577 1046 779 1086 nocuisset
796 1047 860 1085 ille
879 1052 917 1086 et
935 1046 1178 1095 hominibus,
1205 1046 1240 1085 si
1259 1048 1383 1087 maior
1400 1047 1561 1086 exisset.

310 1102 383 1139 sed
408 1102 515 1140 illum
541 1101 658 1150 copia
676 1102 779 1141 aeris
798 1102 940 1142 sinceri
960 1102 1163 1151 exstinxit,
1192 1106 1420 1151 antequam,
1449 1106 1491 1141 ut
1511 1102 1559 1141 ab

308 1154 465 1194 homine
487 1162 624 1203 posset
641 1157 759 1204 trahi,
791 1160 978 1204 surgeret.

273 1215 292 1249 1
386 1210 558 1248 XXVIII.
595 1211 716 1249 Multa
742 1215 870 1249 autem
898 1215 1023 1249 terras
1047 1210 1194 1249 habere
1213 1211 1409 1250 mortifera
1427 1212 1490 1249 vel
1509 1221 1560 1249 ex

308 1263 385 1303 hoc
403 1264 600 1313 intellege,
631 1265 739 1314 quod
756 1269 813 1303 tot
831 1275 982 1303 venena
997 1270 1210 1304 nascuntur
1223 1276 1301 1304 non
1316 1276 1432 1304 manu
1447 1276 1558 1313 spar-

308 1329 373 1367 sa,
403 1319 475 1357 sed
495 1325 658 1367 sponte,
685 1320 772 1359 solo
792 1319 941 1358 scilicet
958 1319 1125 1358 habente
1143 1319 1297 1358 utboni
1315 1319 1368 1358 ita
1386 1320 1477 1358 mali
1496 1330 1557 1358 se-

307 1373 422 1411 mina.
477 1373 595 1421 Quid,
631 1374 740 1422 quod
767 1374 941 1422 pluribus
973 1374 1107 1413 Italiae
1138 1374 1237 1413 locis
1267 1384 1337 1422 per
1368 1374 1559 1422 quaedam

308 1428 498 1467 foramina
531 1429 718 1478 pestilens
750 1428 954 1466 exhalatur
980 1438 1125 1477 vapor,
1163 1439 1279 1476 quem
1308 1439 1385 1467 non
1413 1427 1560 1466 homini

307 1482 472 1530 ducere,
496 1494 575 1522 non
595 1485 702 1522 serae
720 1487 841 1521 tutum
861 1487 948 1521 est?
975 1493 1070 1521 aves
1086 1494 1246 1531 quoque
1266 1481 1300 1521 si
1318 1483 1356 1520 in
1377 1482 1482 1521 illum
1501 1483 1558 1520 in-

307 1536 490 1585 ciderint,
520 1543 728 1587 antequam
748 1538 859 1576 coelo
878 1537 1038 1576 meliore
1057 1538 1231 1585 leniatur,
1258 1537 1297 1576 in
1317 1537 1405 1585 ipso
1427 1538 1560 1576 volatu

308 1592 451 1631 cadunt
476 1591 675 1641 liventque
697 1603 866 1641 corpora
884 1596 923 1630 et
943 1603 1022 1631 non
1041 1593 1151 1630 aliter
1169 1603 1285 1641 quam
1306 1602 1375 1640 per
1393 1591 1471 1629 vim
1491 1591 1557 1629 eli-

270 1652 292 1686 2
310 1656 378 1684 sae
398 1647 533 1686 fauces
549 1652 707 1686 tument.
750 1648 823 1686 Hic
839 1647 998 1695 spiritus
1014 1647 1199 1695 quamdiu
1214 1647 1326 1685 terris
1342 1646 1559 1685 continetur

307 1701 412 1739 tenui
442 1702 631 1741 foramine
656 1702 804 1749 fluens,
840 1713 920 1740 non
946 1703 1036 1750 plus
1058 1702 1252 1750 potentiae
1274 1701 1408 1747 habet,
1441 1710 1576 1748 quam>

309 1760 348 1794 ut
364 1756 632 1804 despectantia
649 1762 687 1795 et
700 1758 800 1796 ultro
814 1755 888 1795 sibi
901 1756 1019 1795 inlata
1035 1755 1227 1795 conficiat.
1256 1756 1322 1794 ubi
1338 1766 1409 1803 per
1423 1755 1557 1794 secula

307 1809 488 1849 conditus
516 1811 686 1850 tenebris
715 1822 760 1850 ac
785 1810 938 1850 tristitia
963 1811 1040 1849 loci
1067 1810 1189 1850 crevit
1213 1811 1250 1848 in
1277 1810 1431 1858 vitium,
1466 1808 1557 1857 ipsa.

306 1864 542 1912 ingravescit
559 1876 687 1913 mora,
718 1866 828 1914 peior
848 1877 927 1914 quo
947 1866 1117 1914 segnior.
1148 1875 1236 1904 cum
1256 1865 1398 1903 exitum
1417 1868 1555 1903 nactus

306 1925 384 1967 est,
411 1925 609 1959 aeternum
635 1921 730 1959 illud
757 1920 934 1959 umbrosi
960 1921 1115 1968 frigoris
1142 1921 1285 1958 malum
1308 1923 1346 1958 et
1365 1918 1555 1957 infernam

304 1979 458 2013 noctem
486 1976 608 2013 volvit
630 1985 676 2013 ac
697 1975 869 2024 regi0nis
887 1981 1046 2014 nostrae
1065 1977 1156 2013 aera
1174 1974 1355 2012 infuscat.
1395 1973 1554 2011 vincun-

267 2036 288 2070 3
304 2033 366 2067 tur
392 2029 494 2067 enim
520 2030 683 2068 meliora
703 2030 916 2078 peioribus.
962 2031 1067 2068 Tunc
1087 2030 1200 2068 etiam
1220 2027 1283 2066 ille
1303 2027 1462 2076 spiritus
1485 2038 1553 2075 pu-

305 2084 385 2122 rior
410 2085 549 2123 transit
573 2084 611 2122 in
632 2095 794 2123 noxam:
823 2085 914 2123 inde
933 2085 1085 2123 subitae
1105 2083 1390 2130 continuaeque
1408 2086 1554 2120 mortes

305 2145 344 2176 et
368 2144 594 2178 monstrosa
620 2149 767 2188 genera
787 2138 1013 2178 morborum
1037 2144 1079 2177 ut
1100 2149 1150 2177 ex
1169 2136 1282 2175 novis
1303 2141 1387 2176 orta
1408 2136 1569 2180 causis..

306 2192 437 2232 brevis
455 2198 521 2232 aut
539 2194 658 2242 longa
675 2194 807 2232 clades
830 2199 905 2241 est,
935 2198 1049 2242 prout
1061 2193 1153 2231 vitIa
1167 2192 1335 2237 valuere,
1358 2201 1429 2229 nec
1445 2191 1552 2240 prius

304 2247 528 2294 pestilentia
554 2249 696 2287 desinit
723 2259 839 2297 quam
866 2249 1044 2297 spiritum
1071 2248 1176 2287 illum
1201 2256 1361 2295 gravem
1381 2245 1554 2285 exercuit

306 2302 445 2342 laxitas
467 2304 566 2344 coeli
587 2308 869 2354 ventorumque
888 2303 1054 2342 iactatio.
