1624 2626
299 209 377 250 198
563 209 606 246 L.
628 207 816 246 ANNAEI
841 207 1066 246 SENECAE
1095 207 1224 246 DIAL.
1241 208 1287 246 X.

299 308 486 356 defatigat
519 317 571 345 ex
602 307 739 346 alienis
772 306 927 345 iudiciis
962 317 1160 361 suspensa
1193 317 1350 357 semper
1381 309 1550 348 ambitio.

297 363 416 402 alium
441 362 641 401 mercandi
667 371 863 410 praeceps
893 361 1086 409 cupiditas
1121 363 1225 400 circa
1257 363 1382 402 omnis
1413 368 1550 410 terras,

300 417 430 456 omnia
449 416 572 455 maria
592 426 664 466 spe
683 416 781 456 lucri
797 416 915 454 ducit.
943 417 1135 464 quosdam
1150 421 1309 466 torquet
1324 417 1466 467 cupido
1483 419 1551 456 mi-

298 472 402 510 litiae
421 481 634 519 numquam
655 482 734 509 non
754 474 820 509 aut
838 469 976 508 alienis
998 470 1182 518 periculis
1203 472 1371 510 intentos
1388 478 1453 511 aut
1468 474 1552 511 suis

298 526 453 565 anxios.
480 530 572 564 sunt
591 537 692 574 quos
719 525 895 573 ingratus
916 525 1164 573 superiorum
1186 527 1313 564 cultus
1331 527 1552 566 voluntaria

257 588 279 622 2
299 581 486 620 servitute
503 584 720 618 consumat.
750 580 894 618 multos
909 584 976 618 aut
989 579 1197 619 adfectatio
1213 581 1364 619 alienae
1374 581 1552 620 fortunae

299 640 365 674 aut
383 645 481 674 suae
501 638 625 682 [cura]
649 633 823 673 detinuit.
863 635 1078 682 plerosque
1096 634 1192 672 nihil
1216 640 1363 673 certum
1383 646 1553 684 sequen-

297 691 346 728 tis
377 700 478 738 vaga
504 694 543 727 et
563 689 793 727 inconstans
813 693 851 726 et
869 688 944 727 sibi
963 688 1180 736 displicens
1199 689 1338 728 levitas
1358 700 1430 738 per
1449 701 1554 729 nova

299 745 464 783 consilia
483 744 652 782 iactavit.
691 742 929 791 quibusdam
948 743 1062 790 nihil,
1095 755 1173 792 quo
1195 754 1353 782 cursum
1373 745 1552 793 dirigant,

299 799 447 848 placet,
484 798 558 836 sed
585 797 796 836 marcentis
823 797 1108 846 oscitantisque
1135 799 1213 836 sata
1238 799 1551 846 deprehendunt,

298 853 399 892 adeo
432 857 476 892 ut
511 853 621 901 quod
654 851 763 900 apud
788 851 1002 891 maximum
1030 857 1234 900 poetarum
1269 863 1379 892 more
1405 853 1554 892 oraculi

298 908 444 946 dictum
465 911 544 955 est,
574 917 711 946 verum
731 917 823 945 esse
842 917 920 946 non
941 906 1133 945 dubitem:

503 963 648 1010 exiyua
662 972 762 1010 pars
779 967 836 1000 est
852 963 950 1000 vitae
968 973 1044 1010 qua
1065 962 1159 1012 [nos]
1178 963 1346 1001 vivimus.

299 1022 470 1055 ceterum
489 1017 648 1064 quidem
669 1026 786 1066 omne
806 1016 975 1065 spatium
994 1026 1073 1054 non
1093 1017 1190 1065 vita,
1210 1017 1281 1055 sed
1303 1021 1457 1065 tempus
1477 1021 1549 1055 est.

261 1075 283 1110 3
297 1070 485 1119 Urgentia
511 1071 764 1109 circumstant
790 1071 882 1109 vitia
903 1070 1078 1118 undique
1106 1081 1179 1109 nec
1200 1081 1410 1119 resurgere
1428 1075 1495 1109 aut
1513 1071 1551 1109 in

299 1125 522 1174 dispectum
547 1124 633 1163 veri
653 1125 842 1163 adtollere
861 1126 998 1163 oculos
1018 1125 1170 1172 sinunt,
1196 1126 1266 1164 sed
1281 1136 1433 1164 mersos
1455 1131 1493 1164 ct
1511 1126 1550 1163 in

298 1180 550 1229 cupiditatem
571 1178 717 1217 infixos
736 1184 929 1228 premunt.
966 1190 1178 1227 numquam
1193 1179 1268 1218 illis
1282 1189 1485 1218 recurrere
1501 1181 1551 1218 ad

297 1245 343 1273 se
369 1235 471 1272 licet.
516 1233 551 1271 si
579 1234 738 1281 quando
759 1233 891 1282 aliqua
912 1233 1068 1272 fortuito
1092 1234 1203 1282 quies
1223 1234 1402 1282 contigit,
1432 1235 1550 1273 veluti

296 1289 495 1337 profundo
515 1288 632 1336 mari,
663 1287 702 1326 in
723 1299 802 1337 quo
818 1292 912 1336 post
925 1293 1084 1326 ventum
1101 1298 1259 1337 quoque
1274 1289 1461 1327 volutatio
1478 1294 1548 1336 est,

297 1343 536 1382 fluctuantur
561 1353 635 1381 nec
662 1353 848 1392 umquam
876 1341 952 1380 illis
979 1353 1003 1380 a
1028 1343 1304 1391 cupiditatibus
1326 1343 1408 1381 suis
1429 1343 1549 1381 otium

259 1404 282 1439 4
296 1398 425 1436 instat.
468 1397 527 1436 De
548 1397 633 1436 istis
654 1407 716 1435 me
736 1402 851 1445 putas
871 1397 1090 1445 disserere,
1119 1409 1285 1445 quorum
1303 1398 1342 1435 in
1362 1398 1548 1436 confesso

296 1453 399 1491 mala
416 1456 534 1491 sunt?
568 1452 732 1500 adspice
750 1452 860 1500 illos,
887 1452 938 1490 ad
959 1462 1123 1501 quorum
1142 1452 1363 1490 felicitatem
1385 1462 1549 1491 concur-

295 1508 411 1545 ritur:
440 1507 555 1546 bonis
576 1507 659 1545 suis
679 1506 909 1546 effocantur.
946 1507 1068 1554 Quam
1088 1507 1217 1545 mulus
1234 1506 1391 1545 divitiae
1406 1517 1548 1555 graves

297 1566 413 1600 sunt?
441 1572 560 1610 quam
578 1562 787 1600 multorum
801 1561 1026 1609 eloquenda
1040 1561 1236 1600 cotidiano
1254 1561 1475 1607 ostentandi
1490 1562 1547 1599 in-

295 1616 400 1664 genii
420 1617 547 1665 spatio
569 1616 800 1664 sanguinem
820 1615 977 1655 educit?
1004 1627 1121 1665 quam
1139 1615 1249 1654 multi
1269 1615 1462 1655 contInuis
1477 1626 1546 1654 vo·

295 1671 511 1720 luptatibus
541 1671 713 1719 pallent?
743 1682 861 1719 quam
880 1671 1010 1710 multis
1030 1671 1123 1709 nihil
1145 1671 1253 1709 liberi
1272 1670 1455 1719 relinquit
1474 1670 1546 1708 cir-

296 1726 498 1764 cumfusus
527 1725 721 1764 clientium
741 1727 943 1774 populus?
970 1726 1096 1764 omnis
1116 1726 1286 1774 denique
1304 1725 1402 1763 istos
1422 1725 1470 1763 ab
1489 1724 1545 1762 in-

295 1780 397 1819 fimis
407 1790 538 1829 usque
549 1780 599 1818 ad
610 1790 787 1819 summos
798 1791 978 1829 pererra:
997 1781 1060 1819 hic
1070 1781 1247 1828 advocat,
1264 1779 1326 1817 hic
1337 1779 1461 1817 adest.
1481 1779 1546 1817 ille

295 1834 546 1882 periclitatur,
565 1834 629 1873 ille
640 1835 826 1881 defendit,
843 1835 907 1873 ille
917 1835 1074 1874 iudicat.
1095 1845 1209 1874 nemo
1221 1844 1265 1872 se
1275 1834 1349 1872 sibi
1360 1834 1544 1872 vindicat.

295 1890 395 1928 alius
425 1889 465 1928 in
494 1890 611 1928 alium
634 1890 912 1929 consumimur.
956 1890 1152 1938 interroga
1171 1890 1220 1928 de
1238 1888 1344 1935 istis,
1377 1899 1544 1937 quorum

293 1945 453 1983 nomina
471 1945 718 1983 ediscuntur:
749 1945 810 1983 his
830 1945 919 1983 illos
936 1944 1114 1993 dignosci
1132 1942 1284 1983 videbis
1300 1943 1423 1982 notis:
1452 1943 1544 1991 „ille

255 2005 276 2038 5
292 1996 395 2037 illius
407 2000 533 2038 cultor
542 2003 614 2047 est,
634 1999 850 2038 hicillius.“
881 2010 977 2037 suus
994 2010 1108 2038 nemo
1125 2003 1195 2037 est.
1221 1997 1372 2036 Deinde
1383 1997 1541 2035 demen-

292 2052 442 2091 tissima
458 2054 719 2101 quorumdam
734 2054 949 2102 indignatio
966 2058 1038 2092 est.
1068 2057 1282 2101 queruntur
1299 2053 1348 2091 de
1363 2051 1541 2100 superio-

291 2117 378 2145 rum
398 2108 572 2156 fastidio,
603 2109 711 2156 quod
729 2108 828 2158 ipsis
845 2109 955 2147 adire
969 2107 1188 2147 volentibus
1205 2118 1282 2145 non
1299 2105 1541 2146 vacaverint=

291 2161 411 2200 audet
436 2163 645 2211 quisquam
666 2163 716 2202 de
735 2164 894 2202 alterius
916 2162 1101 2212 superbia
1121 2161 1249 2209 queri,
1275 2162 1341 2210 qui
1361 2161 1434 2200 sibi
1452 2159 1542 2208 ipse

291 2226 505 2263 numquam
530 2223 671 2256 vacat?
705 2218 774 2256 Ille
802 2222 930 2256 tamen
957 2223 1014 2265 te,
1044 2217 1224 2265 quisquis
1252 2221 1330 2264 est,
1358 2213 1542 2253 insolenti

293 2269 452 2318 quidem
471 2272 599 2317 voltu,
630 2273 702 2310 sed
723 2272 935 2322 aliquando
953 2271 1139 2319 respexit.
1169 2271 1232 2308 ille
1248 2281 1364 2309 aures
1380 2280 1472 2308 suas
1488 2268 1541 2306 ad
1619 2289 1624 2316 t

291 2328 359 2363 tua
385 2323 508 2362 verba
534 2325 700 2365 demisit.
729 2327 794 2366 ille
820 2331 859 2366 te
878 2327 929 2365 ad
947 2327 1049 2364 latus
1069 2336 1184 2365 suum
1205 2324 1372 2374 recepit=
1399 2329 1442 2363 tu
1459 2333 1539 2362 non
1618 2328 1624 2346 ³¹
