1624 2626
354 198 434 241 262
724 197 766 235 L.
792 195 981 235 ANNAEI
1009 195 1235 235 SENECAE

409 294 532 334 Crede
551 293 662 342 mihi,
690 293 795 332 vires
816 293 968 341 aliquas
989 298 1127 332 natura
1145 293 1364 342 sepulchris
1583 300 1604 333 5

459 349 662 387 Attribuit=
689 348 859 387 tumulos
877 347 1051 387 vindicat
1067 348 1204 387 umbra
1223 359 1332 387 suos.

406 405 523 452 Ipsos
545 403 663 441 crede
683 403 781 441 deos
801 402 878 440 hoc
897 413 1000 440 nunc
1018 402 1087 441 tibi
1106 403 1257 450 dicere,
1287 402 1406 451 livor,

460 459 546 497 Hoc
565 458 634 496 tibi
653 467 756 496 nunc
775 467 911 495 manes
932 456 1065 495 dicere
1084 458 1201 496 crede
1221 467 1351 496 meos:

404 513 485 551 Res
505 517 567 551 est
586 522 718 559 sacra,
744 511 876 549 miser.
913 511 993 549 noli
1011 521 1099 549 mea
1116 516 1276 560 tangere
1297 512 1388 550 fata.

461 566 685 615 Sacrilegae
703 566 830 605 bustis
850 565 1074 604 abstinuere
1093 576 1245 604 manus.
1561 571 1603 603 10

458 633 498 659 v.
909 630 1037 658 ITEM.

406 674 584 714 Carmina
602 675 802 714 mortifero
820 679 887 713 tua
907 680 996 714 sunt
1015 674 1167 714 suffusa
1185 684 1359 721 veneno,

457 730 504 767 Et
523 735 615 768 sunt
634 729 859 768 criminibus
881 733 1043 778 pectora
1062 731 1173 778 nigra
1191 729 1329 777 magis.

402 785 523 823 Nemo
543 789 632 822 tuos
653 785 794 832 fugiat,
823 795 902 823 non
924 785 1003 831 vir,
1032 795 1110 822 non
1131 783 1275 822 femina
1294 783 1452 830 dentes,

371 869 374 872 .
455 839 570 876 Haud
591 849 706 886 puer,
735 838 840 876 haud
862 844 970 877 aetas
989 839 1165 888 undique
1185 843 1268 877 tuta
1287 838 1412 884 senis,

402 894 531 940 thue
551 893 685 931 furens
705 897 808 931 totas
827 893 992 932 immittit
1012 904 1111 931 saxa
1131 904 1202 941 per
1218 893 1338 931 urbes
1579 897 1599 930 5

457 948 499 985 In
521 948 729 996 populum,
759 948 817 986 sic
837 953 878 986 tu
897 948 1020 986 verba
1038 948 1208 996 maligna
1226 947 1335 986 iacis.

404 1001 485 1040 Sed
505 1002 606 1040 solet
624 1003 786 1040 insanos
806 1003 979 1051 populus
999 1012 1258 1050 compescere
1277 1012 1418 1049 sanus,

456 1056 504 1094 Et
522 1061 704 1105 repetunt
723 1060 870 1095 motum
889 1067 987 1095 saxa
1005 1057 1173 1095 remissa
1193 1061 1323 1105 caput.

402 1111 446 1148 ln
466 1115 503 1148 te
523 1122 625 1148 nunc
646 1111 798 1158 stringit
817 1111 945 1149 nullus
965 1121 1044 1149 non
1065 1112 1238 1148 earmina
1253 1116 1387 1160 vates,

456 1165 581 1212 Inque
602 1171 705 1203 tuam
724 1164 871 1203 rabiem
891 1165 1049 1213 publica
1066 1165 1183 1202 Musa
1201 1165 1304 1203 furit.
1563 1172 1602 1203 ιο

402 1220 500 1257 Dum
521 1230 593 1257 sua
615 1219 844 1268 conpositus
863 1218 1038 1257 nondum
1057 1218 1160 1257 bene
1180 1218 1352 1258 concutit
1371 1229 1478 1256 arma

456 1273 589 1321 Miles,
616 1274 644 1312 it
664 1284 686 1311 e
705 1277 839 1312 nostra
858 1274 995 1311 lancea
1013 1277 1115 1311 torta
1131 1284 1262 1311 manu.

401 1328 534 1366 Bellus
556 1328 692 1375 homo,
722 1332 760 1366 et
780 1328 907 1366 valide
927 1327 1108 1375 capitalia
1128 1328 1304 1366 carmina
1321 1327 1445 1375 ludis,

457 1382 594 1430 Deque
615 1383 692 1421 tuis
712 1386 870 1420 manant
887 1386 970 1420 atra
988 1392 1142 1419 venena
1160 1383 1272 1427 iocis.

402 1436 482 1474 Sed
502 1441 543 1474 tu
563 1447 714 1485 perque
733 1437 860 1474 iocum
881 1436 979 1474 dicis
997 1437 1228 1484 vinumque:
1259 1437 1353 1485 quid
1368 1436 1418 1474 ad
1434 1445 1534 1483 rem,
1557 1441 1598 1475 15

457 1490 499 1529 Si
520 1492 689 1539 plorem,
717 1491 822 1529 risus
843 1490 877 1528 si
897 1495 986 1529 tuus
1006 1491 1081 1529 ista
1100 1492 1219 1530 facit?

402 1544 529 1592 Quare
547 1547 640 1583 tolle
660 1545 790 1583 iocos:
819 1556 898 1583 non
918 1549 979 1583 est
997 1545 1110 1583 iocus
1130 1555 1223 1584 esse
1241 1545 1463 1594 malignum.

454 1600 674 1648 Numquam
694 1604 785 1638 sunt
803 1600 920 1648 grati,
951 1600 1017 1647 qui
1038 1610 1210 1639 nocuere
1230 1601 1348 1639 sales.

453 1664 509 1691 vr.
818 1665 878 1691 An
909 1664 1112 1692 AMICUM.

402 1708 556 1756 Crispe,
585 1718 697 1746 meae
714 1708 839 1755 vires,
869 1709 1144 1757 lassarumque
1164 1719 1309 1747 ancora
1325 1718 1474 1755 rerum,

456 1762 610 1810 Crispe,
638 1764 701 1800 vel
724 1762 885 1811 antiquo
906 1762 1189 1811 conspiciende
1208 1764 1315 1802 soro:

402 1816 540 1864 Crispe
561 1821 702 1864 potens
722 1828 953 1866 numquam,
977 1818 1053 1856 nisi
1072 1828 1160 1856 cum
1178 1818 1372 1866 prodesse
1387 1815 1567 1862 volebas,

454 1871 665 1919 Naufragio
684 1871 789 1910 littus
811 1876 973 1920 tutaque
991 1877 1095 1910 terra
1109 1882 1218 1919 meo,

402 1925 520 1964 Solus
540 1925 667 1965 honor
685 1926 799 1965 nobis
820 1937 890 1964 arx
910 1931 948 1965 et
967 1927 1161 1966 tutissima
1179 1926 1293 1965 nobis
1576 1932 1596 1964 5

453 1980 501 2018 Et
521 1991 623 2018 nunc
643 1979 788 2019 afflicto
809 1982 895 2020 sola
916 1983 1027 2029 quies
1050 1981 1197 2019 animo:

402 2035 555 2082 Crispe,
586 2035 686 2073 fides
708 2035 853 2083 dulcis,
882 2036 1107 2083 placidique
1126 2034 1315 2073 acerrima
1331 2033 1473 2081 virtus,

456 2089 574 2127 Cuius
596 2089 785 2137 Cecropio
806 2095 969 2138 pectora
987 2091 1100 2129 melle
1120 2089 1296 2127 madent:

399 2141 569 2181 Maxima
588 2144 757 2182 facundo
777 2146 842 2192 vel*
860 2155 934 2183 avo
953 2146 1016 2182 vel
1035 2144 1158 2192 gloria
1180 2144 1299 2191 patri,

456 2196 539 2242 Quo
560 2198 646 2236 solo
668 2203 798 2236 careat
817 2197 848 2242 si
871 2199 979 2247 quis,
1008 2199 1047 2236 in
1067 2197 1205 2236 exsilio
1227 2202 1305 2235 est:
1553 2203 1596 2236 10

399 2250 460 2287 An
484 2255 569 2298 tua,
599 2252 665 2300 qui
686 2252 797 2291 iaceo
818 2225 927 2291 s‘axis
947 2251 1094 2291 telluris
1115 2252 1354 2296 adhaerens,

454 2303 566 2342 Mens
588 2316 737 2344 mecum
758 2313 837 2355 est,
862 2307 967 2346 nulla
988 2317 1089 2355 quae
1108 2306 1312 2345 cohibetur
1328 2305 1475 2345 humo?
