<?xml version="1.0" encoding="UTF-8"?>
<!DOCTYPE html PUBLIC "-//W3C//DTD XHTML 1.0 Transitional//EN"
    "http://www.w3.org/TR/xhtml1/DTD/xhtml1-transitional.dtd">
<html xmlns="http://www.w3.org/1999/xhtml" xml:lang="en" lang="en">
 <head>
  <title>
</title>
<meta http-equiv="Content-Type" content="text/html;charset=utf-8" />
  <meta name='ocr-system' content='tesseract 3.04.00' />
  <meta name='ocr-capabilities' content='ocr_page ocr_carea ocr_par ocr_line ocrx_word'/>
</head>
<body>
  <div class='ocr_page' id='page_1' title='image "./operaquaesupersu01seneuoft/operaquaesupersu01seneuoft_0101.png"; bbox 0 0 1624 2626; ppageno 0'>
   <div class='ocr_carea' id='block_1_1' title="bbox 298 170 1324 215">
    <p class='ocr_par' dir='ltr' id='par_1_1' title="bbox 298 170 1324 215">
     <span class='ocr_line' id='line_1_1' title="bbox 298 170 1324 215; baseline -0.001 0"><span class='ocrx_word' id='word_1_1' title='bbox 298 176 432 214; x_wconf 80' lang='lat' dir='ltr'><strong>DIAL.</strong></span> <span class='ocrx_word' id='word_1_2' title='bbox 453 175 502 212; x_wconf 91' lang='lat' dir='ltr'>V.</span> <span class='ocrx_word' id='word_1_3' title='bbox 533 173 600 212; x_wconf 89' lang='lat' dir='ltr'>DE</span> <span class='ocrx_word' id='word_1_4' title='bbox 628 173 719 212; x_wconf 74' lang='lat' dir='ltr'>IRA</span> <span class='ocrx_word' id='word_1_5' title='bbox 746 172 843 212; x_wconf 88' lang='lat' dir='ltr'>LIB.</span> <span class='ocrx_word' id='word_1_6' title='bbox 866 172 932 211; x_wconf 89' lang='lat'>111.</span> <span class='ocrx_word' id='word_1_7' title='bbox 953 178 1066 215; x_wconf 85' lang='lat'><strong>7—9.</strong></span> <span class='ocrx_word' id='word_1_8' title='bbox 1269 170 1324 214; x_wconf 83' lang='lat'>87</span> 
     </span>
    </p>
   </div>
   <div class='ocr_carea' id='block_1_2' title="bbox 0 273 1368 2393">
    <p class='ocr_par' dir='ltr' id='par_1_2' title="bbox 0 273 1368 1098">
     <span class='ocr_line' id='line_1_2' title="bbox 40 273 1326 326; baseline -0.002 -7"><span class='ocrx_word' id='word_1_9' title='bbox 40 278 230 320; x_wconf 78' lang='lat' dir='ltr'>haerebat</span> <span class='ocrx_word' id='word_1_10' title='bbox 256 277 450 326; x_wconf 80' lang='lat' dir='ltr'>effugere.</span> <span class='ocrx_word' id='word_1_11' title='bbox 491 275 683 325; x_wconf 88' lang='lat' dir='ltr'>optimum</span> <span class='ocrx_word' id='word_1_12' title='bbox 714 273 902 314; x_wconf 85' lang='lat' dir='ltr'>iudicavit</span> <span class='ocrx_word' id='word_1_13' title='bbox 926 275 1119 325; x_wconf 88' lang='lat' dir='ltr'>quicquid</span> <span class='ocrx_word' id='word_1_14' title='bbox 1153 274 1326 316; x_wconf 82' lang='lat' dir='ltr'>dixisset</span> 
     </span>
     <span class='ocr_line' id='line_1_3' title="bbox 4 330 1325 385; baseline -0.003 -10"><span class='ocrx_word' id='word_1_15' title='bbox 4 333 6 337; x_wconf 54' lang='lat'><strong>⁴</strong></span> <span class='ocrx_word' id='word_1_16' title='bbox 41 335 158 385; x_wconf 88' lang='lat' dir='ltr'>sequi</span> <span class='ocrx_word' id='word_1_17' title='bbox 183 339 223 373; x_wconf 90' lang='lat' dir='ltr'>et</span> <span class='ocrx_word' id='word_1_18' title='bbox 249 333 451 373; x_wconf 88' lang='lat' dir='ltr'>secundas</span> <span class='ocrx_word' id='word_1_19' title='bbox 470 342 610 381; x_wconf 84' lang='lat' dir='ltr'>agere:</span> <span class='ocrx_word' id='word_1_20' title='bbox 643 341 722 370; x_wconf 90' lang='lat' dir='ltr'>non</span> <span class='ocrx_word' id='word_1_21' title='bbox 747 330 833 370; x_wconf 87' lang='lat' dir='ltr'>tulit</span> <span class='ocrx_word' id='word_1_22' title='bbox 852 330 1012 370; x_wconf 89' lang='lat' dir='ltr'>Coelius</span> <span class='ocrx_word' id='word_1_23' title='bbox 1033 331 1325 371; x_wconf 75' lang='lat' dir='ltr'>adsentientem</span> 
     </span>
     <span class='ocr_line' id='line_1_4' title="bbox 40 387 1325 436; baseline -0.004 -5"><span class='ocrx_word' id='word_1_24' title='bbox 40 396 80 431; x_wconf 88' lang='lat' dir='ltr'>et</span> <span class='ocrx_word' id='word_1_25' title='bbox 97 389 354 430; x_wconf 79' lang='lat' dir='ltr'>exclamavit:</span> <span class='ocrx_word' id='word_1_26' title='bbox 389 389 454 427; x_wconf 81' lang='lat' dir='ltr'>dic</span> <span class='ocrx_word' id='word_1_27' title='bbox 481 389 634 436; x_wconf 73' lang='lat' dir='ltr'>aliquid</span> <span class='ocrx_word' id='word_1_28' title='bbox 649 391 798 435; x_wconf 80' lang='lat' dir='ltr'>contra,</span> <span class='ocrx_word' id='word_1_29' title='bbox 814 390 859 425; x_wconf 81' lang='lat' dir='ltr'>ut</span> <span class='ocrx_word' id='word_1_30' title='bbox 875 388 953 425; x_wconf 77' lang='lat' dir='ltr'>duo</span> <span class='ocrx_word' id='word_1_31' title='bbox 979 389 1111 427; x_wconf 80' lang='lat' dir='ltr'>simus.</span> <span class='ocrx_word' id='word_1_32' title='bbox 1150 387 1231 427; x_wconf 87' lang='lat' dir='ltr'>Sed</span> <span class='ocrx_word' id='word_1_33' title='bbox 1259 388 1325 427; x_wconf 87' lang='lat' dir='ltr'>ille</span> 
     </span>
     <span class='ocr_line' id='line_1_5' title="bbox 40 442 1322 496; baseline -0.003 -10"><span class='ocrx_word' id='word_1_34' title='bbox 40 455 215 496; x_wconf 91' lang='lat' dir='ltr'>quoque,</span> <span class='ocrx_word' id='word_1_35' title='bbox 245 444 353 494; x_wconf 89' lang='lat' dir='ltr'>quod</span> <span class='ocrx_word' id='word_1_36' title='bbox 374 455 454 483; x_wconf 92' lang='lat' dir='ltr'>non</span> <span class='ocrx_word' id='word_1_37' title='bbox 474 444 727 490; x_wconf 79' lang='lat' dir='ltr'>irasceretur,</span> <span class='ocrx_word' id='word_1_38' title='bbox 755 442 879 482; x_wconf 86' lang='lat' dir='ltr'>iratus</span> <span class='ocrx_word' id='word_1_39' title='bbox 907 442 986 482; x_wconf 90' lang='lat' dir='ltr'>cito</span> <span class='ocrx_word' id='word_1_40' title='bbox 1017 443 1105 482; x_wconf 89' lang='lat' dir='ltr'>sine</span> <span class='ocrx_word' id='word_1_41' title='bbox 1131 444 1322 483; x_wconf 85' lang='lat' dir='ltr'>adversa-</span> 
     </span>
     <span class='ocr_line' id='line_1_6' title="bbox 38 498 1362 549; baseline -0.002 -7"><span class='ocrx_word' id='word_1_42' title='bbox 38 502 99 542; x_wconf 91' lang='lat' dir='ltr'>rio</span> <span class='ocrx_word' id='word_1_43' title='bbox 120 501 249 541; x_wconf 89' lang='lat' dir='ltr'>desiit.</span> <span class='ocrx_word' id='word_1_44' title='bbox 282 501 485 549; x_wconf 83' lang='lat' dir='ltr'>Eligamus</span> <span class='ocrx_word' id='word_1_45' title='bbox 502 509 598 548; x_wconf 80' lang='lat' dir='ltr'>ergo</span> <span class='ocrx_word' id='word_1_46' title='bbox 621 500 683 537; x_wconf 87' lang='lat' dir='ltr'>vel</span> <span class='ocrx_word' id='word_1_47' title='bbox 702 498 779 537; x_wconf 87' lang='lat' dir='ltr'>hos</span> <span class='ocrx_word' id='word_1_48' title='bbox 800 499 946 548; x_wconf 87' lang='lat' dir='ltr'>potius,</span> <span class='ocrx_word' id='word_1_49' title='bbox 967 498 1003 537; x_wconf 90' lang='lat' dir='ltr'>si</span> <span class='ocrx_word' id='word_1_50' title='bbox 1023 499 1178 538; x_wconf 89' lang='lat' dir='ltr'>conscii</span> <span class='ocrx_word' id='word_1_51' title='bbox 1202 499 1321 539; x_wconf 89' lang='lat' dir='ltr'>nobis</span> <span class='ocrx_word' id='word_1_52' title='bbox 1341 505 1362 541; x_wconf 87' lang='grc'><strong>7</strong></span> 
     </span>
     <span class='ocr_line' id='line_1_7' title="bbox 0 555 1324 604; baseline -0.002 -7"><span class='ocrx_word' id='word_1_53' title='bbox 0 571 1 574; x_wconf 63' lang='grc'>’</span> <span class='ocrx_word' id='word_1_54' title='bbox 40 557 272 597; x_wconf 81' lang='lat' dir='ltr'>iracundiae</span> <span class='ocrx_word' id='word_1_55' title='bbox 291 566 443 604; x_wconf 90' lang='lat' dir='ltr'>sumus,</span> <span class='ocrx_word' id='word_1_56' title='bbox 472 555 541 604; x_wconf 90' lang='lat' dir='ltr'>qui</span> <span class='ocrx_word' id='word_1_57' title='bbox 562 556 714 594; x_wconf 89' lang='lat' dir='ltr'>voltum</span> <span class='ocrx_word' id='word_1_58' title='bbox 732 559 912 594; x_wconf 84' lang='lat' dir='ltr'>nostrum</span> <span class='ocrx_word' id='word_1_59' title='bbox 934 565 982 594; x_wconf 88' lang='lat' dir='ltr'>ac</span> <span class='ocrx_word' id='word_1_60' title='bbox 1010 564 1241 594; x_wconf 88' lang='lat' dir='ltr'>sermonem</span> <span class='ocrx_word' id='word_1_61' title='bbox 1260 566 1324 594; x_wconf 87' lang='lat' dir='ltr'>se-</span> 
     </span>
     <span class='ocr_line' id='line_1_8' title="bbox 41 611 1324 664; baseline -0.002 -11"><span class='ocrx_word' id='word_1_62' title='bbox 41 619 226 664; x_wconf 88' lang='lat' dir='ltr'>quantur.</span> <span class='ocrx_word' id='word_1_63' title='bbox 263 612 411 650; x_wconf 85' lang='lat' dir='ltr'>facient</span> <span class='ocrx_word' id='word_1_64' title='bbox 433 612 594 660; x_wconf 88' lang='lat' dir='ltr'>quidem</span> <span class='ocrx_word' id='word_1_65' title='bbox 623 621 700 649; x_wconf 90' lang='lat' dir='ltr'>nos</span> <span class='ocrx_word' id='word_1_66' title='bbox 721 611 915 650; x_wconf 90' lang='lat' dir='ltr'>delicatos</span> <span class='ocrx_word' id='word_1_67' title='bbox 936 615 975 649; x_wconf 91' lang='lat' dir='ltr'>et</span> <span class='ocrx_word' id='word_1_68' title='bbox 995 611 1034 649; x_wconf 90' lang='lat' dir='ltr'>in</span> <span class='ocrx_word' id='word_1_69' title='bbox 1054 612 1199 650; x_wconf 88' lang='lat' dir='ltr'>malam</span> <span class='ocrx_word' id='word_1_70' title='bbox 1228 622 1324 651; x_wconf 91' lang='lat' dir='ltr'>con-</span> 
     </span>
     <span class='ocr_line' id='line_1_9' title="bbox 40 667 1324 715; baseline -0.002 -6"><span class='ocrx_word' id='word_1_71' title='bbox 40 669 294 709; x_wconf 87' lang='lat' dir='ltr'>suetudinem</span> <span class='ocrx_word' id='word_1_72' title='bbox 327 668 517 706; x_wconf 84' lang='lat' dir='ltr'>inducent</span> <span class='ocrx_word' id='word_1_73' title='bbox 543 667 641 705; x_wconf 85' lang='lat' dir='ltr'>nihil</span> <span class='ocrx_word' id='word_1_74' title='bbox 670 671 810 705; x_wconf 90' lang='lat' dir='ltr'>contra</span> <span class='ocrx_word' id='word_1_75' title='bbox 842 667 1087 706; x_wconf 88' lang='lat' dir='ltr'>voluntatem</span> <span class='ocrx_word' id='word_1_76' title='bbox 1122 667 1324 715; x_wconf 87' lang='lat' dir='ltr'>audiendi,</span> 
     </span>
     <span class='ocr_line' id='line_1_10' title="bbox 40 722 1325 774; baseline -0.002 -10"><span class='ocrx_word' id='word_1_77' title='bbox 40 726 115 764; x_wconf 91' lang='lat' dir='ltr'>sed</span> <span class='ocrx_word' id='word_1_78' title='bbox 135 724 314 774; x_wconf 89' lang='lat' dir='ltr'>proderit</span> <span class='ocrx_word' id='word_1_79' title='bbox 332 724 428 762; x_wconf 90' lang='lat' dir='ltr'>vitio</span> <span class='ocrx_word' id='word_1_80' title='bbox 449 734 524 762; x_wconf 93' lang='lat' dir='ltr'>suo</span> <span class='ocrx_word' id='word_1_81' title='bbox 553 723 802 762; x_wconf 85' lang='lat' dir='ltr'>intervallum</span> <span class='ocrx_word' id='word_1_82' title='bbox 821 727 860 761; x_wconf 90' lang='lat' dir='ltr'>et</span> <span class='ocrx_word' id='word_1_83' title='bbox 881 722 1055 772; x_wconf 83' lang='lat' dir='ltr'>quietem</span> <span class='ocrx_word' id='word_1_84' title='bbox 1074 723 1185 762; x_wconf 86' lang='lat' dir='ltr'>dare.</span> <span class='ocrx_word' id='word_1_85' title='bbox 1212 723 1325 762; x_wconf 87' lang='lat' dir='ltr'>Diffi-</span> 
     </span>
     <span class='ocr_line' id='line_1_11' title="bbox 40 778 1325 829; baseline -0.003 -9"><span class='ocrx_word' id='word_1_86' title='bbox 40 781 128 820; x_wconf 87' lang='lat' dir='ltr'>cilis</span> <span class='ocrx_word' id='word_1_87' title='bbox 153 790 315 829; x_wconf 86' lang='lat' dir='ltr'>quoque</span> <span class='ocrx_word' id='word_1_88' title='bbox 335 785 374 819; x_wconf 90' lang='lat' dir='ltr'>et</span> <span class='ocrx_word' id='word_1_89' title='bbox 400 779 578 818; x_wconf 88' lang='lat' dir='ltr'>indomiti</span> <span class='ocrx_word' id='word_1_90' title='bbox 607 783 750 818; x_wconf 86' lang='lat' dir='ltr'>natura</span> <span class='ocrx_word' id='word_1_91' title='bbox 773 778 1044 818; x_wconf 83' lang='lat' dir='ltr'>blandientem</span> <span class='ocrx_word' id='word_1_92' title='bbox 1072 779 1192 818; x_wconf 75' lang='lat' dir='ltr'>feret=</span> <span class='ocrx_word' id='word_1_93' title='bbox 1228 779 1325 818; x_wconf 89' lang='lat' dir='ltr'>nihil</span> 
     </span>
     <span class='ocr_line' id='line_1_12' title="bbox 41 834 1368 886; baseline -0.002 -9"><span class='ocrx_word' id='word_1_94' title='bbox 41 847 231 886; x_wconf 88' lang='lat' dir='ltr'>asperum</span> <span class='ocrx_word' id='word_1_95' title='bbox 262 835 522 884; x_wconf 84' lang='lat' dir='ltr'>territumque</span> <span class='ocrx_word' id='word_1_96' title='bbox 554 835 730 884; x_wconf 82' lang='lat' dir='ltr'>palpanti</span> <span class='ocrx_word' id='word_1_97' title='bbox 759 839 833 874; x_wconf 85' lang='lat' dir='ltr'>est.</span> <span class='ocrx_word' id='word_1_98' title='bbox 886 835 1078 882; x_wconf 82' lang='lat' dir='ltr'>Quotiens</span> <span class='ocrx_word' id='word_1_99' title='bbox 1106 834 1324 884; x_wconf 88' lang='lat' dir='ltr'>disputatio</span> <span class='ocrx_word' id='word_1_100' title='bbox 1345 839 1368 874; x_wconf 85' lang='grc'><strong>8</strong></span> 
     </span>
     <span class='ocr_line' id='line_1_13' title="bbox 43 890 1327 942; baseline -0.002 -11"><span class='ocrx_word' id='word_1_101' title='bbox 43 893 198 942; x_wconf 86' lang='lat' dir='ltr'>longior</span> <span class='ocrx_word' id='word_1_102' title='bbox 217 897 256 931; x_wconf 90' lang='lat' dir='ltr'>et</span> <span class='ocrx_word' id='word_1_103' title='bbox 275 892 497 941; x_wconf 81' lang='lat' dir='ltr'>pugnacior</span> <span class='ocrx_word' id='word_1_104' title='bbox 515 891 600 938; x_wconf 89' lang='lat' dir='ltr'>erit,</span> <span class='ocrx_word' id='word_1_105' title='bbox 621 892 659 930; x_wconf 91' lang='lat' dir='ltr'>in</span> <span class='ocrx_word' id='word_1_106' title='bbox 682 890 812 940; x_wconf 91' lang='lat' dir='ltr'>prima</span> <span class='ocrx_word' id='word_1_107' title='bbox 830 891 1079 937; x_wconf 84' lang='lat' dir='ltr'>resistamus,</span> <span class='ocrx_word' id='word_1_108' title='bbox 1110 895 1327 940; x_wconf 85' lang='lat' dir='ltr'>antequam</span> 
     </span>
     <span class='ocr_line' id='line_1_14' title="bbox 43 946 1326 996; baseline 0 -10"><span class='ocrx_word' id='word_1_109' title='bbox 43 948 165 988; x_wconf 88' lang='lat' dir='ltr'>robur</span> <span class='ocrx_word' id='word_1_110' title='bbox 183 948 364 996; x_wconf 88' lang='lat' dir='ltr'>accipiat.</span> <span class='ocrx_word' id='word_1_111' title='bbox 404 947 473 986; x_wconf 90' lang='lat' dir='ltr'>alit</span> <span class='ocrx_word' id='word_1_112' title='bbox 500 957 547 986; x_wconf 90' lang='lat' dir='ltr'>se</span> <span class='ocrx_word' id='word_1_113' title='bbox 573 947 664 996; x_wconf 89' lang='lat' dir='ltr'>ipsa</span> <span class='ocrx_word' id='word_1_114' title='bbox 683 947 886 986; x_wconf 86' lang='lat' dir='ltr'>contentio</span> <span class='ocrx_word' id='word_1_115' title='bbox 907 952 948 986; x_wconf 87' lang='lat' dir='ltr'>et</span> <span class='ocrx_word' id='word_1_116' title='bbox 974 947 1179 986; x_wconf 87' lang='lat' dir='ltr'>demissos</span> <span class='ocrx_word' id='word_1_117' title='bbox 1208 946 1326 986; x_wconf 89' lang='lat' dir='ltr'>altius</span> 
     </span>
     <span class='ocr_line' id='line_1_15' title="bbox 43 1002 1326 1052; baseline 0 -10"><span class='ocrx_word' id='word_1_118' title='bbox 43 1008 160 1043; x_wconf 89' lang='lat' dir='ltr'>tenet.</span> <span class='ocrx_word' id='word_1_119' title='bbox 193 1004 366 1043; x_wconf 90' lang='lat' dir='ltr'>Facilius</span> <span class='ocrx_word' id='word_1_120' title='bbox 393 1007 456 1050; x_wconf 83' lang='lat' dir='ltr'>est</span> <span class='ocrx_word' id='word_1_121' title='bbox 482 1013 529 1042; x_wconf 89' lang='lat' dir='ltr'>se</span> <span class='ocrx_word' id='word_1_122' title='bbox 556 1013 582 1042; x_wconf 86' lang='lat' dir='ltr'>a</span> <span class='ocrx_word' id='word_1_123' title='bbox 607 1002 823 1041; x_wconf 86' lang='lat' dir='ltr'>certamine</span> <span class='ocrx_word' id='word_1_124' title='bbox 851 1002 1056 1042; x_wconf 90' lang='lat' dir='ltr'>abstinere</span> <span class='ocrx_word' id='word_1_125' title='bbox 1085 1014 1180 1052; x_wconf 88' lang='lat' dir='ltr'>qum</span> <span class='ocrx_word' id='word_1_126' title='bbox 1200 1003 1326 1042; x_wconf 90' lang='lat' dir='ltr'>abdu-</span> 
     </span>
     <span class='ocr_line' id='line_1_16' title="bbox 41 1069 1034 1098; baseline -0.001 0"><span class='ocrx_word' id='word_1_127' title='bbox 41 1069 146 1098; x_wconf 84' lang='lat' dir='ltr'>cere.</span> <span class='ocrx_word' id='word_1_128' title='bbox 396 1076 397 1079; x_wconf 38' lang='lat'>¹</span> <span class='ocrx_word' id='word_1_129' title='bbox 1031 1073 1034 1076; x_wconf 52' lang='lat'><em>⁴</em></span> 
     </span>
    </p>

    <p class='ocr_par' dir='ltr' id='par_1_3' title="bbox 38 1106 1368 2393">
     <span class='ocr_line' id='line_1_17' title="bbox 124 1106 1368 1163; baseline 0 -10"><span class='ocrx_word' id='word_1_130' title='bbox 124 1114 189 1154; x_wconf 91' lang='lat' dir='ltr'>IX.</span> <span class='ocrx_word' id='word_1_131' title='bbox 219 1114 359 1154; x_wconf 88' lang='lat' dir='ltr'>Studia</span> <span class='ocrx_word' id='word_1_132' title='bbox 380 1123 543 1163; x_wconf 86' lang='lat' dir='ltr'>quoque</span> <span class='ocrx_word' id='word_1_133' title='bbox 566 1112 752 1161; x_wconf 80' lang='lat' dir='ltr'>graviora</span> <span class='ocrx_word' id='word_1_134' title='bbox 771 1113 974 1153; x_wconf 89' lang='lat' dir='ltr'>iracundis</span> <span class='ocrx_word' id='word_1_135' title='bbox 995 1106 1214 1153; x_wconf 86' lang='lat' dir='ltr'>omittenda</span> <span class='ocrx_word' id='word_1_136' title='bbox 1233 1117 1328 1152; x_wconf 89' lang='lat' dir='ltr'>sunt</span> <span class='ocrx_word' id='word_1_137' title='bbox 1348 1120 1368 1154; x_wconf 94' lang='lat'>1</span> 
     </span>
     <span class='ocr_line' id='line_1_18' title="bbox 38 1169 1324 1211; baseline -0.001 -2"><span class='ocrx_word' id='word_1_138' title='bbox 38 1175 108 1210; x_wconf 89' lang='lat' dir='ltr'>aut</span> <span class='ocrx_word' id='word_1_139' title='bbox 127 1176 234 1211; x_wconf 88' lang='lat' dir='ltr'>certe</span> <span class='ocrx_word' id='word_1_140' title='bbox 261 1170 359 1208; x_wconf 88' lang='lat' dir='ltr'>citra</span> <span class='ocrx_word' id='word_1_141' title='bbox 379 1169 655 1208; x_wconf 84' lang='lat' dir='ltr'>lassitudinem</span> <span class='ocrx_word' id='word_1_142' title='bbox 676 1170 904 1208; x_wconf 85' lang='lat' dir='ltr'>exercenda</span> <span class='ocrx_word' id='word_1_143' title='bbox 923 1174 964 1209; x_wconf 89' lang='lat' dir='ltr'>et</span> <span class='ocrx_word' id='word_1_144' title='bbox 982 1170 1138 1209; x_wconf 88' lang='lat' dir='ltr'>animus</span> <span class='ocrx_word' id='word_1_145' title='bbox 1158 1180 1240 1209; x_wconf 90' lang='lat' dir='ltr'>non</span> <span class='ocrx_word' id='word_1_146' title='bbox 1265 1170 1324 1208; x_wconf 88' lang='lat' dir='ltr'>in-</span> 
     </span>
     <span class='ocr_line' id='line_1_19' title="bbox 41 1225 1324 1276; baseline -0.001 -11"><span class='ocrx_word' id='word_1_147' title='bbox 41 1231 101 1265; x_wconf 91' lang='lat' dir='ltr'>ter</span> <span class='ocrx_word' id='word_1_148' title='bbox 125 1227 240 1276; x_wconf 88' lang='lat' dir='ltr'>plura</span> <span class='ocrx_word' id='word_1_149' title='bbox 258 1226 505 1273; x_wconf 90' lang='lat' dir='ltr'>versandus,</span> <span class='ocrx_word' id='word_1_150' title='bbox 527 1226 599 1263; x_wconf 90' lang='lat' dir='ltr'>sed</span> <span class='ocrx_word' id='word_1_151' title='bbox 621 1225 774 1264; x_wconf 87' lang='lat' dir='ltr'>artibus</span> <span class='ocrx_word' id='word_1_152' title='bbox 795 1225 976 1264; x_wconf 85' lang='lat' dir='ltr'>amoenis</span> <span class='ocrx_word' id='word_1_153' title='bbox 998 1226 1242 1265; x_wconf 87' lang='lat' dir='ltr'>tradendus:</span> <span class='ocrx_word' id='word_1_154' title='bbox 1269 1227 1324 1264; x_wconf 90' lang='lat' dir='ltr'>le-</span> 
     </span>
     <span class='ocr_line' id='line_1_20' title="bbox 41 1280 1324 1321; baseline -0.002 0"><span class='ocrx_word' id='word_1_155' title='bbox 41 1282 120 1321; x_wconf 89' lang='lat' dir='ltr'>ctio</span> <span class='ocrx_word' id='word_1_156' title='bbox 139 1283 246 1321; x_wconf 88' lang='lat' dir='ltr'>illurn</span> <span class='ocrx_word' id='word_1_157' title='bbox 269 1282 487 1321; x_wconf 86' lang='lat' dir='ltr'>carminum</span> <span class='ocrx_word' id='word_1_158' title='bbox 508 1280 683 1320; x_wconf 89' lang='lat' dir='ltr'>obleniat</span> <span class='ocrx_word' id='word_1_159' title='bbox 711 1286 749 1320; x_wconf 91' lang='lat' dir='ltr'>et</span> <span class='ocrx_word' id='word_1_160' title='bbox 771 1281 939 1320; x_wconf 88' lang='lat' dir='ltr'>historia</span> <span class='ocrx_word' id='word_1_161' title='bbox 959 1282 1106 1320; x_wconf 82' lang='lat' dir='ltr'>sabulis</span> <span class='ocrx_word' id='word_1_162' title='bbox 1135 1282 1324 1321; x_wconf 87' lang='lat' dir='ltr'>detineat.</span> 
     </span>
     <span class='ocr_line' id='line_1_21' title="bbox 40 1337 1363 1388; baseline 0.001 -12"><span class='ocrx_word' id='word_1_163' title='bbox 40 1338 197 1377; x_wconf 90' lang='lat' dir='ltr'>mollius</span> <span class='ocrx_word' id='word_1_164' title='bbox 217 1338 509 1386; x_wconf 86' lang='lat' dir='ltr'>delicatiusque</span> <span class='ocrx_word' id='word_1_165' title='bbox 535 1341 734 1376; x_wconf 87' lang='lat' dir='ltr'>tractetur.</span> <span class='ocrx_word' id='word_1_166' title='bbox 775 1337 1028 1388; x_wconf 83' lang='lat' dir='ltr'>Pythagoras</span> <span class='ocrx_word' id='word_1_167' title='bbox 1058 1337 1321 1387; x_wconf 88' lang='lat' dir='ltr'>perturbatio·</span> <span class='ocrx_word' id='word_1_168' title='bbox 1341 1342 1363 1377; x_wconf 84' lang='lat'><strong>2</strong></span> 
     </span>
     <span class='ocr_line' id='line_1_22' title="bbox 42 1393 1327 1445; baseline 0 -13"><span class='ocrx_word' id='word_1_169' title='bbox 42 1403 114 1432; x_wconf 91' lang='lat' dir='ltr'>nes</span> <span class='ocrx_word' id='word_1_170' title='bbox 134 1394 253 1432; x_wconf 86' lang='lat' dir='ltr'>animi</span> <span class='ocrx_word' id='word_1_171' title='bbox 272 1394 360 1445; x_wconf 78' lang='lat' dir='ltr'>lyra</span> <span class='ocrx_word' id='word_1_172' title='bbox 381 1393 650 1443; x_wconf 76' lang='lat' dir='ltr'>componebat.</span> <span class='ocrx_word' id='word_1_173' title='bbox 695 1393 785 1442; x_wconf 87' lang='lat' dir='ltr'>quis</span> <span class='ocrx_word' id='word_1_174' title='bbox 806 1398 938 1432; x_wconf 88' lang='lat' dir='ltr'>autem</span> <span class='ocrx_word' id='word_1_175' title='bbox 958 1393 1116 1442; x_wconf 83' lang='lat' dir='ltr'>ignorat</span> <span class='ocrx_word' id='word_1_176' title='bbox 1135 1394 1256 1433; x_wconf 88' lang='lat' dir='ltr'>lituos</span> <span class='ocrx_word' id='word_1_177' title='bbox 1286 1397 1327 1432; x_wconf 91' lang='lat' dir='ltr'>et</span> 
     </span>
     <span class='ocr_line' id='line_1_23' title="bbox 42 1449 1326 1498; baseline -0.001 -10"><span class='ocrx_word' id='word_1_178' title='bbox 42 1449 159 1488; x_wconf 85' lang='lat' dir='ltr'>tubas</span> <span class='ocrx_word' id='word_1_179' title='bbox 179 1450 469 1488; x_wconf 84' lang='lat' dir='ltr'>concitamenta</span> <span class='ocrx_word' id='word_1_180' title='bbox 495 1459 609 1494; x_wconf 90' lang='lat' dir='ltr'>esse,</span> <span class='ocrx_word' id='word_1_181' title='bbox 640 1449 746 1488; x_wconf 90' lang='lat' dir='ltr'>sicut</span> <span class='ocrx_word' id='word_1_182' title='bbox 773 1449 972 1498; x_wconf 88' lang='lat' dir='ltr'>quosdam</span> <span class='ocrx_word' id='word_1_183' title='bbox 1001 1454 1142 1489; x_wconf 83' lang='lat' dir='ltr'>cantus</span> <span class='ocrx_word' id='word_1_184' title='bbox 1170 1449 1326 1488; x_wconf 89' lang='lat' dir='ltr'>blandi-</span> 
     </span>
     <span class='ocr_line' id='line_1_24' title="bbox 43 1505 1328 1554; baseline 0.002 -12"><span class='ocrx_word' id='word_1_185' title='bbox 43 1509 195 1551; x_wconf 90' lang='lat' dir='ltr'>menta,</span> <span class='ocrx_word' id='word_1_186' title='bbox 216 1505 363 1553; x_wconf 85' lang='lat' dir='ltr'>quibus</span> <span class='ocrx_word' id='word_1_187' title='bbox 382 1515 496 1544; x_wconf 91' lang='lat' dir='ltr'>mens</span> <span class='ocrx_word' id='word_1_188' title='bbox 514 1505 768 1544; x_wconf 71' lang='lat' dir='ltr'>resolvatur?</span> <span class='ocrx_word' id='word_1_189' title='bbox 805 1506 987 1544; x_wconf 79' lang='lat' dir='ltr'>confusis</span> <span class='ocrx_word' id='word_1_190' title='bbox 1007 1506 1137 1545; x_wconf 90' lang='lat' dir='ltr'>oculis</span> <span class='ocrx_word' id='word_1_191' title='bbox 1157 1510 1328 1554; x_wconf 86' lang='lat' dir='ltr'>prosunt</span> 
     </span>
     <span class='ocr_line' id='line_1_25' title="bbox 43 1560 1325 1611; baseline 0.002 -13"><span class='ocrx_word' id='word_1_192' title='bbox 43 1560 211 1599; x_wconf 88' lang='lat' dir='ltr'>virentia</span> <span class='ocrx_word' id='word_1_193' title='bbox 230 1565 270 1598; x_wconf 91' lang='lat' dir='ltr'>et</span> <span class='ocrx_word' id='word_1_194' title='bbox 291 1561 531 1609; x_wconf 86' lang='lat' dir='ltr'>quibusdam</span> <span class='ocrx_word' id='word_1_195' title='bbox 552 1560 753 1599; x_wconf 91' lang='lat' dir='ltr'>coloribus</span> <span class='ocrx_word' id='word_1_196' title='bbox 781 1561 938 1600; x_wconf 87' lang='lat' dir='ltr'>infirma</span> <span class='ocrx_word' id='word_1_197' title='bbox 957 1562 1067 1600; x_wconf 90' lang='lat' dir='ltr'>acies</span> <span class='ocrx_word' id='word_1_198' title='bbox 1087 1561 1325 1611; x_wconf 87' lang='lat' dir='ltr'>adquiescit,</span> 
     </span>
     <span class='ocr_line' id='line_1_26' title="bbox 46 1616 1325 1666; baseline 0.002 -12"><span class='ocrx_word' id='word_1_199' title='bbox 46 1616 311 1665; x_wconf 87' lang='lat' dir='ltr'>quorumdam</span> <span class='ocrx_word' id='word_1_200' title='bbox 333 1617 549 1664; x_wconf 89' lang='lat' dir='ltr'>splendore</span> <span class='ocrx_word' id='word_1_201' title='bbox 578 1617 901 1666; x_wconf 80' lang='lat' dir='ltr'>praestringitur:</span> <span class='ocrx_word' id='word_1_202' title='bbox 930 1617 989 1656; x_wconf 90' lang='lat' dir='ltr'>sic</span> <span class='ocrx_word' id='word_1_203' title='bbox 1006 1622 1162 1656; x_wconf 83' lang='lat' dir='ltr'>mentes</span> <span class='ocrx_word' id='word_1_204' title='bbox 1181 1627 1325 1666; x_wconf 82' lang='lat' dir='ltr'>aegras</span> 
     </span>
     <span class='ocr_line' id='line_1_27' title="bbox 43 1671 1364 1721; baseline 0.002 -10"><span class='ocrx_word' id='word_1_205' title='bbox 43 1671 177 1711; x_wconf 87' lang='lat' dir='ltr'>studia</span> <span class='ocrx_word' id='word_1_206' title='bbox 192 1672 296 1710; x_wconf 87' lang='lat' dir='ltr'>laeta</span> <span class='ocrx_word' id='word_1_207' title='bbox 315 1672 573 1720; x_wconf 86' lang='lat' dir='ltr'>permulcent.</span> <span class='ocrx_word' id='word_1_208' title='bbox 601 1673 760 1721; x_wconf 86' lang='lat' dir='ltr'>Forum,</span> <span class='ocrx_word' id='word_1_209' title='bbox 781 1673 1083 1719; x_wconf 86' lang='lat' dir='ltr'>advocationes,</span> <span class='ocrx_word' id='word_1_210' title='bbox 1100 1673 1247 1712; x_wconf 88' lang='lat' dir='ltr'>iudicia</span> <span class='ocrx_word' id='word_1_211' title='bbox 1266 1673 1325 1712; x_wconf 85' lang='lat' dir='ltr'>fu·</span> <span class='ocrx_word' id='word_1_212' title='bbox 1340 1679 1364 1714; x_wconf 80' lang='lat'>3</span> 
     </span>
     <span class='ocr_line' id='line_1_28' title="bbox 43 1727 1327 1778; baseline 0.002 -12"><span class='ocrx_word' id='word_1_213' title='bbox 43 1737 139 1777; x_wconf 81' lang='lat' dir='ltr'>gere</span> <span class='ocrx_word' id='word_1_214' title='bbox 161 1727 355 1766; x_wconf 85' lang='lat' dir='ltr'>debemus</span> <span class='ocrx_word' id='word_1_215' title='bbox 376 1731 415 1766; x_wconf 89' lang='lat' dir='ltr'>et</span> <span class='ocrx_word' id='word_1_216' title='bbox 436 1727 588 1774; x_wconf 90' lang='lat' dir='ltr'>omnia,</span> <span class='ocrx_word' id='word_1_217' title='bbox 620 1739 723 1777; x_wconf 89' lang='lat' dir='ltr'>quae</span> <span class='ocrx_word' id='word_1_218' title='bbox 750 1729 983 1768; x_wconf 89' lang='lat' dir='ltr'>exulcerant</span> <span class='ocrx_word' id='word_1_219' title='bbox 1009 1728 1166 1778; x_wconf 86' lang='lat' dir='ltr'>vitium,</span> <span class='ocrx_word' id='word_1_220' title='bbox 1196 1738 1327 1777; x_wconf 86' lang='lat' dir='ltr'>aeque</span> 
     </span>
     <span class='ocr_line' id='line_1_29' title="bbox 45 1782 1326 1833; baseline 0 -11"><span class='ocrx_word' id='word_1_221' title='bbox 45 1793 189 1822; x_wconf 89' lang='lat' dir='ltr'>cavere</span> <span class='ocrx_word' id='word_1_222' title='bbox 217 1783 292 1833; x_wconf 78' lang='lat' dir='ltr'>[ac]</span> <span class='ocrx_word' id='word_1_223' title='bbox 312 1782 590 1822; x_wconf 84' lang='lat' dir='ltr'>lassitudinem</span> <span class='ocrx_word' id='word_1_224' title='bbox 618 1784 824 1833; x_wconf 84' lang='lat' dir='ltr'>corporis:</span> <span class='ocrx_word' id='word_1_225' title='bbox 852 1785 1051 1824; x_wconf 88' lang='lat' dir='ltr'>consumit</span> <span class='ocrx_word' id='word_1_226' title='bbox 1077 1785 1182 1823; x_wconf 89' lang='lat' dir='ltr'>enim</span> <span class='ocrx_word' id='word_1_227' title='bbox 1215 1783 1326 1832; x_wconf 86' lang='lat' dir='ltr'>quic-</span> 
     </span>
     <span class='ocr_line' id='line_1_30' title="bbox 45 1838 1365 1888; baseline 0.002 -10"><span class='ocrx_word' id='word_1_228' title='bbox 45 1839 139 1888; x_wconf 89' lang='lat' dir='ltr'>quid</span> <span class='ocrx_word' id='word_1_229' title='bbox 162 1840 200 1878; x_wconf 92' lang='lat' dir='ltr'>in</span> <span class='ocrx_word' id='word_1_230' title='bbox 219 1838 336 1877; x_wconf 91' lang='lat' dir='ltr'>nobis</span> <span class='ocrx_word' id='word_1_231' title='bbox 353 1839 446 1877; x_wconf 91' lang='lat' dir='ltr'>mite</span> <span class='ocrx_word' id='word_1_232' title='bbox 465 1839 746 1888; x_wconf 87' lang='lat' dir='ltr'>placidumque</span> <span class='ocrx_word' id='word_1_233' title='bbox 761 1845 824 1879; x_wconf 88' lang='lat' dir='ltr'>est</span> <span class='ocrx_word' id='word_1_234' title='bbox 840 1845 879 1879; x_wconf 87' lang='lat' dir='ltr'>et</span> <span class='ocrx_word' id='word_1_235' title='bbox 892 1841 1001 1879; x_wconf 86' lang='lat' dir='ltr'>acria</span> <span class='ocrx_word' id='word_1_236' title='bbox 1017 1841 1199 1880; x_wconf 86' lang='lat' dir='ltr'>concitat.</span> <span class='ocrx_word' id='word_1_237' title='bbox 1230 1840 1327 1879; x_wconf 79' lang='lat' dir='ltr'>ideo</span> <span class='ocrx_word' id='word_1_238' title='bbox 1342 1846 1365 1881; x_wconf 83' lang='lat'>4</span> 
     </span>
     <span class='ocr_line' id='line_1_31' title="bbox 45 1895 1326 1945; baseline 0.001 -12"><span class='ocrx_word' id='word_1_239' title='bbox 45 1895 191 1943; x_wconf 90' lang='lat' dir='ltr'>quibus</span> <span class='ocrx_word' id='word_1_240' title='bbox 211 1895 444 1935; x_wconf 87' lang='lat' dir='ltr'>stomachus</span> <span class='ocrx_word' id='word_1_241' title='bbox 465 1899 678 1943; x_wconf 85' lang='lat' dir='ltr'>suspectus</span> <span class='ocrx_word' id='word_1_242' title='bbox 700 1901 771 1944; x_wconf 84' lang='lat' dir='ltr'>est,</span> <span class='ocrx_word' id='word_1_243' title='bbox 794 1896 1026 1945; x_wconf 86' lang='lat' dir='ltr'>processuri</span> <span class='ocrx_word' id='word_1_244' title='bbox 1047 1898 1099 1935; x_wconf 88' lang='lat' dir='ltr'>ad</span> <span class='ocrx_word' id='word_1_245' title='bbox 1117 1906 1184 1934; x_wconf 93' lang='lat' dir='ltr'>res</span> <span class='ocrx_word' id='word_1_246' title='bbox 1205 1906 1326 1944; x_wconf 85' lang='lat' dir='ltr'>agen-</span> 
     </span>
     <span class='ocr_line' id='line_1_32' title="bbox 45 1949 1327 2001; baseline 0.002 -12"><span class='ocrx_word' id='word_1_247' title='bbox 45 1951 119 1989; x_wconf 88' lang='lat' dir='ltr'>das</span> <span class='ocrx_word' id='word_1_248' title='bbox 139 1949 300 1990; x_wconf 91' lang='lat' dir='ltr'>maioris</span> <span class='ocrx_word' id='word_1_249' title='bbox 321 1950 470 1999; x_wconf 86' lang='lat' dir='ltr'>negotii</span> <span class='ocrx_word' id='word_1_250' title='bbox 491 1950 609 1989; x_wconf 89' lang='lat' dir='ltr'>bilem</span> <span class='ocrx_word' id='word_1_251' title='bbox 630 1951 719 1990; x_wconf 92' lang='lat' dir='ltr'>cibo</span> <span class='ocrx_word' id='word_1_252' title='bbox 740 1957 981 2001; x_wconf 85' lang='lat' dir='ltr'>temperant,</span> <span class='ocrx_word' id='word_1_253' title='bbox 1011 1963 1130 2001; x_wconf 89' lang='lat' dir='ltr'>quam</span> <span class='ocrx_word' id='word_1_254' title='bbox 1153 1950 1327 1991; x_wconf 85' lang='lat' dir='ltr'>maxime</span> 
     </span>
     <span class='ocr_line' id='line_1_33' title="bbox 44 2007 1328 2056; baseline 0.001 -11"><span class='ocrx_word' id='word_1_255' title='bbox 44 2011 178 2046; x_wconf 88' lang='lat' dir='ltr'>movet</span> <span class='ocrx_word' id='word_1_256' title='bbox 193 2007 380 2055; x_wconf 82' lang='lat' dir='ltr'>fatigatio,</span> <span class='ocrx_word' id='word_1_257' title='bbox 392 2007 479 2045; x_wconf 90' lang='lat' dir='ltr'>sive</span> <span class='ocrx_word' id='word_1_258' title='bbox 497 2007 592 2055; x_wconf 88' lang='lat' dir='ltr'>quia</span> <span class='ocrx_word' id='word_1_259' title='bbox 608 2008 780 2046; x_wconf 85' lang='lat' dir='ltr'>calorem</span> <span class='ocrx_word' id='word_1_260' title='bbox 797 2008 834 2046; x_wconf 91' lang='lat' dir='ltr'>in</span> <span class='ocrx_word' id='word_1_261' title='bbox 853 2009 986 2053; x_wconf 84' lang='lat' dir='ltr'>media</span> <span class='ocrx_word' id='word_1_262' title='bbox 1001 2007 1192 2056; x_wconf 88' lang='lat' dir='ltr'>conpellit</span> <span class='ocrx_word' id='word_1_263' title='bbox 1206 2012 1244 2046; x_wconf 92' lang='lat' dir='ltr'>et</span> <span class='ocrx_word' id='word_1_264' title='bbox 1259 2018 1328 2046; x_wconf 89' lang='lat' dir='ltr'>no-</span> 
     </span>
     <span class='ocr_line' id='line_1_34' title="bbox 45 2062 1327 2112; baseline 0.001 -11"><span class='ocrx_word' id='word_1_265' title='bbox 45 2066 108 2101; x_wconf 89' lang='lat' dir='ltr'>cet</span> <span class='ocrx_word' id='word_1_266' title='bbox 121 2063 307 2110; x_wconf 84' lang='lat' dir='ltr'>sanguini</span> <span class='ocrx_word' id='word_1_267' title='bbox 323 2072 570 2111; x_wconf 89' lang='lat' dir='ltr'>cursumque</span> <span class='ocrx_word' id='word_1_268' title='bbox 584 2062 672 2101; x_wconf 89' lang='lat' dir='ltr'>eius</span> <span class='ocrx_word' id='word_1_269' title='bbox 686 2064 798 2102; x_wconf 88' lang='lat' dir='ltr'>venis</span> <span class='ocrx_word' id='word_1_270' title='bbox 815 2063 1089 2102; x_wconf 85' lang='lat' dir='ltr'>laborantibus</span> <span class='ocrx_word' id='word_1_271' title='bbox 1104 2063 1221 2112; x_wconf 87' lang='lat' dir='ltr'>sistit,</span> <span class='ocrx_word' id='word_1_272' title='bbox 1240 2063 1327 2102; x_wconf 85' lang='lat' dir='ltr'>sive</span> 
     </span>
     <span class='ocr_line' id='line_1_35' title="bbox 46 2118 1327 2168; baseline 0.002 -11"><span class='ocrx_word' id='word_1_273' title='bbox 46 2118 140 2168; x_wconf 87' lang='lat' dir='ltr'>quia</span> <span class='ocrx_word' id='word_1_274' title='bbox 155 2128 303 2167; x_wconf 89' lang='lat' dir='ltr'>corpus</span> <span class='ocrx_word' id='word_1_275' title='bbox 314 2119 571 2158; x_wconf 89' lang='lat' dir='ltr'>adtenuatum</span> <span class='ocrx_word' id='word_1_276' title='bbox 584 2124 624 2157; x_wconf 89' lang='lat' dir='ltr'>et</span> <span class='ocrx_word' id='word_1_277' title='bbox 638 2119 833 2158; x_wconf 82' lang='lat' dir='ltr'>infirmum</span> <span class='ocrx_word' id='word_1_278' title='bbox 845 2118 1038 2158; x_wconf 89' lang='lat' dir='ltr'>incumbit</span> <span class='ocrx_word' id='word_1_279' title='bbox 1051 2118 1196 2158; x_wconf 86' lang='lat' dir='ltr'>animo.</span> <span class='ocrx_word' id='word_1_280' title='bbox 1219 2125 1327 2159; x_wconf 89' lang='lat' dir='ltr'>certe</span> 
     </span>
     <span class='ocr_line' id='line_1_36' title="bbox 45 2174 1325 2221; baseline 0 -7"><span class='ocrx_word' id='word_1_281' title='bbox 45 2174 99 2214; x_wconf 92' lang='lat' dir='ltr'>ob</span> <span class='ocrx_word' id='word_1_282' title='bbox 118 2174 298 2213; x_wconf 86' lang='lat' dir='ltr'>eamdem</span> <span class='ocrx_word' id='word_1_283' title='bbox 320 2185 484 2214; x_wconf 89' lang='lat' dir='ltr'>causam</span> <span class='ocrx_word' id='word_1_284' title='bbox 513 2175 790 2213; x_wconf 86' lang='lat' dir='ltr'>iracundiores</span> <span class='ocrx_word' id='word_1_285' title='bbox 819 2179 913 2214; x_wconf 88' lang='lat' dir='ltr'>sunt</span> <span class='ocrx_word' id='word_1_286' title='bbox 933 2174 1148 2221; x_wconf 84' lang='lat' dir='ltr'>valitudine</span> <span class='ocrx_word' id='word_1_287' title='bbox 1172 2180 1240 2214; x_wconf 90' lang='lat' dir='ltr'>aut</span> <span class='ocrx_word' id='word_1_288' title='bbox 1260 2185 1325 2214; x_wconf 91' lang='lat' dir='ltr'>ae-</span> 
     </span>
     <span class='ocr_line' id='line_1_37' title="bbox 44 2228 1327 2285; baseline 0 -16"><span class='ocrx_word' id='word_1_289' title='bbox 44 2234 124 2269; x_wconf 85' lang='lat' dir='ltr'>tate</span> <span class='ocrx_word' id='word_1_290' title='bbox 144 2230 270 2285; x_wconf 23' lang='lat' dir='ltr'>fessi..</span> <span class='ocrx_word' id='word_1_291' title='bbox 285 2228 428 2270; x_wconf 85' lang='lat' dir='ltr'>Fames</span> <span class='ocrx_word' id='word_1_292' title='bbox 445 2241 610 2280; x_wconf 88' lang='lat' dir='ltr'>quoque</span> <span class='ocrx_word' id='word_1_293' title='bbox 631 2235 670 2269; x_wconf 89' lang='lat' dir='ltr'>et</span> <span class='ocrx_word' id='word_1_294' title='bbox 684 2230 771 2269; x_wconf 88' lang='lat' dir='ltr'>sitis</span> <span class='ocrx_word' id='word_1_295' title='bbox 788 2241 839 2269; x_wconf 90' lang='lat' dir='ltr'>ex</span> <span class='ocrx_word' id='word_1_296' title='bbox 856 2230 985 2270; x_wconf 84' lang='lat' dir='ltr'>isdem</span> <span class='ocrx_word' id='word_1_297' title='bbox 1006 2230 1140 2270; x_wconf 91' lang='lat' dir='ltr'>causis</span> <span class='ocrx_word' id='word_1_298' title='bbox 1162 2231 1327 2270; x_wconf 88' lang='lat' dir='ltr'>vitanda</span> 
     </span>
     <span class='ocr_line' id='line_1_38' title="bbox 45 2286 1363 2335; baseline 0.002 -11"><span class='ocrx_word' id='word_1_299' title='bbox 45 2290 127 2325; x_wconf 85' lang='lat' dir='ltr'>est:</span> <span class='ocrx_word' id='word_1_300' title='bbox 157 2291 372 2335; x_wconf 84' lang='lat' dir='ltr'>exasperat</span> <span class='ocrx_word' id='word_1_301' title='bbox 400 2290 440 2325; x_wconf 89' lang='lat' dir='ltr'>et</span> <span class='ocrx_word' id='word_1_302' title='bbox 459 2286 636 2329; x_wconf 87' lang='lat' dir='ltr'>incendit</span> <span class='ocrx_word' id='word_1_303' title='bbox 661 2287 832 2325; x_wconf 87' lang='lat' dir='ltr'>animos.</span> <span class='ocrx_word' id='word_1_304' title='bbox 860 2287 989 2326; x_wconf 91' lang='lat' dir='ltr'>Vetus</span> <span class='ocrx_word' id='word_1_305' title='bbox 1011 2286 1158 2326; x_wconf 89' lang='lat' dir='ltr'>dictum</span> <span class='ocrx_word' id='word_1_306' title='bbox 1187 2292 1250 2326; x_wconf 90' lang='lat' dir='ltr'>est</span> <span class='ocrx_word' id='word_1_307' title='bbox 1279 2294 1363 2334; x_wconf 87' lang='lat' dir='ltr'>„a5</span> 
     </span>
     <span class='ocr_line' id='line_1_39' title="bbox 46 2340 1325 2393; baseline 0.002 -13"><span class='ocrx_word' id='word_1_308' title='bbox 46 2340 158 2381; x_wconf 81' lang='lat' dir='ltr'>lasso</span> <span class='ocrx_word' id='word_1_309' title='bbox 177 2341 305 2381; x_wconf 86' lang='lat' dir='ltr'>rixam</span> <span class='ocrx_word' id='word_1_310' title='bbox 322 2342 500 2392; x_wconf 87' lang='lat' dir='ltr'>quaeri.“</span> <span class='ocrx_word' id='word_1_311' title='bbox 529 2352 660 2393; x_wconf 87' lang='lat' dir='ltr'>aeque</span> <span class='ocrx_word' id='word_1_312' title='bbox 676 2347 807 2382; x_wconf 89' lang='lat' dir='ltr'>autem</span> <span class='ocrx_word' id='word_1_313' title='bbox 827 2348 867 2383; x_wconf 90' lang='lat' dir='ltr'>et</span> <span class='ocrx_word' id='word_1_314' title='bbox 885 2342 936 2382; x_wconf 86' lang='lat' dir='ltr'>ab</span> <span class='ocrx_word' id='word_1_315' title='bbox 956 2342 1154 2383; x_wconf 88' lang='lat' dir='ltr'>esuriente</span> <span class='ocrx_word' id='word_1_316' title='bbox 1174 2347 1213 2382; x_wconf 92' lang='lat' dir='ltr'>et</span> <span class='ocrx_word' id='word_1_317' title='bbox 1228 2354 1253 2382; x_wconf 91' lang='lat' dir='ltr'>a</span> <span class='ocrx_word' id='word_1_318' title='bbox 1271 2342 1325 2382; x_wconf 89' lang='lat' dir='ltr'>si-</span> 
     </span>
    </p>
   </div>
  </div>
 </body>
</html>
