1592 2580
265 180 344 220 220
637 180 680 218 L.
706 179 895 217 ANNAEI
922 178 1146 218 SENECAE

265 278 503 316 colebantur.
544 287 623 316 non
645 277 748 315 enim
775 287 867 316 esse
886 277 1094 326 pluvialem
1115 278 1234 326 hanc,
1256 288 1358 327 quae
1377 278 1517 318 vastis-

266 332 365 371 sima
394 331 555 370 flumina
582 343 605 370 a
634 333 742 370 sonte
763 333 891 371 statim
910 336 1002 380 apta
1020 332 1172 380 magnis
1193 333 1358 381 navigiis
1380 334 1516 378 desert,

264 397 316 424 ex
344 387 419 426 hoc
446 387 652 434 intellegas
682 387 790 433 licet,
820 386 929 434 quod
960 397 1030 434 per
1057 386 1223 425 hiemem
1250 393 1520 436 aestatemque

265 451 337 488 par
355 447 416 479 est
434 451 457 479 a
476 441 604 489 capite
622 442 811 480 deiectus.
841 441 979 479 Pluvia
998 446 1127 489 potest
1146 442 1276 481 facere
1295 447 1519 489 torrentem,

265 506 344 534 non
365 501 496 544 potest
517 506 667 534 amnem
687 495 842 544 aequali
862 496 961 534 inter
979 496 1086 544 ripas
1115 506 1210 534 suas
1229 501 1367 535 tenore
1386 497 1521 535 laben-

243 555 360 597 tem,
385 560 503 599 quem
522 561 600 588 non
622 551 768 589 iaciunt
787 549 950 596 imbres,
979 551 1050 588 sed
1069 551 1240 592 incitant.

226 636 242 667 1
342 631 424 669 XII.
461 631 610 670 Paulo
639 637 927 680 repetamus
954 630 1046 670 hoc
1079 631 1257 678 altius,
1291 630 1325 670 si
1354 632 1520 678 videtur,

263 691 302 724 et
330 686 434 723 scies
461 691 498 724 te
527 697 605 724 non
632 685 778 724 habere
811 686 919 734 quod
947 696 1134 734 quaeras,
1170 696 1258 724 cum
1278 686 1330 724 ad
1356 696 1521 724 veram

265 750 367 778 amn
382 740 476 779 ium
509 739 750 788 originem
783 739 1018 779 accesseris.
1055 739 1218 778 Flumen
1252 751 1395 788 nempe
1431 740 1523 778 fecit

265 794 381 842 eopia
401 805 624 844 cursusque
650 805 778 842 aquae
806 795 1002 843 perennis.
1040 805 1135 842 ergo
1165 794 1200 833 si
1227 795 1384 844 quaeris
1406 805 1429 833 a
1448 805 1520 841 me,

267 849 468 897 quomodo
491 860 595 897 aqua
616 849 702 895 fiat,
734 848 985 897 interrogabo
1013 849 1200 896 invicem,
1234 849 1434 897 quomodo
1455 859 1523 886 aer

225 903 247 935 2
266 903 334 941 fiat
365 908 431 942 aut
464 909 578 942 terra.
618 905 646 952 †
677 904 865 953 Aegyptii
899 909 1071 952 quatuor
1107 904 1301 943 elementa
1333 905 1522 945 fecerunt.

267 957 411 995 deinde
431 968 481 996 ex
501 958 665 1006 singulis
686 957 796 1006 bina,
817 959 938 996 maria
955 963 994 997 et
1013 958 1199 996 feminea:
1226 960 1356 996 aerem
1377 968 1523 996 marem

266 1012 458 1060 iudicant,
476 1023 556 1060 qua
571 1018 711 1051 ventus
722 1017 800 1060 est,
819 1013 999 1051 feminam
1011 1042 1020 1059 ‚
1038 1023 1116 1061 qua
1131 1013 1338 1052 nubilosus
1354 1018 1392 1051 et
1404 1013 1522 1051 iners.

266 1076 410 1114 aquam
438 1066 588 1105 virilem
619 1071 766 1105 vocant
795 1077 921 1115 mare,
954 1067 1183 1106 muliebrem
1211 1077 1365 1106 omnem
1395 1067 1522 1106 aliam.

266 1121 395 1169 ignem
411 1126 555 1160 vocant
574 1122 809 1168 masculum,
839 1132 919 1170 qua
938 1122 1051 1160 ardet
1070 1121 1244 1169 flamma,
1276 1127 1314 1160 et
1330 1121 1523 1168 seminam,

267 1185 346 1223 qua
364 1175 467 1213 lucet
481 1176 666 1214 innoxius
681 1180 801 1214 tactu.
831 1180 973 1214 terram
994 1175 1192 1214 fortiorem
1207 1187 1353 1214 marem
1370 1181 1523 1223 vocant,

268 1239 367 1267 saxa
389 1234 623 1279 cautesque=
652 1230 820 1268 feminae
839 1240 981 1268 nomen
1002 1230 1211 1278 adsignant
1229 1231 1319 1269 huic
1334 1230 1524 1268 tractabili

226 1291 248 1327 3
268 1288 306 1322 et
328 1284 467 1322 cultae.
495 1286 523 1333 †
553 1283 634 1322 Sed
661 1284 694 1321 si
722 1284 761 1322 in
788 1294 919 1323 rerum
949 1290 1088 1325 natura
1106 1284 1298 1323 elementa
1317 1288 1408 1323 sunt
1427 1296 1523 1333 qua-

269 1343 374 1384 tuor,
399 1349 478 1376 non
498 1342 613 1386 potes
633 1337 894 1386 interrogare,
914 1339 1020 1377 unde
1035 1349 1141 1387 aqua
1156 1339 1235 1378 fiat.
1266 1344 1404 1387 quarta
1422 1339 1525 1377 enim

269 1402 362 1441 pars
393 1397 554 1431 naturae
583 1397 664 1431 est=
706 1393 802 1440 quid
831 1403 926 1440 ergo
950 1390 1129 1439 miraris,
1157 1394 1190 1432 si
1209 1404 1339 1432 rerum
1363 1398 1524 1432 naturae

266 1452 345 1485 tam
365 1457 508 1495 magna
527 1447 653 1495 portio
675 1451 805 1495 potest
820 1447 967 1495 aliquid
986 1458 1036 1485 ex
1056 1457 1100 1486 se
1121 1458 1278 1496 semper
1296 1446 1526 1487 effundere?

228 1509 252 1544 4
270 1501 475 1548 Quomodo
495 1511 583 1548 aer,
612 1506 650 1540 et
669 1503 758 1550 ipse
778 1507 918 1550 quarta
938 1512 1035 1550 pars
1056 1503 1208 1549 mundi,
1238 1506 1379 1541 ventos
1400 1507 1437 1540 et
1456 1513 1523 1541 au-

268 1566 334 1594 ras
355 1561 503 1602 movet,
530 1555 588 1595 sie
604 1567 709 1604 aqua
725 1556 834 1594 rivos
854 1561 892 1595 et
907 1555 1079 1594 flumina.
1110 1556 1143 1595 si
1158 1562 1300 1595 ventus
1322 1562 1382 1596 est
1396 1556 1525 1595 fluens

268 1620 355 1655 aer,
385 1615 422 1648 et
452 1610 599 1649 flumen
626 1615 687 1649 est
715 1609 844 1649 fluens
873 1621 989 1658 aqua.
1037 1610 1140 1649 Satis
1162 1616 1201 1649 et
1218 1613 1378 1650 multum
1396 1611 1450 1650 illi
1470 1611 1524 1648 vi—

268 1665 368 1702 rium
389 1664 500 1711 dedi,
525 1668 613 1703 cum
635 1665 733 1713 dixi,
754 1665 987 1704 elementum
1006 1670 1085 1704 est:
1114 1665 1328 1714 intellegis,
1349 1666 1457 1715 quod
1476 1665 1524 1703 ab

269 1718 336 1758 illo
357 1719 619 1768 proficiscitur
639 1730 719 1758 non
738 1729 862 1768 posse
882 1719 1068 1759 deficere.

232 1806 250 1838 1
348 1801 448 1840 XllI.
476 1799 678 1847 Adiciam,
703 1806 747 1839 ut
766 1800 817 1840 ait
833 1801 994 1839 Thales:
1025 1802 1331 1841 valentissimum
1355 1802 1524 1840 elemen-

270 1861 351 1894 tum
384 1860 455 1895 est.
499 1855 575 1894 hoc
607 1855 733 1896 fuisse
759 1855 925 1903 primum
955 1861 1083 1904 putat,
1117 1866 1165 1894 ex
1193 1856 1270 1896 hoc
1301 1856 1525 1894 surrexisse

273 1910 416 1948 omnia.
457 1909 538 1948 Sed
566 1919 641 1947 nos
671 1920 832 1958 quoque
853 1910 974 1949 autin
996 1911 1135 1949 eadem
1155 1909 1366 1957 sententia,
1399 1909 1524 1947 autin

272 1964 406 2003 ultima
432 1964 518 2003 eius
539 1974 689 2003 sumus.
725 1964 892 2003 dicimus
912 1964 1015 2003 enim
1033 1964 1161 2013 ignem
1182 1975 1293 2015 esse,
1323 1964 1388 2012 qui
1407 1973 1525 2002 occu-

274 2023 340 2067 pet
360 2019 548 2058 mundum
574 2023 612 2056 et
637 2018 677 2056 in
704 2028 747 2056 se
775 2025 916 2058 cuncta
935 2024 1150 2058 convertat.
1193 2020 1296 2058 hunc
1315 2018 1525 2056 evanidum

274 2073 483 2112 considere
510 2078 549 2112 et
566 2072 661 2111 nihil
681 2072 848 2121 relinqui
867 2074 973 2111 aliud
993 2075 1031 2112 in
1050 2084 1181 2112 rerum
1199 2078 1336 2112 natura
1355 2073 1446 2120 igne
1464 2082 1525 2110 re-

274 2126 416 2166 stincto
437 2139 555 2176 quam
573 2127 788 2166 humorem.
816 2127 855 2165 in
875 2127 952 2166 hoc
972 2128 1088 2167 futuri
1106 2127 1240 2166 mundi
1259 2137 1371 2176 spem
1391 2128 1524 2165 latere.

234 2187 257 2221 2
275 2183 332 2219 lta
357 2181 458 2230 ignis
488 2183 616 2221 exitus
637 2180 790 2230 mundi,
824 2181 964 2220 humor
989 2181 1262 2231 primordium:
1301 2180 1455 2220 miraris
1474 2191 1526 2219 ex

275 2235 350 2274 hoc
369 2247 492 2285 posse
511 2247 646 2275 amnes
666 2246 824 2284 semper
843 2237 972 2284 exire,
1002 2237 1069 2285 qui
1097 2246 1168 2284 pro
1189 2235 1369 2275 omnibus
1397 2234 1467 2274 fuit
1486 2238 1525 2273 et

274 2301 325 2329 ex
345 2301 423 2339 quo
444 2296 535 2330 sunt
554 2291 711 2330 omnia?
737 2291 799 2329 hic
823 2291 991 2338 [humor]
1012 2292 1050 2330 in
1071 2291 1297 2330 diductione
1315 2301 1446 2330 rerum
1472 2289 1524 2328 ad
