1624 2626
359 173 437 214 150
584 174 627 213 L.
657 174 844 214 ANNAEI
871 173 1095 215 SENECAE
1121 176 1253 215 DIAL.
1278 176 1361 216 VII.

359 275 436 323 ptio
456 274 545 322 ipsa
569 273 744 314 excitans
764 273 944 321 animum,
975 285 1075 322 quae
1103 275 1230 314 statim
1249 279 1418 324 [paratos
1429 276 1601 316 ostendat

313 333 335 366 4
355 330 410 367 ad
426 330 624 367 abicienda
642 340 727 367 cum
747 330 892 377 quibus]
914 334 1104 368 venerunt
1122 330 1223 367 vitia.
1253 331 1437 378 Quisquis
1458 331 1509 369 ad
1522 330 1598 369 vir-

357 388 474 421 tutem
502 384 688 429 accessit,
725 382 831 421 dedit
856 390 1073 430 generosae
1105 383 1247 422 indolis
1282 384 1487 432 specimen.
1533 386 1599 433 qui

355 438 591 485 voluptatem
613 437 800 485 sequitur,
820 437 974 475 videtur
988 439 1155 484 enervis,
1177 439 1335 484 fractus,
1354 439 1598 486 degenerans

356 492 455 537 [vir]‚
476 496 737 539 perventurus
757 492 795 528 in
815 491 955 538 turpia,
975 490 1049 529 nisi
1069 491 1210 539 aliquis
1225 492 1442 531 distinxerit
1459 494 1512 531 illi
1532 505 1598 533 vo-

355 546 536 593 luptates,
557 549 598 583 ut
617 546 726 592 sciat,
754 556 855 593 quae
875 556 924 583 ex
951 545 1008 583 eis
1037 545 1136 583 intra
1162 547 1336 586 naturale
1363 547 1599 587 desiderium

355 599 555 644 desistant,
578 610 677 647 quae
693 610 885 647 praeceps
901 601 1073 638 serantur
1091 600 1342 649 infinitaeque
1358 602 1434 640 sint
1452 607 1500 649 et,
1521 613 1598 651 quo

313 655 334 688 5
354 654 477 701 magis
501 654 708 701 Inplentur,
736 663 783 690 eo
806 654 931 701 magis
950 653 1218 702 inexplebiles.
1257 656 1448 703 Agedum,
1478 657 1599 695 virtus

353 708 579 746 antecedat:
601 713 723 746 tutum
743 707 815 746 erit
834 718 949 746 omne
970 709 1188 756 vestigium.
1219 710 1268 748 Et
1285 711 1466 758 voluptas
1484 716 1601 750 nocet

353 761 487 799 nimia:
517 762 554 799 in
576 761 715 800 virtute
735 773 813 800 non
841 766 902 800 est
919 763 1146 811 verendum,
1173 774 1223 802 ne
1243 765 1337 812 quid
1357 765 1514 803 nimium
1537 765 1597 813 sit,

355 816 446 864 quia
460 816 496 852 in
513 816 601 864 ipsa
616 820 676 854 est
689 817 842 855 modus.
869 827 947 855 non
963 822 1024 856 est
1037 817 1193 864 bonum,
1217 819 1323 866 quod
1337 820 1600 867 magnitudine

354 869 503 908 laborat
530 881 612 908 sua.
657 870 940 910 Rationabilem
970 881 1086 919 porro
1115 873 1261 911 sortitis
1291 878 1466 912 naturam
1499 885 1600 922 quae

352 923 491 962 melius
510 935 575 963 res
593 935 708 972 quam
727 924 824 963 ratio
845 926 1102 974 proponitur?
1138 932 1176 965 et
1195 927 1243 976 [si
1262 927 1389 976 placet
1415 927 1490 966 ista
1512 929 1598 967 viun-

354 982 490 1024 ctura,]
512 978 547 1016 si
566 979 642 1017 hoc
661 979 790 1027 placet
809 980 860 1017 ad
878 980 1030 1018 beatam
1052 982 1167 1019 vitam
1187 982 1242 1020 ire
1262 982 1456 1030 comitatu,
1475 982 1600 1022 virtus

354 1033 568 1078 antecedat,
598 1033 801 1071 comitetur
826 1035 1006 1082 voluptas
1034 1039 1072 1072 et
1093 1036 1198 1074 circa
1224 1047 1369 1084 eorpus
1396 1041 1438 1075 ut
1463 1037 1601 1076 umbra

351 1091 549 1124 versetur:
577 1087 758 1125 virtutem
786 1087 955 1135 quidem,
986 1089 1295 1128 excelsissimam
1323 1091 1505 1139 omnium,
1529 1103 1600 1130 vo-

352 1141 487 1188 luptati
508 1141 661 1179 tradere
677 1141 855 1179 ancillam
870 1142 962 1180 nihil
978 1153 1158 1190 magnum
1173 1145 1301 1182 animo
1317 1145 1506 1192 capientis
1527 1152 1600 1186 est.

314 1194 333 1226 1
418 1194 518 1232 XIV.
547 1194 673 1234 Prima
688 1196 810 1234 virtus
824 1198 882 1244 sit,
902 1197 998 1235 haec
1019 1199 1116 1235 ferat
1134 1198 1264 1246 signa:
1295 1199 1523 1239 habebimus
1543 1202 1599 1239 ni-

351 1248 559 1287 hilominus
588 1251 838 1298 voluptatem,
868 1251 940 1288 sed
967 1251 1112 1289 domini
1140 1253 1225 1291 eius
1252 1258 1291 1291 et
1317 1258 1600 1302 temperatores

353 1302 508 1341 erimus.
527 1303 671 1352 aliquid
683 1315 756 1343 nos
766 1305 954 1351 exorabit,
974 1305 1064 1344 nihil
1079 1311 1203 1354 coget.
1227 1306 1320 1353 atei,
1335 1308 1400 1356 qui
1410 1310 1601 1357 voluptati

351 1358 545 1396 tradidere
566 1357 765 1406 principia,
786 1364 952 1407 utroque
968 1370 1145 1398 caruere=
1174 1362 1354 1400 virtutem
1373 1363 1476 1400 enim
1490 1364 1600 1402 amit-

351 1416 445 1450 tunt.
473 1417 641 1450 ceterum
659 1424 735 1451 non
755 1414 832 1461 ipsi
848 1415 1094 1462 voluptatem,
1115 1415 1188 1453 sed
1206 1416 1319 1463 ipsos
1334 1417 1516 1465 voluptas
1531 1418 1599 1456 ha-

350 1466 427 1513 bet,
460 1467 571 1504 cuius
591 1471 655 1505 aut
674 1467 805 1516 inopia
824 1473 1052 1516 torquentur
1071 1474 1136 1507 aut
1156 1471 1271 1518 copia
1298 1473 1597 1520 strangulantur,

351 1520 494 1567 miseri,
517 1523 549 1559 si
566 1522 799 1561 deseruntur
814 1523 862 1560 ab
878 1523 953 1570 illa,
971 1523 1207 1571 miseriores,
1228 1525 1261 1562 si
1277 1525 1501 1573 obruuntur,
1523 1527 1597 1565 sic-

351 1579 392 1612 ut
424 1575 608 1623 deprensi
643 1576 740 1614 mari
768 1576 922 1626 Syrtico
959 1578 1076 1616 modo
1109 1578 1148 1616 in
1183 1578 1290 1617 sicco
1317 1579 1598 1630 relinquuntur,

310 1633 332 1667 2
351 1629 468 1668 modo
489 1634 658 1669 torrente
676 1632 783 1669 unda
801 1631 1048 1672 fluctuantur.
1085 1633 1225 1671 Evenit
1244 1639 1371 1672 autem
1389 1635 1465 1673 hoc
1483 1636 1599 1675 nimia

350 1683 645 1731 intemperantia
663 1690 702 1723 et
724 1696 858 1724 amore
878 1696 1020 1724 caecae
1035 1688 1103 1724 rei.
1141 1698 1231 1725 nam
1258 1690 1359 1726 mala
1385 1700 1455 1737 pro
1482 1690 1600 1729 bonis

349 1738 496 1786 petenti
515 1739 781 1786 periculosum
798 1746 858 1779 est
877 1740 1055 1788 adsequi.
1088 1742 1138 1780 Ut
1157 1743 1259 1780 feras
1279 1753 1366 1781 cum
1381 1744 1514 1782 labore
1532 1755 1598 1792 pe-

349 1791 553 1840 riculoque
571 1803 758 1832 venamur
785 1800 823 1833 et
850 1799 1051 1842 captarum
1070 1807 1228 1844 quoque
1257 1797 1406 1835 illarum
1433 1798 1599 1837 sollicita

348 1848 557 1894 possessio
577 1851 648 1895 est,
676 1859 798 1897 saepe
817 1849 918 1887 enim
938 1849 1083 1889 laniant
1102 1851 1301 1890 dominos:
1329 1851 1382 1889 ita
1408 1852 1598 1892 habentes

350 1911 514 1948 magnas
533 1902 756 1950 voluptates
776 1903 813 1941 in
835 1914 1018 1952 magnum
1040 1905 1180 1944 malum
1201 1915 1364 1944 evasere
1379 1912 1598 1956 captaeque

351 1965 506 2002 cepere.
537 1967 638 2004 quae
660 1968 737 2005 quo
766 1959 898 2006 plures
919 1958 1166 2006 maioresque
1185 1964 1285 2007 sunt,
1315 1970 1363 1999 eo
1388 1961 1451 1999 ille
1469 1961 1599 2000 minor

351 2019 397 2046 ac
428 2009 595 2056 plurium
631 2021 770 2050 servus
799 2018 878 2059 est,
914 2023 1029 2060 quem
1062 2014 1212 2057 felicem
1242 2015 1384 2061 vulgus
1412 2015 1595 2063 adpellat.

306 2067 329 2100 3
350 2062 581 2102 Permanere
592 2065 730 2104 libetIn
746 2066 819 2105 hac
834 2067 1052 2106 etiamnunc
1061 2067 1175 2106 huius
1189 2067 1434 2117 reiimagine·.
1462 2080 1596 2119 quem·

351 2117 559 2157 admodum
579 2119 646 2168 qui
664 2121 876 2160 bestiarum
895 2121 1035 2160 eubilIa
1052 2121 1210 2169 indagat
1226 2126 1265 2161 et

757 2177 891 2224 laqueo
909 2180 1066 2225 captare
1078 2176 1191 2224 feras
1217 2222 1218 2226 Ἰ

352 2235 494 2274 magno
518 2226 695 2268 aestimat
713 2234 751 2269 et

637 2285 732 2322 lacos
749 2285 905 2324 canibus
920 2284 1159 2330 circumdare
1176 2286 1305 2334 saltus,
