1624 2626
204 184 274 223 AD
300 181 545 222 MARCIAM
572 180 638 221 DE
669 178 1066 220 CONSOLATIONE.
1097 184 1210 220 2—4.
1269 177 1348 220 115

66 290 302 336 gratumque
322 283 487 322 extremi
509 293 736 322 sermonem
763 282 845 322 oris
864 281 1036 321 haurire.
1069 282 1192 331 longo
1211 281 1350 322 itinere

65 339 255 390 reliquias
289 339 410 379 Drusi
452 338 515 378 sui
554 343 774 388 prosecuta
813 343 869 377 tot
900 348 974 386 per
1008 348 1167 377 omnem
1199 338 1350 378 ltaliam

65 396 296 436 ardentibus
323 394 454 444 rogis,
484 395 601 444 quasi
631 395 776 434 totiens
803 394 912 433 illum
938 394 1155 443 amitteret,
1181 393 1351 442 inritata,

63 457 106 492 ut
134 452 302 502 primum
330 455 462 490 tamen
491 450 621 490 intulit
649 451 820 498 tumulo,
849 450 967 489 simul
993 455 1032 489 et
1053 450 1160 488 illum
1179 455 1220 490 et
1239 450 1351 490 dolo-

63 519 148 548 rem
176 519 294 548 suum
322 507 477 556 posuit,
512 517 588 545 nec
616 507 708 555 plus
739 506 864 546 doluit
891 517 1013 555 quam
1040 511 1108 545 aut
1136 506 1350 546 honestum

64 569 149 604 erat
167 562 328 603 Caesari
347 568 416 602 aut
433 573 608 612 aequum
627 563 754 601 matri.
789 573 882 602 non¹
897 561 1017 601 desiit
1036 562 1212 612 denique
1230 562 1349 601 Drusi

64 620 126 659 sui
147 620 351 659 celebrare
370 628 537 668 nomen,
566 618 717 666 ubique
736 619 845 658 illum
867 618 942 657 sibi
964 618 1148 666 privatim
1169 617 1350 668 publice—

64 686 142 725 que
173 679 500 724 repraesentare,
544 674 806 714 libentissime
839 675 890 713 de
922 674 989 713 illo
1023 675 1157 723 loqui,
1197 674 1251 713 de¹
1281 673 1350 713 illo

62 731 223 771 audire:
259 741 348 770 cum
375 730 567 770 memoria
592 731 700 770 illius
727 730 854 778 vixsit.
899 733 1030 779 quam]
1064 738 1184 770 nemo
1216 734 1351 779 potest

60 787 234 827 retinere
266 791 305 826 et
330 787 604 834 frequentare,
641 786 709 835 qui
741 786 849 825 illam
874 785 1029 826 tristem
1057 786 1135 825 sibi
1161 785 1348 825 reddidit.

60 842 173 891 Elige
192 842 339 891 itaque,
359 848 490 881 utrum
510 843 739 890 exemplum
760 847 878 890 putes
899 842 1169 890 probabilius:
1198 842 1234 881 si
1251 842 1349 880 illud
1364 845 1388 880 3

61 898 174 947 prius
204 898 320 947 sequi
341 898 424 946 vis,
454 897 597 936 eximis
616 903 655 937 te
675 908 841 937 numero
860 898 1056 937 vivorum.
1093 897 1350 937 aversaberis

62 959 100 994 et
119 954 275 993 alienos
292 954 441 993 liberos
462 958 500 993 et
518 958 622 1002 tuos,
643 953 816 1002 ipsaque
832 953 1070 992 desiderans
1088 953 1202 993 triste
1217 952 1350 992 matri-

61 1010 139 1049 bus
174 1020 291 1050 omen
334 1020 564 1056 occurrere,
603 1011 832 1057 voluptates
865 1009 1079 1057 honestas,
1115 1009 1348 1058 permissas,

60 1072 264 1115 tamquam
297 1076 438 1114 parum
471 1065 646 1103 decoras
679 1066 864 1104 fortunae
896 1070 989 1104 tuae
1017 1064 1184 1111 reicies,
1219 1064 1352 1103 invisa

60 1122 246 1160 haerebis
275 1121 314 1159 in
342 1121 432 1160 luce
461 1125 500 1159 et
519 1121 640 1160 aetati
667 1124 780 1169 tuae,
805 1121 916 1170 quod
945 1131 1026 1160 non
1055 1121 1292 1170 praecipitet
1310 1125 1350 1159 te

62 1176 355 1227 quamprimum
384 1181 423 1216 et
442 1176 572 1224 finiat,
600 1176 866 1216 infestissima:
891 1177 983 1215 eris.
1024 1177 1136 1226 quod
1163 1177 1348 1226 turpissi—

59 1244 164 1272 mum
195 1232 565 1281 alienissimumque
600 1236 663 1271 est
688 1232 819 1272 animo
849 1237 917 1272 tuo
946 1234 986 1271 in
1015 1233 1223 1272 meliorem
1252 1237 1350 1272 notov

59 1294 209 1338 partem
222 1319 232 1337 ,
254 1289 445 1328 ostendes
465 1293 504 1327 te
524 1288 660 1327 vivere
679 1289 806 1337 nolle,
830 1289 932 1328 mori
951 1300 1032 1328 non
1053 1299 1192 1338 posse.
1235 1289 1278 1328 Si
1298 1288 1349 1328 ad
1364 1296 1387 1331 4

59 1345 138 1384 hoc
156 1344 352 1384 maximae
380 1345 551 1384 feminae
577 1349 615 1384 te
642 1346 870 1394 exemplum
898 1345 1143 1394 adplicueris
1163 1345 1347 1384 modera-

60 1401 139 1440 tius
156 1411 204 1439 ac
219 1399 364 1449 mitius,
383 1410 465 1441 non
482 1401 561 1439 eris
577 1401 617 1439 iu
633 1401 833 1440 aerumnis
849 1407 979 1441 necte
993 1401 1200 1440 tormentis
1216 1411 1348 1440 mace-

60 1456 182 1495 rabis.
215 1467 318 1504 quae
337 1456 460 1504 enim,
484 1457 642 1505 malum,
664 1457 837 1496 amentia
856 1462 918 1496 est
936 1468 1091 1507 poenas
1113 1467 1138 1495 a
1157 1467 1202 1495 se
1220 1456 1348 1495 infeli-

63 1510 190 1550 citatis
218 1512 380 1559 exigere
411 1518 451 1552 et
478 1514 582 1551 mala
610 1523 684 1552 sua
712 1518 888 1561 augere?
930 1525 1049 1563 quar-n
1079 1513 1118 1552 in
1141 1513 1248 1553 omni
1267 1512 1349 1550 vita

63 1567 235 1606 servasti
261 1577 416 1606 morum
443 1568 682 1616 probitatem
701 1574 740 1608 et
758 1570 1062 1617 verecundiam,
1091 1569 1131 1608 in
1151 1569 1226 1607 hae
1248 1579 1348 1617 quo-

65 1632 143 1671 que
162 1633 207 1661 re
228 1622 474 1670 praestabis:
505 1628 566 1663 est
593 1625 696 1663 enim
726 1626 924 1673 quaedam
952 1630 991 1664 et
1019 1625 1182 1664 dolendi
1210 1624 1346 1664 mode—

63 1678 150 1718 stia.
188 1679 296 1716 illum
316 1678 448 1727 ipsum
468 1678 675 1728 iuvenem,
702 1680 980 1729 dignissimum
1002 1682 1084 1732 [qui
1099 1685 1148 1728 te]
1172 1681 1348 1730 quietam

63 1744 224 1783 semper
255 1734 481 1773 nominatus
525 1736 803 1785 cogitatusque
836 1737 974 1786 saciat,
1016 1738 1182 1776 meliore
1217 1747 1346 1786 pones

60 1791 164 1838 loco,
186 1789 220 1828 si
240 1790 354 1828 matri
374 1801 474 1829 suae
493 1791 623 1840 qualis
643 1792 760 1831 vivus
780 1793 946 1843 solebat,
963 1793 1182 1842 hilarisque
1201 1799 1345 1832 etcum

61 1846 207 1895 gaudio
229 1846 413 1885 occurrit.

142 1902 210 1939 IV.
240 1901 322 1940 Nec
342 1907 381 1940 te
397 1902 446 1940 ad
470 1902 637 1941 fortiora
655 1903 799 1943 ducam
819 1910 1049 1954 praecepta,
1069 1909 1113 1943 ut
1127 1903 1377 1946 inhumano}

61 1958 164 1996 ferre
184 1957 356 1996 humana
376 1957 535 1996 iubeam
563 1959 705 2007 modo,
733 1965 777 1999 ut
804 1961 895 2010 ipso
925 1961 1083 1999 funebri
1111 1960 1176 1998 die
1204 1959 1345 1999 oculos

60 2013 196 2052 matris
217 2014 432 2053 exsiecem.
475 2014 526 2052 ad
548 2014 736 2054 arbitrum
764 2020 897 2056 tecum
923 2017 1104 2055 venianiz
1137 2015 1215 2054 hoc
1241 2015 1345 2054 inter

62 2078 138 2109 nos
160 2076 396 2118 quaeretur,
426 2074 556 2108 utrum
577 2080 748 2118 magnus
768 2072 885 2112 dolor
903 2082 998 2110 esse
1017 2071 1163 2110 debeat
1181 2082 1231 2110 an
1252 2081 1341 2119 per-

4 2156 6 2158 ,
61 2129 220 2173 petuus.
258 2136 338 2164 non
358 2125 496 2165 dubito
519 2126 613 2174 quin
638 2127 760 2165 Iuliae
777 2129 1006 2176 Augustae,
1038 2138 1156 2175 quam
1178 2126 1340 2165 familia—

60 2180 153 2219 riter
170 2180 339 2229 coluisti,
356 2181 484 2231 magis
500 2182 570 2221 tibi
588 2183 744 2230 placeat
757 2185 984 2232 exemplum
996 2198 1009 2218 ι
1022 2183 1088 2221 illa
1101 2189 1141 2222 te
1155 2183 1206 2222 ad
1224 2193 1339 2222 suum
1356 2190 1378 2222 2

61 2236 270 2276 consillum
287 2242 418 2276 vocat.
444 2238 511 2275 illa
532 2238 584 2276 in.
592 2238 720 2287 primo
742 2239 910 2287 fervore,
932 2250 1022 2278 cum
1040 2239 1210 2278 maxime
1227 2238 1338 2287 inpa-

60 2292 201 2331 tientes
228 2293 468 2342 ferocesque
497 2299 589 2332 sunt
614 2294 820 2340 miseriae,
855 2295 1111 2346 consol[atorz‘
1133 2299 1188 2342 se]
1213 2296 1335 2341 Areo,

61 2346 302 2397 philosopho
338 2349 412 2388 viri
446 2349 529 2399 sui,
563 2351 746 2399 praebuit
774 2356 811 2390 et
836 2352 1001 2392 multum
1035 2361 1122 2390 eam
1142 2362 1227 2390 rem
1248 2362 1342 2400 pro—

1076 2406 1127 2447 8*
