<?xml version="1.0" encoding="UTF-8"?>
<!DOCTYPE html PUBLIC "-//W3C//DTD XHTML 1.0 Transitional//EN"
    "http://www.w3.org/TR/xhtml1/DTD/xhtml1-transitional.dtd">
<html xmlns="http://www.w3.org/1999/xhtml" xml:lang="en" lang="en">
 <head>
  <title>
</title>
<meta http-equiv="Content-Type" content="text/html;charset=utf-8" />
  <meta name='ocr-system' content='tesseract 3.04.00' />
  <meta name='ocr-capabilities' content='ocr_page ocr_carea ocr_par ocr_line ocrx_word'/>
</head>
<body>
  <div class='ocr_page' id='page_1' title='image "./operaquaesupersu01seneuoft/operaquaesupersu01seneuoft_0345.png"; bbox 0 0 1598 2606; ppageno 0'>
   <div class='ocr_carea' id='block_1_1' title="bbox 321 164 1328 210">
    <p class='ocr_par' dir='ltr' id='par_1_1' title="bbox 321 164 1328 210">
     <span class='ocr_line' id='line_1_1' title="bbox 321 164 1328 210; baseline 0.003 -3"><span class='ocrx_word' id='word_1_1' title='bbox 321 166 388 207; x_wconf 88' lang='lat' dir='ltr'><strong>DE</strong></span> <span class='ocrx_word' id='word_1_2' title='bbox 409 164 688 206; x_wconf 85' lang='lat' dir='ltr'>BENEFICIIS</span> <span class='ocrx_word' id='word_1_3' title='bbox 713 164 808 205; x_wconf 90' lang='lat' dir='ltr'><strong>LIB.</strong></span> <span class='ocrx_word' id='word_1_4' title='bbox 825 165 873 204; x_wconf 95' lang='lat' dir='ltr'><strong>II.</strong></span> <span class='ocrx_word' id='word_1_5' title='bbox 896 171 1046 208; x_wconf 81' lang='lat'><strong>7—11.</strong></span> <span class='ocrx_word' id='word_1_6' title='bbox 1274 168 1328 210; x_wconf 88' lang='grc'><strong>19</strong></span> 
     </span>
    </p>
   </div>
   <div class='ocr_carea' id='block_1_2' title="bbox 0 265 1366 2421">
    <p class='ocr_par' dir='ltr' id='par_1_2' title="bbox 0 265 1366 1652">
     <span class='ocr_line' id='line_1_2' title="bbox 52 265 1326 318; baseline 0 -8"><span class='ocrx_word' id='word_1_7' title='bbox 52 269 218 318; x_wconf 88' lang='lat' dir='ltr'><strong>cesilas,</strong></span> <span class='ocrx_word' id='word_1_8' title='bbox 245 272 289 309; x_wconf 84' lang='lat' dir='ltr'><strong>ut</strong></span> <span class='ocrx_word' id='word_1_9' title='bbox 314 267 445 316; x_wconf 81' lang='lat' dir='ltr'><strong>aiunt,</strong></span> <span class='ocrx_word' id='word_1_10' title='bbox 472 265 600 306; x_wconf 87' lang='lat' dir='ltr'><strong>amico</strong></span> <span class='ocrx_word' id='word_1_11' title='bbox 628 267 798 316; x_wconf 87' lang='lat' dir='ltr'><strong>pauperi</strong></span> <span class='ocrx_word' id='word_1_12' title='bbox 829 271 870 306; x_wconf 86' lang='lat' dir='ltr'><strong>et</strong></span> <span class='ocrx_word' id='word_1_13' title='bbox 902 272 1179 317; x_wconf 83' lang='lat' dir='ltr'><strong>paupertatem</strong></span> <span class='ocrx_word' id='word_1_14' title='bbox 1211 279 1326 310; x_wconf 86' lang='lat' dir='ltr'><strong>suam</strong></span> 
     </span>
     <span class='ocr_line' id='line_1_3' title="bbox 51 321 1325 374; baseline -0.001 -8"><span class='ocrx_word' id='word_1_15' title='bbox 51 324 332 372; x_wconf 86' lang='lat' dir='ltr'><strong>dissimulanti,</strong></span> <span class='ocrx_word' id='word_1_16' title='bbox 367 333 489 372; x_wconf 85' lang='lat' dir='ltr'><strong>aegro</strong></span> <span class='ocrx_word' id='word_1_17' title='bbox 517 327 648 361; x_wconf 83' lang='lat' dir='ltr'><strong>autem</strong></span> <span class='ocrx_word' id='word_1_18' title='bbox 678 327 718 361; x_wconf 88' lang='lat' dir='ltr'><strong>et</strong></span> <span class='ocrx_word' id='word_1_19' title='bbox 746 332 798 361; x_wconf 89' lang='lat' dir='ltr'><strong>ne</strong></span> <span class='ocrx_word' id='word_1_20' title='bbox 820 321 898 362; x_wconf 86' lang='lat' dir='ltr'><strong>hoc</strong></span> <span class='ocrx_word' id='word_1_21' title='bbox 926 323 1087 373; x_wconf 89' lang='lat' dir='ltr'><strong>quidem</strong></span> <span class='ocrx_word' id='word_1_22' title='bbox 1108 324 1325 374; x_wconf 90' lang='lat' dir='ltr'><strong>confitenti,</strong></span> 
     </span>
     <span class='ocr_line' id='line_1_4' title="bbox 51 378 1325 428; baseline 0 -7"><span class='ocrx_word' id='word_1_23' title='bbox 51 382 197 421; x_wconf 83' lang='lat' dir='ltr'><strong>deesse</strong></span> <span class='ocrx_word' id='word_1_24' title='bbox 215 380 292 420; x_wconf 89' lang='lat' dir='ltr'><strong>sibi</strong></span> <span class='ocrx_word' id='word_1_25' title='bbox 310 380 350 419; x_wconf 92' lang='lat' dir='ltr'><strong>in</strong></span> <span class='ocrx_word' id='word_1_26' title='bbox 369 382 571 428; x_wconf 87' lang='lat' dir='ltr'><strong>sumptum</strong></span> <span class='ocrx_word' id='word_1_27' title='bbox 599 379 652 417; x_wconf 92' lang='lat' dir='ltr'><strong>ad</strong></span> <span class='ocrx_word' id='word_1_28' title='bbox 681 378 938 418; x_wconf 89' lang='lat' dir='ltr'><strong>necessarios</strong></span> <span class='ocrx_word' id='word_1_29' title='bbox 955 389 1079 428; x_wconf 91' lang='lat' dir='ltr'><strong>usus,</strong></span> <span class='ocrx_word' id='word_1_30' title='bbox 1114 391 1205 420; x_wconf 90' lang='lat' dir='ltr'><strong>cum</strong></span> <span class='ocrx_word' id='word_1_31' title='bbox 1223 383 1325 421; x_wconf 89' lang='lat' dir='ltr'><strong>clam</strong></span> 
     </span>
     <span class='ocr_line' id='line_1_5' title="bbox 51 433 1323 484; baseline 0 -7"><span class='ocrx_word' id='word_1_32' title='bbox 51 436 362 477; x_wconf 89' lang='lat' dir='ltr'><strong>succurrendum</strong></span> <span class='ocrx_word' id='word_1_33' title='bbox 382 435 621 481; x_wconf 88' lang='lat' dir='ltr'><strong>iudicasset,</strong></span> <span class='ocrx_word' id='word_1_34' title='bbox 651 434 816 483; x_wconf 86' lang='lat' dir='ltr'><strong>pulvino</strong></span> <span class='ocrx_word' id='word_1_35' title='bbox 835 433 922 474; x_wconf 88' lang='lat' dir='ltr'><strong>eius</strong></span> <span class='ocrx_word' id='word_1_36' title='bbox 941 435 1161 484; x_wconf 84' lang='lat' dir='ltr'><strong>ignorantis</strong></span> <span class='ocrx_word' id='word_1_37' title='bbox 1182 447 1323 478; x_wconf 89' lang='lat' dir='ltr'><strong>saccu—</strong></span> 
     </span>
     <span class='ocr_line' id='line_1_6' title="bbox 49 490 1323 541; baseline 0.001 -9"><span class='ocrx_word' id='word_1_38' title='bbox 49 494 131 532; x_wconf 89' lang='lat' dir='ltr'><strong>lum</strong></span> <span class='ocrx_word' id='word_1_39' title='bbox 144 491 330 540; x_wconf 84' lang='lat' dir='ltr'><strong>subiecit,</strong></span> <span class='ocrx_word' id='word_1_40' title='bbox 347 495 391 531; x_wconf 88' lang='lat' dir='ltr'><strong>ut</strong></span> <span class='ocrx_word' id='word_1_41' title='bbox 410 490 530 530; x_wconf 91' lang='lat' dir='ltr'><strong>homo</strong></span> <span class='ocrx_word' id='word_1_42' title='bbox 549 490 737 529; x_wconf 80' lang='lat' dir='ltr'><strong>inutiliter</strong></span> <span class='ocrx_word' id='word_1_43' title='bbox 753 491 1018 539; x_wconf 90' lang='lat' dir='ltr'><strong>verecundus,</strong></span> <span class='ocrx_word' id='word_1_44' title='bbox 1037 492 1149 541; x_wconf 89' lang='lat' dir='ltr'><strong>quod</strong></span> <span class='ocrx_word' id='word_1_45' title='bbox 1164 492 1323 533; x_wconf 88' lang='lat' dir='ltr'><strong>deside-</strong></span> 
     </span>
     <span class='ocr_line' id='line_1_7' title="bbox 47 545 1366 597; baseline 0.002 -10"><span class='ocrx_word' id='word_1_46' title='bbox 47 548 171 596; x_wconf 80' lang='lat' dir='ltr'><strong>rabat,</strong></span> <span class='ocrx_word' id='word_1_47' title='bbox 182 547 375 586; x_wconf 88' lang='lat' dir='ltr'><strong>inveniret</strong></span> <span class='ocrx_word' id='word_1_48' title='bbox 382 545 516 596; x_wconf 90' lang='lat' dir='ltr'><strong>potius</strong></span> <span class='ocrx_word' id='word_1_49' title='bbox 533 556 653 596; x_wconf 86' lang='lat' dir='ltr'><strong>quam</strong></span> <span class='ocrx_word' id='word_1_50' title='bbox 669 545 883 595; x_wconf 86' lang='lat' dir='ltr'><strong>acciperet.</strong></span> <span class='ocrx_word' id='word_1_51' title='bbox 903 547 1033 597; x_wconf 83' lang='lat' dir='ltr'><strong>„Quid</strong></span> <span class='ocrx_word' id='word_1_52' title='bbox 1043 551 1168 597; x_wconf 67' lang='lat' dir='ltr'><strong>ergo?</strong></span> <span class='ocrx_word' id='word_1_53' title='bbox 1181 548 1248 587; x_wconf 84' lang='lat' dir='ltr'><strong>ille</strong></span> <span class='ocrx_word' id='word_1_54' title='bbox 1257 559 1324 588; x_wconf 87' lang='lat' dir='ltr'><strong>ne·</strong></span> <span class='ocrx_word' id='word_1_55' title='bbox 1344 555 1366 589; x_wconf 83' lang='lat'><strong>2</strong></span> 
     </span>
     <span class='ocr_line' id='line_1_8' title="bbox 0 602 1324 653; baseline 0 -9"><span class='ocrx_word' id='word_1_56' title='bbox 0 615 3 644; x_wconf 56' lang='lat' dir='ltr'><strong><em>z</em></strong></span> <span class='ocrx_word' id='word_1_57' title='bbox 47 604 148 643; x_wconf 90' lang='lat' dir='ltr'><strong>sciet</strong></span> <span class='ocrx_word' id='word_1_58' title='bbox 160 613 184 641; x_wconf 88' lang='lat' dir='ltr'><strong>a</strong></span> <span class='ocrx_word' id='word_1_59' title='bbox 200 614 281 653; x_wconf 94' lang='lat' dir='ltr'><strong>quo</strong></span> <span class='ocrx_word' id='word_1_60' title='bbox 296 602 547 652; x_wconf 66' lang='lat' dir='ltr'><strong>acceperit2“</strong></span> <span class='ocrx_word' id='word_1_61' title='bbox 557 602 728 651; x_wconf 86' lang='lat' dir='ltr'><strong>primum</strong></span> <span class='ocrx_word' id='word_1_62' title='bbox 743 603 908 651; x_wconf 88' lang='lat' dir='ltr'><strong>nesciat,</strong></span> <span class='ocrx_word' id='word_1_63' title='bbox 920 603 955 642; x_wconf 92' lang='lat' dir='ltr'><strong>si</strong></span> <span class='ocrx_word' id='word_1_64' title='bbox 969 602 1047 642; x_wconf 91' lang='lat' dir='ltr'><strong>hoc</strong></span> <span class='ocrx_word' id='word_1_65' title='bbox 1061 604 1194 653; x_wconf 90' lang='lat' dir='ltr'><strong>ipsum</strong></span> <span class='ocrx_word' id='word_1_66' title='bbox 1202 603 1324 644; x_wconf 89' lang='lat' dir='ltr'><strong>bene-</strong></span> 
     </span>
     <span class='ocr_line' id='line_1_9' title="bbox 0 657 1325 710; baseline 0 -11"><span class='ocrx_word' id='word_1_67' title='bbox 0 693 2 698; x_wconf 74' lang='grc'><strong>,</strong></span> <span class='ocrx_word' id='word_1_68' title='bbox 46 659 126 699; x_wconf 85' lang='lat' dir='ltr'><strong>ficii</strong></span> <span class='ocrx_word' id='word_1_69' title='bbox 146 669 242 709; x_wconf 86' lang='lat' dir='ltr'><strong>pars</strong></span> <span class='ocrx_word' id='word_1_70' title='bbox 263 663 336 707; x_wconf 90' lang='lat' dir='ltr'><strong>est,</strong></span> <span class='ocrx_word' id='word_1_71' title='bbox 353 657 500 697; x_wconf 88' lang='lat' dir='ltr'><strong>deinde</strong></span> <span class='ocrx_word' id='word_1_72' title='bbox 514 659 636 697; x_wconf 84' lang='lat' dir='ltr'><strong>multa</strong></span> <span class='ocrx_word' id='word_1_73' title='bbox 651 657 728 696; x_wconf 86' lang='lat' dir='ltr'><strong>alia</strong></span> <span class='ocrx_word' id='word_1_74' title='bbox 743 658 897 707; x_wconf 88' lang='lat' dir='ltr'><strong>faciam,</strong></span> <span class='ocrx_word' id='word_1_75' title='bbox 915 660 1039 698; x_wconf 82' lang='lat' dir='ltr'><strong>multa</strong></span> <span class='ocrx_word' id='word_1_76' title='bbox 1052 659 1233 707; x_wconf 85' lang='lat' dir='ltr'><strong>tribuam,</strong></span> <span class='ocrx_word' id='word_1_77' title='bbox 1250 671 1325 710; x_wconf 90' lang='lat' dir='ltr'><strong>per</strong></span> 
     </span>
     <span class='ocr_line' id='line_1_10' title="bbox 0 712 1323 768; baseline 0.001 -14"><span class='ocrx_word' id='word_1_78' title='bbox 0 740 3 768; x_wconf 68' lang='lat'>3</span> <span class='ocrx_word' id='word_1_79' title='bbox 49 725 154 766; x_wconf 88' lang='lat' dir='ltr'><strong>quae</strong></span> <span class='ocrx_word' id='word_1_80' title='bbox 172 715 373 763; x_wconf 85' lang='lat' dir='ltr'><strong>intellegat</strong></span> <span class='ocrx_word' id='word_1_81' title='bbox 391 718 430 753; x_wconf 89' lang='lat' dir='ltr'><strong>et</strong></span> <span class='ocrx_word' id='word_1_82' title='bbox 448 712 552 753; x_wconf 90' lang='lat' dir='ltr'><strong>illius</strong></span> <span class='ocrx_word' id='word_1_83' title='bbox 568 718 785 753; x_wconf 82' lang='lat' dir='ltr'><strong>auctorem.</strong></span> <span class='ocrx_word' id='word_1_84' title='bbox 815 713 990 764; x_wconf 91' lang='lat' dir='ltr'><strong>denique</strong></span> <span class='ocrx_word' id='word_1_85' title='bbox 1004 713 1071 753; x_wconf 93' lang='lat' dir='ltr'><strong>ille</strong></span> <span class='ocrx_word' id='word_1_86' title='bbox 1090 715 1243 755; x_wconf 82' lang='lat' dir='ltr'><strong>nesciet</strong></span> <span class='ocrx_word' id='word_1_87' title='bbox 1258 727 1323 755; x_wconf 89' lang='lat' dir='ltr'><strong>ac-</strong></span> 
     </span>
     <span class='ocr_line' id='line_1_11' title="bbox 0 769 1322 821; baseline 0 -11"><span class='ocrx_word' id='word_1_88' title='bbox 0 771 2 810; x_wconf 55' lang='lat' dir='ltr'>ss</span> <span class='ocrx_word' id='word_1_89' title='bbox 48 771 209 820; x_wconf 83' lang='lat' dir='ltr'><strong>cepisse</strong></span> <span class='ocrx_word' id='word_1_90' title='bbox 228 779 294 808; x_wconf 80' lang='lat' dir='ltr'><strong>se:</strong></span> <span class='ocrx_word' id='word_1_91' title='bbox 317 779 394 818; x_wconf 84' lang='lat' dir='ltr'><strong>ego</strong></span> <span class='ocrx_word' id='word_1_92' title='bbox 418 770 542 809; x_wconf 87' lang='lat' dir='ltr'><strong>sciam</strong></span> <span class='ocrx_word' id='word_1_93' title='bbox 565 779 630 808; x_wconf 90' lang='lat' dir='ltr'><strong>me</strong></span> <span class='ocrx_word' id='word_1_94' title='bbox 649 769 828 809; x_wconf 88' lang='lat' dir='ltr'><strong>dedisse.</strong></span> <span class='ocrx_word' id='word_1_95' title='bbox 852 769 1022 818; x_wconf 88' lang='lat' dir='ltr'><strong>„Parum</strong></span> <span class='ocrx_word' id='word_1_96' title='bbox 1038 773 1146 820; x_wconf 83' lang='lat' dir='ltr'><strong>est,⁴‘</strong></span> <span class='ocrx_word' id='word_1_97' title='bbox 1174 771 1322 821; x_wconf 80' lang='lat' dir='ltr'><strong>inquis.</strong></span> 
     </span>
     <span class='ocr_line' id='line_1_12' title="bbox 46 824 1323 875; baseline 0.002 -11"><span class='ocrx_word' id='word_1_98' title='bbox 46 826 202 872; x_wconf 88' lang='lat' dir='ltr'><strong>Parum,</strong></span> <span class='ocrx_word' id='word_1_99' title='bbox 217 825 252 864; x_wconf 92' lang='lat' dir='ltr'><strong>si</strong></span> <span class='ocrx_word' id='word_1_100' title='bbox 269 825 452 864; x_wconf 76' lang='lat' dir='ltr'><strong>fenerare</strong></span> <span class='ocrx_word' id='word_1_101' title='bbox 466 824 643 874; x_wconf 76' lang='lat' dir='ltr'><strong>cogitas:</strong></span> <span class='ocrx_word' id='word_1_102' title='bbox 663 824 739 864; x_wconf 90' lang='lat' dir='ltr'><strong>sed</strong></span> <span class='ocrx_word' id='word_1_103' title='bbox 754 825 801 873; x_wconf 89' lang='lat' dir='ltr'><strong>si,</strong></span> <span class='ocrx_word' id='word_1_104' title='bbox 820 825 948 873; x_wconf 89' lang='lat' dir='ltr'><strong>[dare]</strong></span> <span class='ocrx_word' id='word_1_105' title='bbox 960 837 1040 875; x_wconf 91' lang='lat' dir='ltr'><strong>quo</strong></span> <span class='ocrx_word' id='word_1_106' title='bbox 1057 836 1205 875; x_wconf 86' lang='lat' dir='ltr'><strong>genere</strong></span> <span class='ocrx_word' id='word_1_107' title='bbox 1219 827 1323 866; x_wconf 90' lang='lat' dir='ltr'><strong>acci-</strong></span> 
     </span>
     <span class='ocr_line' id='line_1_13' title="bbox 47 879 1322 932; baseline 0.002 -13"><span class='ocrx_word' id='word_1_108' title='bbox 47 880 170 932; x_wconf 85' lang='lat' dir='ltr'><strong>pienti</strong></span> <span class='ocrx_word' id='word_1_109' title='bbox 186 879 359 920; x_wconf 86' lang='lat' dir='ltr'><strong>maxime</strong></span> <span class='ocrx_word' id='word_1_110' title='bbox 376 881 628 930; x_wconf 88' lang='lat' dir='ltr'><strong>profuturum</strong></span> <span class='ocrx_word' id='word_1_111' title='bbox 642 881 727 929; x_wconf 89' lang='lat' dir='ltr'><strong>erit,</strong></span> <span class='ocrx_word' id='word_1_112' title='bbox 741 881 869 930; x_wconf 88' lang='lat' dir='ltr'><strong>dabis,</strong></span> <span class='ocrx_word' id='word_1_113' title='bbox 887 886 1098 921; x_wconf 90' lang='lat' dir='ltr'><strong>contentus</strong></span> <span class='ocrx_word' id='word_1_114' title='bbox 1117 882 1197 921; x_wconf 91' lang='lat' dir='ltr'><strong>eris</strong></span> <span class='ocrx_word' id='word_1_115' title='bbox 1211 887 1250 922; x_wconf 90' lang='lat' dir='ltr'><strong>te</strong></span> <span class='ocrx_word' id='word_1_116' title='bbox 1265 888 1322 923; x_wconf 87' lang='lat' dir='ltr'><strong>te-</strong></span> 
     </span>
     <span class='ocr_line' id='line_1_14' title="bbox 49 935 1322 986; baseline 0.001 -10"><span class='ocrx_word' id='word_1_117' title='bbox 49 942 121 977; x_wconf 88' lang='lat' dir='ltr'><strong>ste.</strong></span> <span class='ocrx_word' id='word_1_118' title='bbox 139 935 314 986; x_wconf 87' lang='lat' dir='ltr'><strong>alioquin</strong></span> <span class='ocrx_word' id='word_1_119' title='bbox 328 947 409 975; x_wconf 90' lang='lat' dir='ltr'><strong>non</strong></span> <span class='ocrx_word' id='word_1_120' title='bbox 423 936 663 975; x_wconf 78' lang='lat' dir='ltr'><strong>benefacere</strong></span> <span class='ocrx_word' id='word_1_121' title='bbox 673 936 855 985; x_wconf 85' lang='lat' dir='ltr'><strong>delectat,</strong></span> <span class='ocrx_word' id='word_1_122' title='bbox 874 937 950 976; x_wconf 90' lang='lat' dir='ltr'><strong>sed</strong></span> <span class='ocrx_word' id='word_1_123' title='bbox 965 938 1092 976; x_wconf 90' lang='lat' dir='ltr'><strong>videri</strong></span> <span class='ocrx_word' id='word_1_124' title='bbox 1100 938 1322 978; x_wconf 78' lang='lat' dir='ltr'><strong>benefecis-</strong></span> 
     </span>
     <span class='ocr_line' id='line_1_15' title="bbox 49 990 1365 1043; baseline 0.002 -12"><span class='ocrx_word' id='word_1_125' title='bbox 49 1003 106 1032; x_wconf 84' lang='lat' dir='ltr'><strong>se.</strong></span> <span class='ocrx_word' id='word_1_126' title='bbox 125 992 268 1041; x_wconf 84' lang='lat' dir='ltr'><strong>„Volo,</strong></span> <span class='ocrx_word' id='word_1_127' title='bbox 284 990 430 1041; x_wconf 88' lang='lat' dir='ltr'><strong>inquis,</strong></span> <span class='ocrx_word' id='word_1_128' title='bbox 450 992 591 1031; x_wconf 87' lang='lat' dir='ltr'><strong>sciat.“</strong></span> <span class='ocrx_word' id='word_1_129' title='bbox 609 991 837 1031; x_wconf 86' lang='lat' dir='ltr'><strong>Debitorem</strong></span> <span class='ocrx_word' id='word_1_130' title='bbox 848 993 1021 1042; x_wconf 84' lang='lat' dir='ltr'><strong>quaeris,</strong></span> <span class='ocrx_word' id='word_1_131' title='bbox 1045 994 1176 1042; x_wconf 91' lang='lat' dir='ltr'><strong>„Volo</strong></span> <span class='ocrx_word' id='word_1_132' title='bbox 1186 994 1324 1043; x_wconf 88' lang='lat' dir='ltr'><strong>utique</strong></span> <span class='ocrx_word' id='word_1_133' title='bbox 1342 1000 1365 1034; x_wconf 83' lang='lat'><strong>3</strong></span> 
     </span>
     <span class='ocr_line' id='line_1_16' title="bbox 49 1047 1325 1099; baseline 0.001 -11"><span class='ocrx_word' id='word_1_134' title='bbox 49 1049 188 1088; x_wconf 88' lang='lat' dir='ltr'><strong>sciat.“</strong></span> <span class='ocrx_word' id='word_1_135' title='bbox 224 1047 345 1096; x_wconf 83' lang='lat' dir='ltr'><strong>Quid,</strong></span> <span class='ocrx_word' id='word_1_136' title='bbox 379 1047 415 1086; x_wconf 91' lang='lat' dir='ltr'><strong>si</strong></span> <span class='ocrx_word' id='word_1_137' title='bbox 434 1047 487 1085; x_wconf 82' lang='lat' dir='ltr'><strong>illi</strong></span> <span class='ocrx_word' id='word_1_138' title='bbox 507 1047 641 1087; x_wconf 86' lang='lat' dir='ltr'><strong>utilius</strong></span> <span class='ocrx_word' id='word_1_139' title='bbox 667 1052 730 1088; x_wconf 88' lang='lat' dir='ltr'><strong>est</strong></span> <span class='ocrx_word' id='word_1_140' title='bbox 761 1048 948 1087; x_wconf 66' lang='lat' dir='ltr'><strong>nescire?</strong></span> <span class='ocrx_word' id='word_1_141' title='bbox 979 1049 1014 1086; x_wconf 91' lang='lat' dir='ltr'><strong>si</strong></span> <span class='ocrx_word' id='word_1_142' title='bbox 1033 1048 1268 1099; x_wconf 84' lang='lat' dir='ltr'><strong>honestius,</strong></span> <span class='ocrx_word' id='word_1_143' title='bbox 1291 1052 1325 1089; x_wconf 91' lang='lat' dir='ltr'><strong>si</strong></span> 
     </span>
     <span class='ocr_line' id='line_1_17' title="bbox 47 1102 1324 1153; baseline 0.001 -10"><span class='ocrx_word' id='word_1_144' title='bbox 47 1103 226 1153; x_wconf 60' lang='lat' dir='ltr'><strong>gratius?</strong></span> <span class='ocrx_word' id='word_1_145' title='bbox 261 1103 400 1142; x_wconf 90' lang='lat' dir='ltr'><strong>nonin</strong></span> <span class='ocrx_word' id='word_1_146' title='bbox 423 1102 538 1141; x_wconf 89' lang='lat' dir='ltr'><strong>aliam</strong></span> <span class='ocrx_word' id='word_1_147' title='bbox 562 1107 715 1151; x_wconf 90' lang='lat' dir='ltr'><strong>partem</strong></span> <span class='ocrx_word' id='word_1_148' title='bbox 734 1102 893 1141; x_wconf 68' lang='lat' dir='ltr'><strong>abibis?</strong></span> <span class='ocrx_word' id='word_1_149' title='bbox 936 1103 1067 1152; x_wconf 92' lang='lat' dir='ltr'><strong>„Volo</strong></span> <span class='ocrx_word' id='word_1_150' title='bbox 1087 1103 1230 1143; x_wconf 85' lang='lat' dir='ltr'><strong>sciat.“</strong></span> <span class='ocrx_word' id='word_1_151' title='bbox 1264 1105 1324 1144; x_wconf 87' lang='lat' dir='ltr'><strong>Ita</strong></span> 
     </span>
     <span class='ocr_line' id='line_1_18' title="bbox 47 1158 1364 1210; baseline 0.002 -11"><span class='ocrx_word' id='word_1_152' title='bbox 47 1166 91 1199; x_wconf 87' lang='lat' dir='ltr'><strong>tu</strong></span> <span class='ocrx_word' id='word_1_153' title='bbox 111 1159 311 1199; x_wconf 86' lang='lat' dir='ltr'><strong>hominem</strong></span> <span class='ocrx_word' id='word_1_154' title='bbox 342 1168 423 1197; x_wconf 89' lang='lat' dir='ltr'><strong>non</strong></span> <span class='ocrx_word' id='word_1_155' title='bbox 444 1158 624 1197; x_wconf 85' lang='lat' dir='ltr'><strong>servabis</strong></span> <span class='ocrx_word' id='word_1_156' title='bbox 651 1158 691 1196; x_wconf 90' lang='lat' dir='ltr'><strong>in</strong></span> <span class='ocrx_word' id='word_1_157' title='bbox 713 1158 920 1197; x_wconf 68' lang='lat' dir='ltr'><strong>tenebris?</strong></span> <span class='ocrx_word' id='word_1_158' title='bbox 955 1159 1042 1198; x_wconf 92' lang='lat' dir='ltr'><strong>Non</strong></span> <span class='ocrx_word' id='word_1_159' title='bbox 1063 1170 1187 1208; x_wconf 80' lang='lat' dir='ltr'><strong>nego,</strong></span> <span class='ocrx_word' id='word_1_160' title='bbox 1224 1172 1322 1210; x_wconf 87' lang='lat' dir='ltr'><strong>quo-</strong></span> <span class='ocrx_word' id='word_1_161' title='bbox 1342 1167 1364 1200; x_wconf 78' lang='lat'>4</span> 
     </span>
     <span class='ocr_line' id='line_1_19' title="bbox 46 1214 1322 1264; baseline 0.002 -10"><span class='ocrx_word' id='word_1_162' title='bbox 46 1215 148 1254; x_wconf 86' lang='lat' dir='ltr'><strong>tiens</strong></span> <span class='ocrx_word' id='word_1_163' title='bbox 167 1214 312 1264; x_wconf 85' lang='lat' dir='ltr'><strong>patitur</strong></span> <span class='ocrx_word' id='word_1_164' title='bbox 339 1224 426 1262; x_wconf 89' lang='lat' dir='ltr'><strong>res,</strong></span> <span class='ocrx_word' id='word_1_165' title='bbox 456 1214 760 1263; x_wconf 89' lang='lat' dir='ltr'><strong>percipiendum</strong></span> <span class='ocrx_word' id='word_1_166' title='bbox 785 1214 975 1262; x_wconf 81' lang='lat' dir='ltr'><strong>gaudium</strong></span> <span class='ocrx_word' id='word_1_167' title='bbox 1002 1225 1052 1253; x_wconf 84' lang='lat' dir='ltr'><strong>ex</strong></span> <span class='ocrx_word' id='word_1_168' title='bbox 1087 1215 1322 1264; x_wconf 88' lang='lat' dir='ltr'><strong>accipientis</strong></span> 
     </span>
     <span class='ocr_line' id='line_1_20' title="bbox 50 1269 1322 1321; baseline 0.002 -11"><span class='ocrx_word' id='word_1_169' title='bbox 50 1271 260 1310; x_wconf 85' lang='lat' dir='ltr'><strong>voluntate.</strong></span> <span class='ocrx_word' id='word_1_170' title='bbox 289 1271 349 1309; x_wconf 92' lang='lat' dir='ltr'><strong>sin</strong></span> <span class='ocrx_word' id='word_1_171' title='bbox 371 1270 553 1308; x_wconf 90' lang='lat' dir='ltr'><strong>adiuvari</strong></span> <span class='ocrx_word' id='word_1_172' title='bbox 573 1269 680 1309; x_wconf 85' lang='lat' dir='ltr'><strong>illurn</strong></span> <span class='ocrx_word' id='word_1_173' title='bbox 701 1274 741 1308; x_wconf 87' lang='lat' dir='ltr'><strong>et</strong></span> <span class='ocrx_word' id='word_1_174' title='bbox 760 1274 919 1318; x_wconf 85' lang='lat' dir='ltr'><strong>oportet</strong></span> <span class='ocrx_word' id='word_1_175' title='bbox 937 1275 976 1309; x_wconf 92' lang='lat' dir='ltr'><strong>et</strong></span> <span class='ocrx_word' id='word_1_176' title='bbox 994 1271 1137 1319; x_wconf 87' lang='lat' dir='ltr'><strong>pudet,</strong></span> <span class='ocrx_word' id='word_1_177' title='bbox 1160 1272 1195 1311; x_wconf 91' lang='lat' dir='ltr'><strong>si</strong></span> <span class='ocrx_word' id='word_1_178' title='bbox 1211 1274 1322 1321; x_wconf 90' lang='lat' dir='ltr'><strong>quod</strong></span> 
     </span>
     <span class='ocr_line' id='line_1_21' title="bbox 47 1324 1322 1376; baseline 0.001 -10"><span class='ocrx_word' id='word_1_179' title='bbox 47 1332 298 1376; x_wconf 83' lang='lat' dir='ltr'><strong>praestamus</strong></span> <span class='ocrx_word' id='word_1_180' title='bbox 318 1325 506 1374; x_wconf 86' lang='lat' dir='ltr'><strong>offendit,</strong></span> <span class='ocrx_word' id='word_1_181' title='bbox 527 1325 604 1364; x_wconf 91' lang='lat' dir='ltr'><strong>nisi</strong></span> <span class='ocrx_word' id='word_1_182' title='bbox 624 1324 903 1365; x_wconf 82' lang='lat' dir='ltr'><strong>absconditur:</strong></span> <span class='ocrx_word' id='word_1_183' title='bbox 923 1325 1164 1366; x_wconf 88' lang='lat' dir='ltr'><strong>beneficium</strong></span> <span class='ocrx_word' id='word_1_184' title='bbox 1179 1327 1217 1366; x_wconf 92' lang='lat' dir='ltr'><strong>in</strong></span> <span class='ocrx_word' id='word_1_185' title='bbox 1234 1333 1322 1367; x_wconf 89' lang='lat' dir='ltr'><strong>acta</strong></span> 
     </span>
     <span class='ocr_line' id='line_1_22' title="bbox 47 1380 1321 1430; baseline 0 -8"><span class='ocrx_word' id='word_1_186' title='bbox 47 1393 126 1422; x_wconf 91' lang='lat' dir='ltr'><strong>non</strong></span> <span class='ocrx_word' id='word_1_187' title='bbox 145 1382 268 1422; x_wconf 90' lang='lat' dir='ltr'><strong>mitto.</strong></span> <span class='ocrx_word' id='word_1_188' title='bbox 306 1381 478 1430; x_wconf 69' lang='lat' dir='ltr'><strong>Quidni?</strong></span> <span class='ocrx_word' id='word_1_189' title='bbox 513 1381 598 1430; x_wconf 84' lang='lat' dir='ltr'><strong>Ego</strong></span> <span class='ocrx_word' id='word_1_190' title='bbox 619 1381 675 1420; x_wconf 91' lang='lat' dir='ltr'><strong>illi</strong></span> <span class='ocrx_word' id='word_1_191' title='bbox 694 1392 775 1420; x_wconf 88' lang='lat' dir='ltr'><strong>non</strong></span> <span class='ocrx_word' id='word_1_192' title='bbox 794 1392 883 1420; x_wconf 91' lang='lat' dir='ltr'><strong>sum</strong></span> <span class='ocrx_word' id='word_1_193' title='bbox 900 1380 1148 1421; x_wconf 88' lang='lat' dir='ltr'><strong>indicaturus</strong></span> <span class='ocrx_word' id='word_1_194' title='bbox 1167 1393 1231 1422; x_wconf 86' lang='lat' dir='ltr'><strong>me</strong></span> <span class='ocrx_word' id='word_1_195' title='bbox 1252 1384 1321 1422; x_wconf 93' lang='lat' dir='ltr'><strong>de-</strong></span> 
     </span>
     <span class='ocr_line' id='line_1_23' title="bbox 48 1436 1322 1486; baseline 0.001 -10"><span class='ocrx_word' id='word_1_196' title='bbox 48 1438 178 1485; x_wconf 90' lang='lat' dir='ltr'><strong>disse,</strong></span> <span class='ocrx_word' id='word_1_197' title='bbox 208 1448 298 1477; x_wconf 90' lang='lat' dir='ltr'><strong>cum</strong></span> <span class='ocrx_word' id='word_1_198' title='bbox 317 1438 418 1476; x_wconf 90' lang='lat' dir='ltr'><strong>inter</strong></span> <span class='ocrx_word' id='word_1_199' title='bbox 437 1437 565 1486; x_wconf 89' lang='lat' dir='ltr'><strong>prima</strong></span> <span class='ocrx_word' id='word_1_200' title='bbox 583 1441 798 1486; x_wconf 86' lang='lat' dir='ltr'><strong>praecepta</strong></span> <span class='ocrx_word' id='word_1_201' title='bbox 825 1447 873 1476; x_wconf 88' lang='lat' dir='ltr'><strong>ac</strong></span> <span class='ocrx_word' id='word_1_202' title='bbox 891 1436 1065 1475; x_wconf 88' lang='lat' dir='ltr'><strong>maxime</strong></span> <span class='ocrx_word' id='word_1_203' title='bbox 1087 1439 1322 1477; x_wconf 88' lang='lat' dir='ltr'><strong>necessaria</strong></span> 
     </span>
     <span class='ocr_line' id='line_1_24' title="bbox 49 1493 1320 1543; baseline 0 -11"><span class='ocrx_word' id='word_1_204' title='bbox 49 1494 119 1540; x_wconf 91' lang='lat' dir='ltr'><strong>sit,</strong></span> <span class='ocrx_word' id='word_1_205' title='bbox 140 1503 191 1531; x_wconf 91' lang='lat' dir='ltr'><strong>ne</strong></span> <span class='ocrx_word' id='word_1_206' title='bbox 208 1504 386 1541; x_wconf 90' lang='lat' dir='ltr'><strong>unquam</strong></span> <span class='ocrx_word' id='word_1_207' title='bbox 407 1493 667 1541; x_wconf 85' lang='lat' dir='ltr'><strong>exprobrem,</strong></span> <span class='ocrx_word' id='word_1_208' title='bbox 687 1493 806 1531; x_wconf 89' lang='lat' dir='ltr'><strong>immo</strong></span> <span class='ocrx_word' id='word_1_209' title='bbox 822 1503 874 1531; x_wconf 90' lang='lat' dir='ltr'><strong>ne</strong></span> <span class='ocrx_word' id='word_1_210' title='bbox 890 1493 1126 1532; x_wconf 85' lang='lat' dir='ltr'><strong>admoneam</strong></span> <span class='ocrx_word' id='word_1_211' title='bbox 1145 1494 1320 1543; x_wconf 91' lang='lat' dir='ltr'><strong>quidem.</strong></span> 
     </span>
     <span class='ocr_line' id='line_1_25' title="bbox 46 1547 1318 1588; baseline 0.001 -1"><span class='ocrx_word' id='word_1_212' title='bbox 46 1549 156 1587; x_wconf 88' lang='lat' dir='ltr'><strong>Haec</strong></span> <span class='ocrx_word' id='word_1_213' title='bbox 176 1549 278 1586; x_wconf 89' lang='lat' dir='ltr'><strong>enim</strong></span> <span class='ocrx_word' id='word_1_214' title='bbox 298 1547 483 1586; x_wconf 89' lang='lat' dir='ltr'><strong>beneficii</strong></span> <span class='ocrx_word' id='word_1_215' title='bbox 501 1549 602 1587; x_wconf 90' lang='lat' dir='ltr'><strong>inter</strong></span> <span class='ocrx_word' id='word_1_216' title='bbox 623 1548 728 1588; x_wconf 89' lang='lat' dir='ltr'><strong>duos</strong></span> <span class='ocrx_word' id='word_1_217' title='bbox 747 1549 813 1586; x_wconf 89' lang='lat' dir='ltr'><strong>lex</strong></span> <span class='ocrx_word' id='word_1_218' title='bbox 833 1554 914 1588; x_wconf 85' lang='lat' dir='ltr'><strong>est:</strong></span> <span class='ocrx_word' id='word_1_219' title='bbox 951 1550 1050 1587; x_wconf 85' lang='lat' dir='ltr'><strong>alter</strong></span> <span class='ocrx_word' id='word_1_220' title='bbox 1070 1550 1200 1588; x_wconf 89' lang='lat' dir='ltr'><strong>statim</strong></span> <span class='ocrx_word' id='word_1_221' title='bbox 1222 1549 1318 1588; x_wconf 89' lang='lat' dir='ltr'><strong>obli-</strong></span> 
     </span>
     <span class='ocr_line' id='line_1_26' title="bbox 46 1603 954 1652; baseline -0.001 -9"><span class='ocrx_word' id='word_1_222' title='bbox 46 1604 148 1643; x_wconf 85' lang='lat' dir='ltr'><strong>visci</strong></span> <span class='ocrx_word' id='word_1_223' title='bbox 169 1604 288 1643; x_wconf 89' lang='lat' dir='ltr'><strong>debet</strong></span> <span class='ocrx_word' id='word_1_224' title='bbox 307 1603 408 1651; x_wconf 86' lang='lat' dir='ltr'><strong>dati,</strong></span> <span class='ocrx_word' id='word_1_225' title='bbox 435 1605 533 1642; x_wconf 84' lang='lat' dir='ltr'><strong>alter</strong></span> <span class='ocrx_word' id='word_1_226' title='bbox 551 1603 706 1652; x_wconf 90' lang='lat' dir='ltr'><strong>accepti</strong></span> <span class='ocrx_word' id='word_1_227' title='bbox 724 1615 954 1652; x_wconf 89' lang='lat' dir='ltr'><strong>numquam.</strong></span> 
     </span>
    </p>

    <p class='ocr_par' dir='ltr' id='par_1_3' title="bbox 48 1659 1360 1987">
     <span class='ocr_line' id='line_1_27' title="bbox 128 1659 1360 1710; baseline 0.002 -12"><span class='ocrx_word' id='word_1_228' title='bbox 128 1660 194 1698; x_wconf 89' lang='lat' dir='ltr'><strong>XI.</strong></span> <span class='ocrx_word' id='word_1_229' title='bbox 228 1659 675 1698; x_wconf 86' lang='lat' dir='ltr'><strong>Laceratanimum</strong></span> <span class='ocrx_word' id='word_1_230' title='bbox 702 1664 749 1697; x_wconf 91' lang='lat' dir='ltr'><strong>et</strong></span> <span class='ocrx_word' id='word_1_231' title='bbox 770 1660 948 1707; x_wconf 90' lang='lat' dir='ltr'><strong>premit</strong></span> <span class='ocrx_word' id='word_1_232' title='bbox 967 1660 1211 1710; x_wconf 84' lang='lat' dir='ltr'><strong>frequens</strong></span> <span class='ocrx_word' id='word_1_233' title='bbox 1231 1672 1318 1699; x_wconf 90' lang='lat' dir='ltr'><strong>me-</strong></span> <span class='ocrx_word' id='word_1_234' title='bbox 1342 1668 1360 1701; x_wconf 95' lang='lat'>1</span> 
     </span>
     <span class='ocr_line' id='line_1_28' title="bbox 48 1715 1319 1766; baseline 0.002 -12"><span class='ocrx_word' id='word_1_235' title='bbox 48 1716 256 1754; x_wconf 88' lang='lat' dir='ltr'><strong>ritorum</strong></span> <span class='ocrx_word' id='word_1_236' title='bbox 282 1715 702 1754; x_wconf 85' lang='lat' dir='ltr'><strong>commemoratio.</strong></span> <span class='ocrx_word' id='word_1_237' title='bbox 746 1715 860 1753; x_wconf 90' lang='lat' dir='ltr'><strong>Libet</strong></span> <span class='ocrx_word' id='word_1_238' title='bbox 878 1716 1104 1755; x_wconf 84' lang='lat' dir='ltr'><strong>exclamare</strong></span> <span class='ocrx_word' id='word_1_239' title='bbox 1125 1717 1235 1766; x_wconf 88' lang='lat' dir='ltr'><strong>quod</strong></span> <span class='ocrx_word' id='word_1_240' title='bbox 1254 1717 1319 1756; x_wconf 89' lang='lat' dir='ltr'><strong>ille</strong></span> 
     </span>
     <span class='ocr_line' id='line_1_29' title="bbox 49 1769 1319 1820; baseline 0.002 -11"><span class='ocrx_word' id='word_1_241' title='bbox 49 1769 278 1810; x_wconf 81' lang='lat' dir='ltr'><strong>triumvirali</strong></span> <span class='ocrx_word' id='word_1_242' title='bbox 310 1769 605 1820; x_wconf 88' lang='lat' dir='ltr'><strong>proscriptione</strong></span> <span class='ocrx_word' id='word_1_243' title='bbox 641 1775 823 1809; x_wconf 87' lang='lat' dir='ltr'><strong>servatus</strong></span> <span class='ocrx_word' id='word_1_244' title='bbox 865 1781 889 1808; x_wconf 88' lang='lat' dir='ltr'><strong>a</strong></span> <span class='ocrx_word' id='word_1_245' title='bbox 922 1772 1098 1819; x_wconf 90' lang='lat' dir='ltr'><strong>quodam</strong></span> <span class='ocrx_word' id='word_1_246' title='bbox 1135 1773 1319 1811; x_wconf 88' lang='lat' dir='ltr'><strong>Caesaris</strong></span> 
     </span>
     <span class='ocr_line' id='line_1_30' title="bbox 50 1825 1317 1876; baseline -0.002 -11"><span class='ocrx_word' id='word_1_247' title='bbox 50 1826 176 1866; x_wconf 83' lang='lat' dir='ltr'><strong>amico</strong></span> <span class='ocrx_word' id='word_1_248' title='bbox 197 1826 452 1873; x_wconf 83' lang='lat' dir='ltr'><strong>exclamavit,</strong></span> <span class='ocrx_word' id='word_1_249' title='bbox 476 1836 566 1864; x_wconf 92' lang='lat' dir='ltr'><strong>cum</strong></span> <span class='ocrx_word' id='word_1_250' title='bbox 581 1825 809 1874; x_wconf 88' lang='lat' dir='ltr'><strong>superbiam</strong></span> <span class='ocrx_word' id='word_1_251' title='bbox 825 1826 912 1864; x_wconf 90' lang='lat' dir='ltr'><strong>eius</strong></span> <span class='ocrx_word' id='word_1_252' title='bbox 932 1827 1036 1865; x_wconf 86' lang='lat' dir='ltr'><strong>ferre</strong></span> <span class='ocrx_word' id='word_1_253' title='bbox 1056 1838 1136 1867; x_wconf 91' lang='lat' dir='ltr'><strong>non</strong></span> <span class='ocrx_word' id='word_1_254' title='bbox 1159 1833 1317 1876; x_wconf 81' lang='lat' dir='ltr'><strong>posset:</strong></span> 
     </span>
     <span class='ocr_line' id='line_1_31' title="bbox 51 1880 1316 1931; baseline 0 -11"><span class='ocrx_word' id='word_1_255' title='bbox 51 1882 213 1930; x_wconf 87' lang='lat' dir='ltr'><strong>„Redde</strong></span> <span class='ocrx_word' id='word_1_256' title='bbox 240 1892 304 1920; x_wconf 91' lang='lat' dir='ltr'><strong>me</strong></span> <span class='ocrx_word' id='word_1_257' title='bbox 326 1880 499 1920; x_wconf 86' lang='lat' dir='ltr'><strong>Caesari.</strong></span> <span class='ocrx_word' id='word_1_258' title='bbox 547 1891 762 1930; x_wconf 90' lang='lat' dir='ltr'><strong>quousque</strong></span> <span class='ocrx_word' id='word_1_259' title='bbox 795 1882 925 1920; x_wconf 83' lang='lat' dir='ltr'><strong>dices:</strong></span> <span class='ocrx_word' id='word_1_260' title='bbox 965 1893 1039 1931; x_wconf 86' lang='lat' dir='ltr'><strong>ego</strong></span> <span class='ocrx_word' id='word_1_261' title='bbox 1073 1888 1112 1922; x_wconf 87' lang='lat' dir='ltr'><strong>te</strong></span> <span class='ocrx_word' id='word_1_262' title='bbox 1145 1885 1316 1929; x_wconf 85' lang='lat' dir='ltr'><strong>servavi,</strong></span> 
     </span>
     <span class='ocr_line' id='line_1_32' title="bbox 51 1937 1317 1987; baseline 0 -10"><span class='ocrx_word' id='word_1_263' title='bbox 51 1947 126 1986; x_wconf 83' lang='lat' dir='ltr'><strong>ego</strong></span> <span class='ocrx_word' id='word_1_264' title='bbox 147 1937 272 1987; x_wconf 89' lang='lat' dir='ltr'><strong>eripui</strong></span> <span class='ocrx_word' id='word_1_265' title='bbox 291 1937 434 1977; x_wconf 71' lang='lat' dir='ltr'><strong>morti?</strong></span> <span class='ocrx_word' id='word_1_266' title='bbox 453 1937 581 1984; x_wconf 90' lang='lat' dir='ltr'><strong>istud,</strong></span> <span class='ocrx_word' id='word_1_267' title='bbox 604 1937 639 1975; x_wconf 90' lang='lat' dir='ltr'><strong>si</strong></span> <span class='ocrx_word' id='word_1_268' title='bbox 658 1947 748 1975; x_wconf 87' lang='lat' dir='ltr'><strong>meo</strong></span> <span class='ocrx_word' id='word_1_269' title='bbox 765 1937 926 1976; x_wconf 90' lang='lat' dir='ltr'><strong>arbitrio</strong></span> <span class='ocrx_word' id='word_1_270' title='bbox 942 1939 1122 1986; x_wconf 90' lang='lat' dir='ltr'><strong>memini,</strong></span> <span class='ocrx_word' id='word_1_271' title='bbox 1147 1939 1229 1977; x_wconf 86' lang='lat' dir='ltr'><strong>vita</strong></span> <span class='ocrx_word' id='word_1_272' title='bbox 1245 1945 1317 1984; x_wconf 86' lang='lat' dir='ltr'><strong>est,</strong></span> 
     </span>
    </p>

    <p class='ocr_par' dir='ltr' id='par_1_4' title="bbox 26 1991 1320 2042">
     <span class='ocr_line' id='line_1_33' title="bbox 26 1991 1320 2042; baseline 0.002 -12"><span class='ocrx_word' id='word_1_273' title='bbox 26 2012 35 2017; x_wconf 75' lang='lat'><em>-</em></span> <span class='ocrx_word' id='word_1_274' title='bbox 53 1993 87 2031; x_wconf 90' lang='lat' dir='ltr'><strong>si</strong></span> <span class='ocrx_word' id='word_1_275' title='bbox 105 1997 193 2041; x_wconf 87' lang='lat' dir='ltr'><strong>tuo,</strong></span> <span class='ocrx_word' id='word_1_276' title='bbox 231 2003 339 2032; x_wconf 89' lang='lat' dir='ltr'><strong>mors</strong></span> <span class='ocrx_word' id='word_1_277' title='bbox 360 1997 433 2031; x_wconf 88' lang='lat' dir='ltr'><strong>cst.</strong></span> <span class='ocrx_word' id='word_1_278' title='bbox 478 1992 573 2030; x_wconf 88' lang='lat' dir='ltr'><strong>nihil</strong></span> <span class='ocrx_word' id='word_1_279' title='bbox 597 1992 667 2030; x_wconf 88' lang='lat' dir='ltr'><strong>tibi</strong></span> <span class='ocrx_word' id='word_1_280' title='bbox 698 1991 849 2039; x_wconf 90' lang='lat' dir='ltr'><strong>debeo,</strong></span> <span class='ocrx_word' id='word_1_281' title='bbox 890 1992 924 2031; x_wconf 87' lang='lat' dir='ltr'><strong>si</strong></span> <span class='ocrx_word' id='word_1_282' title='bbox 955 2003 1019 2032; x_wconf 90' lang='lat' dir='ltr'><strong>me</strong></span> <span class='ocrx_word' id='word_1_283' title='bbox 1052 1995 1241 2042; x_wconf 88' lang='lat' dir='ltr'><strong>servasti,</strong></span> <span class='ocrx_word' id='word_1_284' title='bbox 1276 1999 1320 2032; x_wconf 90' lang='lat' dir='ltr'><strong>ut</strong></span> 
     </span>
    </p>

    <p class='ocr_par' dir='ltr' id='par_1_5' title="bbox 10 2047 1319 2102">
     <span class='ocr_line' id='line_1_34' title="bbox 10 2047 1319 2102; baseline 0.002 -16"><span class='ocrx_word' id='word_1_285' title='bbox 10 2095 15 2102; x_wconf 32' lang='grc' dir='ltr'><strong><em>Ι</em></strong></span> <span class='ocrx_word' id='word_1_286' title='bbox 50 2047 220 2088; x_wconf 88' lang='lat' dir='ltr'><strong>haberes</strong></span> <span class='ocrx_word' id='word_1_287' title='bbox 250 2059 368 2098; x_wconf 88' lang='lat' dir='ltr'><strong>quem</strong></span> <span class='ocrx_word' id='word_1_288' title='bbox 395 2048 643 2087; x_wconf 89' lang='lat' dir='ltr'><strong>ostenderes.</strong></span> <span class='ocrx_word' id='word_1_289' title='bbox 697 2057 910 2096; x_wconf 90' lang='lat' dir='ltr'><strong>quousque</strong></span> <span class='ocrx_word' id='word_1_290' title='bbox 937 2058 1002 2086; x_wconf 91' lang='lat' dir='ltr'><strong>me</strong></span> <span class='ocrx_word' id='word_1_291' title='bbox 1026 2048 1319 2088; x_wconf 64' lang='lat' dir='ltr'><strong>circumducis?</strong></span> 
     </span>
    </p>

    <p class='ocr_par' dir='ltr' id='par_1_6' title="bbox 54 2103 1317 2153">
     <span class='ocr_line' id='line_1_35' title="bbox 54 2103 1317 2153; baseline 0.001 -10"><span class='ocrx_word' id='word_1_292' title='bbox 54 2114 262 2153; x_wconf 90' lang='lat' dir='ltr'><strong>quousque</strong></span> <span class='ocrx_word' id='word_1_293' title='bbox 295 2104 477 2143; x_wconf 88' lang='lat' dir='ltr'><strong>oblivisci</strong></span> <span class='ocrx_word' id='word_1_294' title='bbox 507 2104 688 2142; x_wconf 82' lang='lat' dir='ltr'><strong>fortunae</strong></span> <span class='ocrx_word' id='word_1_295' title='bbox 716 2113 828 2141; x_wconf 84' lang='lat' dir='ltr'><strong>meae</strong></span> <span class='ocrx_word' id='word_1_296' title='bbox 855 2114 936 2142; x_wconf 89' lang='lat' dir='ltr'><strong>non</strong></span> <span class='ocrx_word' id='word_1_297' title='bbox 958 2103 1087 2142; x_wconf 68' lang='lat' dir='ltr'><strong>sinis?</strong></span> <span class='ocrx_word' id='word_1_298' title='bbox 1135 2106 1258 2143; x_wconf 89' lang='lat' dir='ltr'><strong>semel</strong></span> <span class='ocrx_word' id='word_1_299' title='bbox 1277 2105 1317 2144; x_wconf 88' lang='lat' dir='ltr'><strong>in</strong></span> 
     </span>
    </p>

    <p class='ocr_par' dir='ltr' id='par_1_7' title="bbox 4 2158 1357 2209">
     <span class='ocr_line' id='line_1_36' title="bbox 4 2158 1357 2209; baseline 0 -10"><span class='ocrx_word' id='word_1_300' title='bbox 4 2196 5 2199; x_wconf 73' lang='grc'>,</span> <span class='ocrx_word' id='word_1_301' title='bbox 52 2159 248 2209; x_wconf 90' lang='lat' dir='ltr'><strong>triumpho</strong></span> <span class='ocrx_word' id='word_1_302' title='bbox 271 2160 412 2198; x_wconf 89' lang='lat' dir='ltr'><strong>ductus</strong></span> <span class='ocrx_word' id='word_1_303' title='bbox 434 2162 606 2198; x_wconf 90' lang='lat' dir='ltr'><strong>essem.“</strong></span> <span class='ocrx_word' id='word_1_304' title='bbox 638 2159 725 2197; x_wconf 92' lang='lat' dir='ltr'><strong>Non</strong></span> <span class='ocrx_word' id='word_1_305' title='bbox 745 2163 806 2197; x_wconf 88' lang='lat' dir='ltr'><strong>est</strong></span> <span class='ocrx_word' id='word_1_306' title='bbox 825 2158 1035 2197; x_wconf 88' lang='lat' dir='ltr'><strong>dicendum</strong></span> <span class='ocrx_word' id='word_1_307' title='bbox 1057 2160 1153 2208; x_wconf 87' lang='lat' dir='ltr'><strong>quid</strong></span> <span class='ocrx_word' id='word_1_308' title='bbox 1171 2161 1314 2199; x_wconf 88' lang='lat' dir='ltr'><strong>tribue·</strong></span> <span class='ocrx_word' id='word_1_309' title='bbox 1336 2170 1357 2203; x_wconf 82' lang='lat'><strong>2</strong></span> 
     </span>
    </p>

    <p class='ocr_par' dir='ltr' id='par_1_8' title="bbox 7 2215 1317 2264">
     <span class='ocr_line' id='line_1_37' title="bbox 7 2215 1317 2264; baseline 0.002 -11"><span class='ocrx_word' id='word_1_310' title='bbox 7 2254 16 2262; x_wconf 27' lang='lat'><strong>‚¹</strong></span> <span class='ocrx_word' id='word_1_311' title='bbox 46 2215 194 2253; x_wconf 79' lang='lat' dir='ltr'><strong>rimus:</strong></span> <span class='ocrx_word' id='word_1_312' title='bbox 215 2215 282 2263; x_wconf 91' lang='lat' dir='ltr'><strong>qui</strong></span> <span class='ocrx_word' id='word_1_313' title='bbox 298 2215 486 2254; x_wconf 86' lang='lat' dir='ltr'><strong>admonet</strong></span> <span class='ocrx_word' id='word_1_314' title='bbox 503 2216 657 2264; x_wconf 85' lang='lat' dir='ltr'><strong>repetit.</strong></span> <span class='ocrx_word' id='word_1_315' title='bbox 698 2225 777 2252; x_wconf 91' lang='lat' dir='ltr'><strong>non</strong></span> <span class='ocrx_word' id='word_1_316' title='bbox 797 2219 858 2253; x_wconf 88' lang='lat' dir='ltr'><strong>est</strong></span> <span class='ocrx_word' id='word_1_317' title='bbox 878 2215 1124 2263; x_wconf 88' lang='lat' dir='ltr'><strong>instandum,</strong></span> <span class='ocrx_word' id='word_1_318' title='bbox 1152 2225 1231 2254; x_wconf 91' lang='lat' dir='ltr'><strong>non</strong></span> <span class='ocrx_word' id='word_1_319' title='bbox 1254 2222 1317 2255; x_wconf 89' lang='lat' dir='ltr'><strong>est</strong></span> 
     </span>
    </p>

    <p class='ocr_par' dir='ltr' id='par_1_9' title="bbox 4 2269 1315 2376">
     <span class='ocr_line' id='line_1_38' title="bbox 4 2269 1314 2323; baseline 0.002 -16"><span class='ocrx_word' id='word_1_320' title='bbox 4 2279 12 2323; x_wconf 76' lang='lat' dir='ltr'><strong>j</strong></span> <span class='ocrx_word' id='word_1_321' title='bbox 45 2270 243 2310; x_wconf 86' lang='lat' dir='ltr'><strong>memoria</strong></span> <span class='ocrx_word' id='word_1_322' title='bbox 268 2270 519 2319; x_wconf 85' lang='lat' dir='ltr'><strong>renovanda,</strong></span> <span class='ocrx_word' id='word_1_323' title='bbox 549 2270 626 2309; x_wconf 87' lang='lat' dir='ltr'><strong>nisi</strong></span> <span class='ocrx_word' id='word_1_324' title='bbox 652 2275 693 2308; x_wconf 92' lang='lat' dir='ltr'><strong>ut</strong></span> <span class='ocrx_word' id='word_1_325' title='bbox 721 2269 828 2308; x_wconf 89' lang='lat' dir='ltr'><strong>aliud</strong></span> <span class='ocrx_word' id='word_1_326' title='bbox 851 2269 986 2309; x_wconf 88' lang='lat' dir='ltr'><strong>dando</strong></span> <span class='ocrx_word' id='word_1_327' title='bbox 1010 2271 1156 2319; x_wconf 89' lang='lat' dir='ltr'><strong>prioris</strong></span> <span class='ocrx_word' id='word_1_328' title='bbox 1180 2271 1314 2310; x_wconf 90' lang='lat' dir='ltr'><strong>admo-</strong></span> 
     </span>
     <span class='ocr_line' id='line_1_39' title="bbox 54 2324 1315 2376; baseline 0.002 -13"><span class='ocrx_word' id='word_1_329' title='bbox 54 2335 164 2364; x_wconf 87' lang='lat' dir='ltr'><strong>neas.</strong></span> <span class='ocrx_word' id='word_1_330' title='bbox 199 2325 257 2364; x_wconf 88' lang='lat' dir='ltr'><strong>Ne</strong></span> <span class='ocrx_word' id='word_1_331' title='bbox 285 2326 369 2366; x_wconf 88' lang='lat' dir='ltr'><strong>aliis</strong></span> <span class='ocrx_word' id='word_1_332' title='bbox 397 2326 558 2376; x_wconf 85' lang='lat' dir='ltr'><strong>quidem</strong></span> <span class='ocrx_word' id='word_1_333' title='bbox 583 2336 746 2366; x_wconf 85' lang='lat' dir='ltr'><strong>narrare</strong></span> <span class='ocrx_word' id='word_1_334' title='bbox 774 2324 978 2366; x_wconf 88' lang='lat' dir='ltr'><strong>debemus.</strong></span> <span class='ocrx_word' id='word_1_335' title='bbox 1019 2326 1086 2375; x_wconf 87' lang='lat' dir='ltr'><strong>qui</strong></span> <span class='ocrx_word' id='word_1_336' title='bbox 1109 2326 1218 2367; x_wconf 88' lang='lat' dir='ltr'><strong>dedit</strong></span> <span class='ocrx_word' id='word_1_337' title='bbox 1246 2327 1315 2366; x_wconf 89' lang='lat' dir='ltr'><strong>be-</strong></span> 
     </span>
    </p>

    <p class='ocr_par' dir='ltr' id='par_1_10' title="bbox 18 2378 1117 2421">
     <span class='ocr_line' id='line_1_40' title="bbox 18 2378 1117 2421; baseline 0.001 -40"><span class='ocrx_word' id='word_1_338' title='bbox 18 2378 21 2381; x_wconf 35' lang='lat'><strong>.</strong></span> <span class='ocrx_word' id='word_1_339' title='bbox 1059 2387 1082 2421; x_wconf 82' lang='lat'><strong>2</strong></span> <span class='ocrx_word' id='word_1_340' title='bbox 1096 2380 1117 2407; x_wconf 63' lang='lat'>*</span> 
     </span>
    </p>
   </div>
  </div>
 </body>
</html>
