1624 2626
0 165 5 226 ᾖ
299 170 370 210 AD
391 168 634 210 SERENUM
661 169 727 209 DE
749 167 876 208 OTIO.
915 174 1025 210 1—3.
1227 166 1306 210 165

2 283 111 315 »sum
138 278 218 320 est,
254 277 316 319 ut,
357 273 391 312 si
417 282 484 311 res
514 271 677 321 patitur,
714 281 795 310 non
823 269 874 310 sit
901 270 992 319 ipsa
1022 280 1132 309 mors
1162 271 1304 313 otiosa.

2 328 122 379 1²de
144 329 261 368 nobis
280 329 444 377 Epicuri
465 332 682 377 praecepta
708 327 747 365 in
774 325 876 376 ipsis
895 326 1068 365 Zenonis
1098 327 1304 376 principiis

0 379 226 437 ffloqueris‘e
261 385 356 434 quin
376 389 418 424 tu
437 383 542 422 bene
560 383 760 431 gnaviter,
782 383 816 421 si
837 381 1006 431 partium
1025 383 1153 431 piget,
1176 389 1304 422 trans-

0 442 126 490 tffugis
155 440 290 490 potius
318 451 438 489 quam
466 439 668 488 prodis?“
709 439 797 477 Hoc
825 438 895 477 tibi
921 438 960 476 in
990 439 1219 487 praesentia
1243 448 1304 477 re·
1322 443 1343 477 5

0 497 252 546 §spondeboz
289 494 483 545 numquid
513 497 573 534 vis
602 494 793 543 amplius,
830 504 948 543 quam
975 498 1019 533 ut
1046 504 1110 532 me
1138 494 1305 533 similem

0 552 189 591 [ducibus
217 552 318 590 meis
345 555 572 600 praestem?
609 550 712 598 Quid
739 560 835 598 ergo
856 554 944 590 est?
979 560 1060 590 non
1081 562 1165 599 quo
1184 550 1304 590 mise—

0 626 1 630 =
18 608 97 647 rint
118 618 181 647 me
201 608 267 656 illi,
289 608 363 646 sed
385 617 466 656 quo
486 607 683 654 duxerint,
703 605 783 645 ibo.

100 663 150 702 ΙΙ.
180 665 267 715 [29.]
289 663 402 702 Nunc
423 662 605 712 probabo
626 662 695 701 tibi
714 661 794 701 non
815 661 1044 702 desciscere
1063 672 1128 701 me
1149 671 1172 699 a
1190 670 1304 710 prae·
1324 669 1343 703 1

22 719 151 768 ceptis
178 719 427 765 Stoicorum;
469 729 559 757 nam
590 728 641 756 ne
665 717 744 766 ipsi
772 718 932 767 quidem
959 729 983 757 a
1010 718 1095 757 suis
1123 718 1307 757 descive-

20 779 132 823 runt,
156 780 195 814 et
213 780 344 813 tamen
365 774 699 813 excusatissimus
721 783 874 823 essem,
903 775 1019 814 etiam
1039 773 1073 813 si
1091 784 1173 812 non
1193 782 1307 822 prae-

22 836 140 880 cepta
158 830 313 869 illorum
332 840 546 879 sequerer,
575 829 650 867 sed
669 830 867 878 exempla.
903 830 1009 869 Hoc
1035 830 1168 879 quod
1193 829 1308 867 dico

21 887 68 925 in
91 886 217 925 duas
242 886 465 925 dividam
487 889 679 934 partes=
707 885 934 934 primum,
954 890 1009 924 ut
1028 885 1198 935 possit
1216 882 1308 922 ali-

23 942 138 990 quis
174 942 252 980 vel
285 952 310 980 a
336 942 496 991 prima
521 944 688 980 aetate
715 941 1147 990 contemplationi
1173 939 1309 979 veri-

21 997 149 1036 tatis
168 1001 323 1037 totum
343 1008 396 1036 se
415 997 640 1044 tradere,
661 997 908 1035 rationem
931 997 1135 1035 vivendi
1159 1004 1309 1045 quae-

22 1063 138 1091 rere
160 1058 310 1102 atque
338 1061 586 1091 exercere
617 1055 833 1090 secreto.
871 1051 1081 1099 deinde,
1113 1057 1165 1091 ut
1190 1059 1308 1100 pos·
1326 1060 1348 1093 2

24 1107 211 1147 sithoc
238 1108 431 1157 aliquis
459 1105 691 1145 emeritis
723 1105 816 1145 iam
850 1107 1156 1156 stipendiis,
1190 1115 1309 1156 pro—

23 1164 244 1212 fligatae
271 1163 461 1202 aetatis
482 1163 590 1202 iure
610 1162 798 1211 optimo
826 1164 1002 1202 facere
1023 1169 1071 1202 et
1089 1163 1150 1201 ad
1177 1163 1309 1202 alios

26 1224 174 1259 actus
216 1220 409 1258 animos
451 1219 649 1258 referre
686 1217 886 1266 virginum
926 1219 1151 1258 Vestalium
1184 1226 1309 1262 more,

25 1284 129 1323 quae
160 1274 276 1314 annis
304 1275 406 1313 inter
433 1273 569 1313 officia
599 1274 739 1313 divisis
768 1274 928 1313 discunt
960 1276 1094 1313 facere
1124 1285 1241 1314 sacra
1274 1278 1312 1311 et

25 1339 113 1370 cum
134 1330 358 1370 didicerunt
374 1331 531 1369 docent.

105 1387 172 1425 111.
202 1389 289 1434 [30]
315 1387 402 1425 Hoc
422 1385 567 1426 Stoicis
589 1395 754 1435 quoque
781 1385 942 1434 placere
968 1386 1201 1434 ostendam,
1230 1398 1309 1426 non
1330 1398 1348 1432 l

26 1441 120 1491 quia
134 1442 227 1481 mihi
243 1443 371 1490 legem
387 1442 552 1481 dixerim
568 1441 664 1480 nihil
679 1447 818 1481 contra
833 1442 981 1480 dictum
995 1441 1168 1481 Zenonis
1187 1440 1313 1493 Chry-

25 1498 184 1546 sippive
211 1498 473 1545 committere,
509 1497 583 1536 sed
611 1498 706 1547 quia
732 1508 800 1536 res
829 1497 919 1546 ipsa
941 1498 1087 1546 patitur
1113 1508 1177 1536 me
1193 1498 1254 1537 ire
1273 1499 1313 1537 in

25 1553 182 1592 illorum
202 1553 456 1601 sententiam,
487 1563 606 1601 quam
629 1553 665 1592 si
685 1553 776 1602 quis
797 1563 959 1601 semper
977 1552 1096 1592 unius
1118 1554 1311 1602 sequitur,

25 1621 107 1649 non
134 1609 174 1647 in
200 1608 311 1647 curia
331 1612 428 1656 [θείῃ
459 1608 534 1648 sed
560 1609 601 1646 in
627 1609 818 1648 factiosis.
857 1609 1014 1648 Utinam
1045 1609 1208 1658 quidem
1233 1609 1311 1648 iam

25 1669 254 1704 tenerentur
289 1663 423 1702 omnia
455 1669 494 1703 et
519 1664 701 1713 inoperta
727 1675 775 1703 ac
803 1665 994 1703 confessa
1020 1664 1169 1704 veritas
1203 1670 1314 1704 esset

27 1721 205 1769 nihilque
231 1730 282 1758 ex
305 1718 477 1758 decretis
497 1723 762 1759 mutaremus!
790 1730 896 1758 nunc
915 1719 1123 1759 veritatem
1144 1731 1232 1759 cum
1253 1721 1311 1759 eis

19 1774 130 1825 ·ipsis
152 1775 219 1825 qui
247 1775 395 1814 docent
422 1774 665 1823 quaerimus.
702 1776 815 1815 Duae
843 1775 1014 1815 maxime
1041 1780 1080 1815 et
1106 1776 1145 1814 in
1173 1776 1249 1815 hac
1269 1787 1313 1814 re
1329 1783 1351 1816 2

29 1831 227 1871 dissident
245 1836 399 1878 sectae,
419 1831 708 1879 Epicureorum
728 1836 766 1870 et
785 1830 1030 1880 Stoicorum,
1051 1832 1125 1871 sed
1144 1838 1315 1881 utraque

28 1887 80 1926 ad
102 1887 224 1927 otium
250 1887 414 1926 diversa
439 1886 505 1925 via
525 1887 651 1925 mittit.
686 1887 886 1935 Epicurus
915 1887 986 1926 ait:
1017 1887 1129 1935 „Non
1150 1888 1316 1926 accedet

30 1943 82 1981 ad
100 1943 387 1992 rempublicam
407 1941 584 1991 sapiens,
606 1942 683 1981 nisi
700 1943 734 1981 si
750 1943 847 1991 quid
861 1942 1158 1982 intervenerit.“
1177 1943 1315 1982 Zenon

31 1998 104 2037 alte
128 1998 332 2046 „Accedet
356 1999 409 2037 ad
435 1998 742 2046 rempublicam,
770 1997 849 2037 nisi
875 1999 909 2037 si
938 1998 1035 2047 quid
1062 1997 1315 2048 inpedIerit.“

30 2052 142 2093 Alter
171 2054 294 2093 otium
328 2064 380 2092 ex
413 2053 623 2103 proposito
654 2053 769 2102 petit,
809 2054 908 2092 alter
934 2064 985 2092 ex
1012 2064 1148 2093 causa.
1192 2056 1351 2094 causas

6 2138 9 2140 <
31 2114 163 2148 autem
190 2110 256 2148 illa
283 2110 362 2148 late
387 2114 514 2158 patet:
545 2109 579 2148 si
608 2107 838 2157 respublica
858 2109 1086 2158 corruptior
1113 2113 1176 2164 est
1194 2119 1313 2158 quarn

31 2169 76 2203 ut
107 2165 287 2204 adiuvari
321 2165 471 2214 possit,
506 2166 539 2204 si
573 2170 771 2213 occupata
804 2170 867 2203 est
892 2165 1028 2213 malis,
1063 2174 1145 2204 non
1170 2166 1314 2204 nitetur

35 2220 197 2269 sapiens
225 2221 263 2259 i'n
292 2231 590 2270 supervacuum
617 2230 692 2259 nec
719 2229 766 2258 se
793 2219 889 2258 nihil
915 2221 1147 2269 profuturus
1173 2221 1314 2271 inpen—

35 2274 120 2323 det,
153 2275 188 2315 si
217 2287 355 2325 parurn
383 2276 544 2316 habebit
573 2275 819 2315 auctoritatis
845 2280 913 2314 aut
939 2276 1080 2316 virium
1104 2286 1180 2317 nec
1207 2278 1314 2316 illum

9 2332 13 2334 “
37 2330 112 2370 erit
141 2331 368 2371 admissura
398 2332 649 2382 respublica,
690 2331 725 2370 si
760 2331 941 2371 valitudo
978 2332 1090 2375 illum
1125 2333 1316 2383 inpediet.
