1624 2626
188 38 205 57 Ο

152 166 222 226 An
252 185 495 226 MARCIAM
518 185 588 225 DE
619 183 1019 236 consorArioNE.
1056 187 1215 224 23—25.
1284 183 1364 226 137

71 287 216 337 dignus
239 286 468 327 sacerdotio
487 285 713 333 videretur,
742 289 923 325 materna
943 284 1041 324 §sine
1066 284 1191 324 dubio
1218 284 1364 325 suffra-

69 344 248 393 gatione,
283 343 361 384 sed
380 353 432 382 ne
457 347 587 383 mater
611 342 777 391 quidem
800 341 879 380 nisi
903 351 978 390 pro
1008 341 1118 380 bono
1146 341 1365 381 candidato

69 400 274 439 valuisset.
316 399 471 439 Harum
493 397 834 446 contemplatione
859 397 1047 436 virtutum
1078 395 1206 437 filium
1234 397 1254 421 *
1279 398 1402 446 geri4

69 467 188 505 quam
215 455 252 495 si
271 453 323 479 **
343 462 451 495 nunc
477 454 545 494 ille
569 454 638 494 tibi
660 454 788 503 magis
809 458 936 493 vacat.
978 463 1088 493 nunc
1109 453 1207 492 nihil
1230 453 1364 501 habet,

69 522 149 560 quo
169 517 351 552 vocetur.
381 516 605 560 numquam
625 510 693 550 tibi
714 509 992 558 sollicitudini,
1013 519 1234 559 numquam
1254 519 1364 549 moe-

67 568 147 606 rori
167 567 253 606 erit.
292 568 403 617 quod
430 578 553 606 unum
581 577 633 605 ex
661 572 742 606 tam
769 566 876 606 bono
905 565 989 606 filio
1018 571 1182 615 poteras
1211 566 1367 614 dolere,

67 624 249 663 doluisti:
279 627 629 672 ceteraexempta
655 622 839 670 casibus,
869 622 989 671 plena
1008 621 1228 671 voluptatis
1258 627 1364 668 sunt,

67 679 104 718 si
124 680 246 719 modo
266 681 322 719 uti
342 680 424 719 filio
446 679 540 727 scis,
563 678 598 718 si
617 679 739 717 modo
760 678 857 727 quid
876 678 916 716 in
937 678 1004 717 illo
1022 677 1365 728 pretiosissimum

66 735 197 784 suerit,
215 735 428 787 intellegis.
457 735 594 784 Imago
618 735 827 774 dumtaxat
845 734 915 773 filii
935 734 993 774 tui·
1012 735 1128 784 periit
1147 739 1187 773 et
1206 733 1364 782 effigies
1381 742 1403 776 5

68 802 149 831 non
180 791 400 839 simillima,
436 791 527 840 ipse
555 791 720 840 quidem
747 795 994 830 aeternus
1023 791 1366 839 meliori-sque

67 856 202 886 nunc
229 851 397 886 status
429 851 525 894 est,
553 847 807 895 despoliatus
837 847 1028 887 oneribus
1058 846 1200 886 alienis
1227 850 1268 886 et
1287 846 1367 885 sibi

67 902 245 942 relictus.
282 903 395 942 Haec
413 913 522 952 quae
541 903 655 942 vides
684 911 784 942 ossa
808 902 1093 950 circumiecta]
1118 902 1256 950 nobis,
1276 912 1366 941 ner·

69 969 146 998 vos
167 963 208 998 et
227 957 443 998 obductam
467 963 598 998 cutem
618 959 857 1007 voltumque
874 963 914 998 et
936 958 1143 996 ministras
1162 968 1307 997 manus
1327 962 1369 997 et

68 1019 206 1054 cetera
238 1015 386 1064 quibus
419 1014 588 1053 involuti
615 1022 778 1061 sumus,
813 1014 975 1052 vincula
997 1014 1225 1055 >animorum
1255 1019 1367 1053 tene-

68 1068 247 1119 braeque
276 1075 381 1109 sunt.
425 1069 612 1110 obruitur
633 1068 697 1109 h1s
724 1069 900 1118 animus,
938 1069 1147 1116 effocatur,
1177 1069 1365 1117 inficitur,

68 1130 228 1165 arcetur
247 1126 399 1167 averis
420 1131 460 1166 et
483 1126 571 1165 suis
599 1125 638 1166 in
661 1126 765 1164 falsa
781 1124 1004 1164 coniectus.
1045 1135 1164 1164 omne
1191 1125 1247 1164 illi
1269 1136 1368 1167 cum

70 1180 146 1220 hac
175 1191 297 1220 carne
322 1192 444 1231 grave
461 1186 667 1221 certamen
689 1186 771 1229 est,
806 1192 859 1220 ne
891 1181 1151 1220 abstrahatur
1179 1185 1219 1220 et
1246 1181 1367 1221 sidat.

66 1236 311 1285 nititur-illo,
346 1238 455 1278 unde
477 1237 669 1277 dimissus
689 1242 763 1277 est.
808 1237 863 1276 ibi
883 1238 992 1276 illum
1015 1242 1181 1276 aeterna
1199 1237 1368 1287 requies

38 1298 47 1303 ·
68 1299 242 1332 manete
263 1293 445 1333 confusis
466 1294 702 1343 crassisque
720 1303 823 1343 pura
841 1297 883 1332 et
901 1292 1058 1343 liquida
1078 1294 1289 1335 visentem.

151 1349 273 1389 XXV.
308 1349 482 1389 Proinde
517 1361 598 1388 non
631 1354 695 1389 est
727 1349 838 1399 quod
867 1349 920 1389 ad
949 1350 1181 1399 sepulerum
1209 1350 1280 1389 filii
1308 1350 1403 1390 tuil

70 1414 231 1444 curras:
271 1406 450 1454 pessima
476 1406 563 1445 eius
594 1410 634 1445 et
664 1405 744 1455 ipsi
775 1405 1065 1445 molestissima
1097 1406 1190 1445 istic
1220 1406 1367 1454 iacent,

71 1470 172 1499 ossa
197 1461 456 1511 cineresque,
495 1473 576 1501 non
609 1462 737 1510 magis
772 1463 879 1501 illius
908 1466 1047 1511 partes
1078 1473 1198 1510 quam
1230 1467 1367 1501 vestes

70 1515 231 1564 aliaque
266 1521 494 1564 tegumenta
527 1528 758 1566 corporum.
813 1519 973 1567 Integer
1007 1517 1075 1556 ille
1109 1518 1292 1567 nihilque
1325 1518 1368 1557 in

69 1571 186 1610 terris
219 1572 453 1622 relinquens
486 1575 550 1613 sui
574 1574 675 1623 fugit
702 1578 741 1613 et
766 1579 874 1613 totus
906 1573 1087 1613 excessit
1119 1575 1368 1623 paulumque

70 1638 196 1676 supra
222 1638 299 1666 nos
330 1634 619 1678 commoratus,
648 1630 744 1669 dum
770 1635 1021 1680 expurgatur
1048 1635 1088 1670 et
1116 1629 1369 1670 inhaerentia

68 1683 166 1722 vitia
193 1681 397 1733 situmque
425 1695 584 1724 omnem
613 1687 793 1725 mortalis
821 1687 911 1725 aevi
931 1680 1103 1735 excutit,
1137 1686 1285 1725 deinde
1313 1687 1367 1725 ad

70 1739 236 1778 excelsa
255 1741 438 1780 sublatus
458 1741 562 1779 inter
581 1741 720 1781 felices
741 1743 862 1782 currit
879 1742 1034 1781 animas
1056 1741 1236 1791 [excepit
1255 1742 1367 1781 illum

72 1798 213 1835 coetus
234 1799 390 1843 sacen,
433 1796 648 1845 Scipiones
671 1797 947 1847 Catonesque,
975 1798 1161 1847 interque
1189 1802 1366 1839 contem—

71 1855 211 1899 ptores
241 1853 348 1890 vitae
383 1857 423 1891 et
455 1852 595 1892 mortis
628 1853 828 1894 beneficio
860 1854 1024 1893 liberos.
1070 1854 1223 1893 Parens
1261 1858 1405 1902 tuus,2

70 1906 239 1954 Marcia,
273 1907 354 1946 illic
387 1913 576 1957 nepotem
609 1920 748 1956 suum,
789 1920 1035 1959 quamquam
1070 1909 1149 1948 illic
1177 1910 1365 1952 omnibus

72 1973 189 2001 omne
213 1969 429 2012 cognatum
459 1969 541 2012 est,
567 1965 744 2014 adplicat
771 1965 848 2004 sibi
875 1976 984 2006 nova
1006 1966 1097 2004 luce
1124 1965 1368 2013 gaudentem

71 2022 110 2056 et
135 2018 358 2059 vicinorum
387 2020 566 2059 siderum
594 2025 748 2061 meatus
775 2021 930 2068 docet‚.
950 2031 1027 2060 nec
1055 2032 1107 2060 ex
1135 2020 1369 2061 coniectura

41 2074 149 2112 used
173 2075 349 2114 omnium
384 2086 438 2115 ex
464 2087 562 2116 vero
598 2076 750 2125 peritus
778 2077 819 2116 in
852 2087 1002 2116 arcana
1034 2082 1201 2115 naturae
1233 2076 1365 2118 libens

72 2129 192 2170 ducit.
221 2136 348 2180 utque
367 2132 593 2181 ignotarum
612 2132 772 2171 urbium
792 2137 1037 2172 monstrator
1056 2132 1207 2181 hospiti
1227 2139 1365 2182 grauis

72 2190 154 2234 est,
185 2186 240 2226 ita
272 2187 491 2228 sciscitanti
523 2188 761 2229 coelestium
790 2199 937 2228 causas
966 2189 1214 2229 domesticus
1243 2189 1372 2228 inter:

47 2263 51 2268 ·
73 2251 180 2289 pres.
218 2243 329 2283 iuvat
346 2245 452 2283 enim
476 2255 529 2283 ex
549 2246 627 2283 alto
646 2245 786 2283 relicta
811 2245 1019 2293 respicere
1042 2249 1081 2284 et
1101 2244 1141 2283 in
1160 2246 1365 2294 protunda

73 2301 267 2338 terrarum
287 2301 516 2349 permittere
536 2301 677 2340 aciem.
716 2299 785 2339 Sic
806 2300 942 2350 itaque
969 2305 1029 2347 te,
1057 2300 1229 2349 Marcia,
1255 2312 1363 2350 gere,
1379 2306 1402 2342 3

75 2356 275 2404 tamquam
302 2356 379 2395 sub
405 2357 533 2397 oculis
564 2357 687 2406 patris
727 2355 867 2405 filique
901 2357 1057 2407 posita,
1088 2368 1171 2413 non
1205 2357 1365 2398 illorum
