1624 2626
309 181 387 222 154
533 181 575 221 L.
603 181 790 221 ANNAEI
816 180 1038 226 SENECAE
1066 181 1196 219 DIAL.
1225 180 1308 218 VII.

308 278 395 318 istis
414 278 527 317 nimis
550 278 660 317 dives
679 277 868 324 videatur,
898 277 1039 325 quibus
1057 278 1274 316 Demetrius
1295 276 1462 328 Cynicus
1484 289 1551 326 pa-

308 345 395 371 rum
421 343 571 381 pauper
591 338 678 371 est?
703 333 829 373 virum
855 333 1084 370 acerrimum
1111 337 1148 370 et
1175 337 1311 370 contra
1338 333 1466 371 omnia
1486 344 1552 370 na-

307 393 418 426 turae
437 387 633 425 desideria
650 392 899 436 pugnantem,
926 386 1004 425 hoc
1023 386 1296 434 pauperiorem
1317 397 1432 435 quam
1452 391 1552 425 cete-

306 453 375 480 ros
395 441 576 491 Cynicos,
598 442 718 490 quod,
738 452 826 479 cum
842 441 915 479 sibi
931 439 1171 479 interdixerit
1184 440 1340 487 habere,
1359 440 1555 478 interdixit

308 501 347 534 et
366 506 545 545 poscere,
566 501 709 544 negant
728 495 824 533 satiS
851 505 979 542 egere.
1006 495 1119 533 vides
1145 494 1276 532 enim?
1303 505 1383 533 non
1403 495 1552 534 virtutis

309 550 521 597 scientiam,
542 551 614 588 sed
634 549 817 598 egestatis
834 550 1041 597 professus
1062 553 1133 588 est.

269 603 288 635 l
386 604 485 643 XIX.
512 577 746 650 ’Diodorum,
773 603 1010 652 Epicureum
1036 602 1335 651 philosophum,
1365 603 1431 651 qui
1456 602 1556 641 intra

309 669 459 708 paucos
479 659 563 697 dies
584 659 700 696 finem
718 658 822 696 vitae
843 667 938 696 suae
959 668 1077 696 manu
1096 668 1169 696 sua
1194 657 1386 705 inposuit,
1413 662 1556 704 negant

308 724 359 752 ex
378 714 535 752 decreto
562 713 721 761 Epicuri
746 712 901 760 fecisse,
930 713 1037 760 quod
1063 712 1137 750 sibi
1163 713 1293 759 gulam
1320 706 1557 760 praesecuit.

307 768 371 805 alii
392 768 623 806 dementiam
643 767 766 804 videri
784 767 921 805 volunt
940 768 1081 805 sactum
1100 766 1177 804 hoc
1197 766 1294 813 eius,
1321 765 1385 803 alii
1403 766 1554 803 temeri-

305 826 442 860 tatem:
470 821 533 859 ille
548 820 699 859 interim
717 820 856 859 beatus
876 831 922 859 ac
939 821 1076 870 plenus
1092 821 1196 859 bona
1212 820 1450 858 conscientia
1467 819 1555 857 red-

307 876 404 914 didit
423 875 496 913 sibi
522 875 784 914 testimonium
811 876 890 914 vita
918 876 1116 914 excedens
1141 875 1391 922 laudavitque
1418 874 1555 912 aetatis

306 930 345 968 in
366 934 483 978 portu
501 935 539 968 et
559 931 609 968 ad
631 941 814 968 ancoram
836 934 946 968 actae
973 929 1141 978 quietem
1163 934 1201 966 et
1221 929 1326 976 dixit,
1350 929 1456 977 quod
1482 930 1557 967 vos'

305 984 413 1023 inviti
431 984 606 1031 audistis,
628 985 741 1032 quasi
761 983 874 1023 vobis
896 994 1054 1032 quoque
1075 984 1292 1022 faciendum
1314 984 1380 1022 sit:

464 1039 555 1077 Vixi
573 1042 611 1076 et
625 1050 732 1086 quem
751 1039 913 1076 dederat
927 1049 1079 1076 cursum
1091 1039 1252 1084 fortuna
1264 1038 1410 1086 pereyz'.

265 1093 288 1126 2
307 1093 365 1131 De
384 1092 539 1131 alterius
559 1092 648 1139 vita,
670 1093 719 1130 de
738 1092 894 1130 alterius
915 1097 1038 1130 morte
1054 1092 1261 1140 disputatis
1284 1097 1322 1130 et
1344 1092 1394 1129 ad
1414 1101 1554 1129 nomen

306 1157 534 1194 magnorum
554 1146 604 1185 ob
627 1147 795 1195 aliquam
816 1146 994 1184 eximiam
1013 1147 1167 1184 laudem
1182 1146 1362 1192 virorum,
1383 1146 1484 1183 sicut
1505 1146 1556 1183 ad

307 1211 514 1240 occursum
533 1202 752 1248 ignotorum
773 1200 970 1238 hominum
992 1201 1126 1238 minuti
1147 1210 1276 1247 canes,
1296 1200 1455 1238 latratiS.
1487 1210 1553 1237 ex-

305 1255 414 1304 pedit
428 1255 528 1293 enim
543 1254 656 1293 vobis
673 1254 867 1293 neminem
884 1255 1006 1293 videri
1024 1255 1181 1302 bonum,
1202 1253 1316 1302 quasi
1335 1254 1461 1292 aliena
1479 1254 1555 1292 vir-

305 1316 369 1349 tus
388 1309 638 1358 exprobratio
659 1310 893 1348 delictorum
908 1309 1077 1348 omnium
1099 1310 1159 1348 sit.
1201 1308 1325 1346 Invidi
1346 1308 1554 1356 splendida

307 1375 396 1402 cum
416 1364 599 1402 sordibus
619 1365 760 1402 vestris
781 1364 965 1403 confertis
992 1374 1064 1401 nec
1084 1364 1317 1410 intellegitis,
1345 1368 1487 1411 quanto
1516 1363 1556 1400 id

305 1422 438 1457 vestro
459 1417 685 1457 detrimento
707 1419 894 1457 audeatis.
933 1429 1021 1457 nam
1042 1419 1076 1456 si
1101 1417 1166 1463 illi,
1196 1418 1261 1466 qui
1288 1417 1466 1455 virtutem
1494 1427 1555 1454 se-

307 1477 495 1521 quuntur,
522 1473 645 1519 avari,
673 1473 888 1520 libidinosi,
917 1472 1192 1521 ambitiosique
1221 1476 1331 1518 sunt,
1362 1471 1454 1519 quid
1482 1481 1555 1509 vos

263 1527 287 1562 3
307 1528 420 1573 estis,
449 1526 590 1576 quibus
619 1527 747 1575 ipsum
773 1538 915 1566 nomen
949 1527 1100 1565 virtutis
1137 1527 1227 1565 odio
1256 1530 1342 1564 est?
1398 1525 1555 1573 Negatis

308 1592 543 1630 quemquam
568 1587 787 1630 praestare,
817 1593 919 1630 quae
945 1582 1151 1629 eloquitur,
1180 1591 1254 1618 nec
1282 1581 1332 1618 ad
1356 1580 1556 1627 exemplar

306 1636 494 1675 orationis
514 1646 609 1674 suae
627 1637 779 1674 vivere:
815 1636 909 1685 quid
928 1636 1077 1682 mirum,
1100 1647 1185 1674 cum
1203 1636 1414 1683 loquantur
1431 1634 1555 1680 fortia,

305 1690 493 1738 ingentia,
535 1690 661 1728 omnis
697 1690 887 1729 humanas
914 1695 1165 1752 tempestates
1193 1688 1424 1727 evadentia?
1468 1694 1555 1725 cuni*

304 1745 470 1792 refigeie
490 1754 533 1782 se
560 1744 741 1783 crucibus
767 1750 968 1793 conentur,
995 1745 1034 1782 in
1057 1756 1156 1793 quas
1189 1743 1462 1790 unusquisque
1488 1752 1554 1779 ve-

306 1803 427 1838 strum
449 1799 582 1837 clavos
603 1809 699 1837 suos
718 1799 804 1847 ipse
820 1799 947 1838 adicit.
992 1799 1041 1837 ad
1064 1798 1297 1859 supplicIum
1324 1800 1451 1834 tamen
1481 1796 1556 1834 acti

306 1853 500 1901 stipitibus
521 1854 684 1901 singuHs
706 1854 898 1901 pendent:
927 1854 978 1901 hi,
1001 1854 1065 1902 qui
1086 1853 1123 1891 in
1143 1863 1186 1891 se
1205 1850 1282 1899 ipsi
1298 1851 1467 1888 animum
1487 1850 1555 1887 ad-

303 1911 470 1954 vertunt,
491 1913 587 1970 quot
606 1908 882 1956 cupiditatibus
904 1912 961 1947 tot
986 1908 1167 1946 crucibus
1188 1905 1463 1951 distrahuntur,
1489 1908 1555 1942 aut

304 1962 510 2000 maledici
501 1973 540 1999 m
562 1963 726 2000 alienam
747 1958 1019 2001 contumeliam
1036 1961 1193 1999 venusti
1213 1964 1313 1998 sunt.
1356 1959 1553 1996 crederem

305 2015 380 2054 illis
400 2015 476 2054 hoc
495 2027 647 2064 vacare,
669 2017 744 2055 nisi
767 2017 924 2066 quidam
945 2027 995 2055 ex
1009 2016 1181 2065 patibulo
1198 2025 1294 2053 suos
1312 2017 1553 2062 spectatores

306 2075 580 2117 conspuerent.

266 2128 286 2161 1
385 2123 466 2162 XX.
518 2125 628 2171 „Non
663 2130 865 2174 praestant
903 2122 1130 2173 philosophi
1170 2133 1273 2170 quae
1303 2121 1524 2169 loquuntur.
1530 2123 1553 2142 ‘⁴

304 2177 467 2216 Multum
493 2182 621 2218 tamen
645 2184 843 2228 praestant
868 2179 975 2229 quod
999 2179 1230 2226 loquuntur,
1258 2176 1366 2225 quod
1388 2173 1554 2214 honesta

305 2236 434 2270 mente
453 2233 694 2281 concipiunt.
723 2237 868 2273 utinam
890 2232 1046 2282 quidem
1065 2232 1128 2278 [si]
1151 2236 1188 2270 et
1207 2231 1317 2279 paria
1335 2230 1447 2268 dictis
1463 2240 1553 2277 age·

305 2291 408 2326 rent!
441 2287 536 2336 quid
554 2293 661 2327 esset
678 2288 753 2327 illis
771 2288 949 2328 beatius?
975 2286 1126 2325 interim
1151 2296 1230 2325 non
1255 2289 1315 2325 est
1332 2284 1439 2334 quod
1459 2294 1550 2324 con·
