1624 2626
321 187 404 229 270
693 185 738 223 L.
764 183 955 223 ANNAEI
983 183 1208 223 SENECAE

321 290 416 323 illum
441 286 648 330 adfectare].
691 283 831 331 Itaque
855 292 906 320 ne
932 282 1070 320 videar
1094 281 1134 320 in
1163 291 1395 330 personam,
1425 291 1504 320 non
1533 279 1572 320 in

321 351 405 379 rem
425 340 558 378 dicere
585 339 837 384 sententiam,
867 347 1032 384 censeo,
1059 347 1108 374 ne
1129 337 1217 385 quis
1238 336 1450 384 posthunc
1470 336 1573 375 diem

323 396 423 433 deus
449 395 519 433 fiat
544 404 595 432 ex
620 393 704 440 his,
737 392 803 440 qui
822 386 1010 455 vigodone
1030 386 1198 441 καρπόν
1215 389 1409 439 ἔδουσιν,
1438 395 1505 429 aut
1523 400 1575 428 ex

321 449 404 497 his,
431 459 534 497 quos
554 449 621 487 alit
639 445 834 496 ζείδωρος
847 457 1026 496 αρουρα.
1069 445 1142 492 Qui
1163 450 1299 484 contra
1318 445 1392 484 hoc
1412 450 1575 484 senatus

323 505 545 543 consultum
573 503 672 540 deus
701 502 847 547 sactus,
887 500 1013 538 dictus
1041 500 1220 548 pictusve
1249 499 1340 547 erit,
1374 509 1462 538 eum
1483 499 1575 537 dedi

322 559 443 597 larvis
469 562 508 595 et
532 557 711 605 proximo
739 564 900 593 munere
924 553 1024 593 inter
1050 565 1177 594 novos
1196 558 1420 592 auctoratos
1439 553 1575 592 ferulis

286 623 309 656 4
324 613 512 661 vapulare
530 612 695 660 placet.“
722 609 928 648 Proximus
943 601 1202 657 interrogator
1217 607 1446 647 sententiam
1462 607 1575 646 Dies·

324 667 446 716 piter‚
480 667 604 704 Vicae
631 665 751 703 Potae
778 663 902 712 filius,
936 668 974 702 et
998 663 1087 712 ipse
1107 657 1334 711 designatus
1357 663 1446 701 Cos.
1466 673 1575 700 num-

323 721 567 760 mulariolus.
595 720 671 757 hoc
687 723 856 768 quaestu
870 728 915 757 se
929 718 1156 765 sustinebat,
1174 718 1346 755 vendere
1357 716 1576 755 civitatulas

325 776 491 814 solebat.
536 774 600 812 Ad
626 774 730 812 hunc
756 774 858 811 belle
885 773 1056 812 accessit
1080 773 1270 811 Hercules
1298 776 1336 810 et
1362 771 1577 810 auriculam

287 843 309 876 5
324 831 377 868 illi
395 830 528 877 tetigit.
559 833 694 867 censet
711 828 845 876 itaque
864 828 902 866 in
917 827 1016 866 haec
1031 828 1173 866 verba:
1202 827 1323 874 „Cum
1340 826 1454 864 divus
1465 826 1576 864 Clau-

324 884 414 924 dius
441 890 479 922 et
506 884 640 922 divum
669 885 892 931 Augustum
918 882 1111 930 sanguine
1139 881 1337 929 contingat
1355 891 1427 919 nec
1446 881 1576 918 minus

323 940 455 978 divam
481 939 720 986 Augustam,
757 938 883 975 aviam
912 947 1044 983 suam,
1082 947 1199 985 quam
1225 937 1315 984 ipse
1344 935 1459 974 deam
1483 944 1576 973 esse

322 993 456 1041 iussit,
484 994 682 1041 longeque
709 1002 846 1030 omnes
866 993 1050 1030 mortales
1070 991 1262 1039 sapientia
1280 990 1485 1028 antecellat
1509 989 1575 1028 sit-

325 1060 403 1097 que
422 1059 444 1086 e
462 1047 664 1097 republica
683 1056 775 1085 esse
795 1046 985 1094 aliquem,
1015 1047 1080 1094 qui
1100 1057 1188 1084 cum
1207 1045 1374 1084 Romulo
1395 1044 1524 1093 possit

701 1102 894 1149 ferventia
911 1112 1012 1150 rapa
1029 1112 1187 1139 vorare.-

324 1168 470 1197 censeo
481 1188 490 1205 ‚
509 1162 552 1196 ut
567 1157 681 1195 divus
698 1156 883 1195 Claudius
903 1166 953 1193 ex
971 1155 1046 1193 hac
1061 1155 1124 1193 die
1140 1155 1239 1192 deus
1255 1154 1323 1201 sit,
1350 1153 1403 1192 ita
1416 1153 1471 1192 uti
1487 1157 1576 1191 ante

324 1223 411 1251 eum
430 1213 519 1261 quis
536 1211 682 1260 optimo
698 1212 782 1249 iure
799 1211 924 1248 sactus
940 1211 1007 1256 sit,
1026 1219 1192 1256 eamque
1206 1218 1288 1246 rem
1305 1208 1354 1246 ad
1371 1212 1575 1245 metamor—

287 1273 309 1308 6
323 1267 462 1316 phosis
493 1266 620 1305 Ovidii
647 1265 931 1304 adiciendam.“
978 1264 1124 1302 Variae
1152 1267 1263 1301 erant
1297 1262 1512 1301 sententiae
1539 1266 1577 1300 et

327 1322 532 1361 videbatur
559 1321 743 1359 Claudius
772 1318 1002 1359 sententiam
1027 1317 1200 1356 vincere.
1245 1317 1436 1355 Hercules
1462 1316 1578 1363 enim,

326 1377 394 1425 qui
420 1377 573 1415 videret
600 1377 744 1414 serrum
772 1385 887 1413 suum
913 1374 951 1412 in
972 1374 1061 1421 igne
1082 1383 1192 1418 esse,
1222 1372 1340 1410 modo
1361 1371 1437 1410 huc
1456 1371 1576 1408 modo

323 1431 417 1470 illuc
443 1431 628 1470 cursabat
655 1435 694 1469 et
721 1429 868 1468 aiebat:
915 1428 1027 1476 „Noli
1053 1428 1145 1465 mihi
1172 1426 1369 1472 invidere,
1402 1435 1489 1463 mea
1511 1435 1576 1463 res

325 1487 464 1534 agitur.
494 1486 636 1524 deinde
650 1490 692 1524 tu
707 1485 742 1523 si
758 1483 853 1534 quid
869 1482 1055 1532 volueris,
1074 1482 1242 1521 invicem
1258 1481 1417 1520 faciam:
1436 1490 1577 1518 manus

324 1552 482 1580 manum
502 1541 647 1580 lavat.“

290 1606 308 1638 1
405 1596 451 1634 X.
489 1595 597 1633 Tunc
630 1593 748 1632 divus
775 1593 980 1641 Augustus
1014 1592 1184 1631 surrexit
1215 1590 1430 1630 sententiae
1458 1599 1577 1628 causa

325 1653 413 1689 loco
434 1649 625 1688 dicendae
640 1653 679 1687 et
697 1659 848 1686 summa
865 1647 1048 1687 facundia
1063 1647 1265 1685 disseruit:
1292 1645 1420 1693 ‚‚Ego,
1440 1643 1575 1691 inquit,

324 1706 365 1744 P.
377 1706 430 1753 C.,
452 1715 525 1743 vos
543 1708 666 1742 testes
685 1703 832 1751 habeo,
860 1714 911 1741 ex
930 1714 1008 1752 quo
1031 1703 1131 1741 deus
1151 1703 1277 1739 factus
1298 1711 1403 1746 sum,
1429 1699 1577 1736 nullum

324 1771 388 1799 me
407 1758 571 1797 verbum
592 1757 750 1796 fecisse.
788 1768 946 1806 semper
964 1768 1095 1796 meum
1111 1756 1309 1804 negotium
1327 1763 1414 1801 ago.
1442 1757 1480 1790 et
1498 1763 1577 1790 non

326 1825 492 1864 possum
509 1813 676 1861 amplius
694 1813 942 1852 dissimulare
958 1818 996 1851 et
1011 1813 1207 1859 dolorem,
1227 1819 1341 1859 quem
1357 1807 1577 1857 graviorem

290 1879 312 1912 2
327 1870 456 1918 pudor
483 1869 592 1917 facit,
619 1868 831 1906 continere.
873 1869 915 1906 In
936 1868 1014 1906 hoc
1032 1872 1135 1906 terra
1154 1866 1329 1913 marique
1350 1872 1488 1912 pacem
1507 1871 1576 1909 pe-

326 1926 440 1973 peri?
474 1923 564 1962 ideo
593 1923 722 1962 civilia
738 1923 843 1961 bella
862 1922 1104 1971 conpescui?
1133 1921 1222 1959 ideo
1242 1918 1419 1968 „legibus
1439 1916 1577 1956 urbem

326 1978 535 2026 fundavi‚“
555 1978 742 2027 operibus
763 1978 920 2024 ornavi,
941 1982 984 2016 ut
1000 1999 1056 2005 —-
1074 1976 1168 2026 quid
1187 1975 1331 2021 dicam,
1359 1974 1400 2011 P.
1419 1973 1472 2020 C.‚
1496 1980 1577 2008 non

327 2033 504 2073 invenio:
542 2033 673 2073 omnia
697 2032 799 2071 infra
823 2031 1130 2080 indignationem
1152 2030 1277 2068 ‘verba
1300 2033 1402 2068 sunt.
1440 2026 1576 2065 consu-

328 2089 514 2135 giendum
538 2092 600 2126 est
620 2088 753 2137 itaque
773 2091 812 2134 [a
830 2088 907 2137 me]
928 2087 979 2124 ad
995 2086 1190 2125 Messalae
1211 2082 1367 2122 Corvini
1387 2080 1575 2130 [disertis-

291 2146 314 2180 3
330 2142 416 2180 simi
434 2142 522 2189 viri]
543 2144 648 2181 illam
667 2143 919 2182 sententiam:
941 2143 1062 2190 pudet
1078 2141 1238 2188 imperii.
1266 2139 1357 2185 Hic,
1376 2138 1418 2175 Ρ.
1437 2137 1489 2183 C„
1509 2134 1576 2183 qui

329 2196 443 2235 vobis
460 2208 538 2235 non
560 2208 683 2246 posse
703 2197 857 2236 videtur
875 2207 1051 2235 muscam
1069 2194 1259 2240 excitare,
1285 2198 1364 2232 tam
1377 2191 1489 2230 facile
1503 2189 1574 2227 ho-

329 2251 454 2288 mines
475 2251 681 2291 occidebat
700 2263 815 2301 quam
835 2251 944 2290 canis
964 2249 1119 2289 excidit.
1150 2248 1230 2286 Sed
1250 2248 1346 2296 quid
1365 2256 1438 2294 ego
1456 2245 1504 2283 de
1519 2249 1576 2282 tot

330 2315 377 2344 ac
395 2305 537 2345 talibus
556 2306 651 2346 viris
671 2308 826 2347 dicam?
852 2317 931 2347 non
949 2309 1065 2346 vacat
1082 2303 1229 2344 deflere
1246 2302 1424 2352 publicas
1440 2299 1574 2339 clades
