1598 2606
309 130 376 170 DE
406 128 687 171 BENEFICIIS
716 128 895 169 LIB-III.
923 134 1096 171 10—13.
1273 127 1328 170 43

49 245 171 275 unum
190 238 275 274 erat
291 232 551 272 beneficium:
572 231 708 281 itaque
727 231 927 271 aestimari
943 232 1069 270 semel
1086 230 1226 281 potuit.
1251 230 1329 270 alia

49 290 210 330 diversa
229 293 341 337 sunt,
370 287 599 336 dissimilia,
629 286 794 327 infinitis
820 287 924 327 inter
951 298 997 326 se
1024 287 1245 327 intervallis
1268 287 1327 326 di-

49 346 212 386 stantia:
250 345 385 394 itaque
417 344 492 382 sub
527 344 676 382 nullam
707 343 887 392 regulam
920 344 1068 382 cadere
1097 347 1326 393 potuerunt,

49 413 138 442 cum
157 401 328 451 aequius
348 404 458 439 esset
483 399 618 439 omnia
645 399 815 448 relinqui
844 409 964 449 quam
991 399 1126 438 omnia
1147 399 1326 448 aequari.

125 457 209 497 XII.
248 456 452 505 Quaedam
484 466 630 504 magno
664 455 851 494 dantibus
881 459 1085 502 constant,
1126 455 1327 504 quaedam
1348 467 1367 500 1

47 511 336 562 accipientibus
378 521 524 560 magna
565 516 676 559 sunt,
724 511 798 550 sed
835 511 1006 559 gratuita
1043 510 1326 550 tribuentibus.

48 569 247 619 quaedam
266 567 404 606 amicis
428 567 523 606 data
549 572 663 615 sunt,
694 567 894 616 quaedam
921 566 1082 615 ignotis.
1131 567 1223 615 plus
1252 571 1326 614 est,

48 624 232 674 quamvis
251 623 357 663 idem
377 623 511 671 detur,
531 622 566 662 si
587 623 623 661 ei
644 622 779 670 datur,
802 633 921 672 quem
940 632 1066 662 nosse
1084 633 1109 661 a
1126 622 1327 662 beneficio

45 686 115 720 tuo
135 680 295 729 incipis.
326 678 401 717 Hic
419 679 567 717 auxilia
585 678 737 726 tribuit,
768 679 833 718 ille
853 683 1105 727 ornamenta,
1128 678 1195 717 ille
1219 678 1326 717 sola-

46 737 116 776 tia.
151 735 336 775 Invenies
358 734 427 784 qui
446 733 542 774 nihil
561 738 674 783 putet
692 743 786 773 esse
813 734 1047 781 iucundius,
1072 729 1168 772 nihil
1195 734 1326 773 maius
1346 740 1369 774 2

49 802 170 842 quam
188 791 357 837 habere,
377 790 417 828 in
438 800 518 839 quo
540 788 745 828 calamitas
761 789 1011 839 adquiescat.
1045 788 1227 828 invenies
1240 800 1327 828 rur·

48 858 142 896 sus,
168 847 238 896 qui
257 845 436 895 dignitati
464 855 564 884 suae
591 855 709 894 quarn
739 845 943 884 securitati
965 845 1122 884 consuli
1150 845 1261 884 malit
1289 849 1330 884 et

50 903 118 952 qui
139 904 231 952 plus
249 901 287 941 ei
306 902 455 940 debere
474 911 521 940 se
539 901 706 950 iudicet,
732 911 806 949 per
832 911 952 950 quem
980 901 1101 940 tutior
1119 905 1182 940 est
1207 911 1328 950 quam

48 959 105 1008 ei,
135 968 210 1008 per
227 968 347 1007 quem
367 956 591 996 honestior:
628 956 800 1005 proinde
819 956 895 996 ista
913 956 1066 996 maiora
1087 961 1155 995 aut
1173 957 1330 996 minora

48 1020 182 1061 erunt,
210 1018 329 1062 prout
356 1012 472 1052 fuerit
494 1012 617 1051 iudex
636 1017 703 1051 aut
723 1011 775 1050 ad
794 1011 894 1051 haee
914 1017 983 1051 aut
1002 1013 1053 1051 ad
1074 1011 1141 1051 illa
1162 1012 1326 1051 inelina-

46 1076 111 1109 tus
131 1070 277 1108 animo.
314 1068 524 1111 Praeterea
544 1067 781 1107 creditorem
801 1067 894 1106 mihi
914 1068 1004 1117 ipse
1025 1068 1150 1116 eligo,
1174 1067 1325 1107 benefi-
1346 1075 1369 1111 3

48 1126 152 1165 cium
172 1135 296 1174 saepe
316 1123 366 1163 ab
386 1134 435 1162 eo
458 1122 635 1172 accipio,
655 1134 680 1162 a
704 1134 785 1173 quo
806 1124 900 1162 nolo
922 1128 961 1163 et
976 1123 1194 1172 aliquando
1212 1123 1325 1172 igno·

46 1192 143 1220 rans
169 1180 342 1230 obligor:
379 1179 476 1228 quid
508 1179 662 1218 facies?
699 1179 896 1228 ingratum
923 1180 1092 1219 vocabis
1115 1189 1226 1226 eum,
1261 1179 1327 1219 cui

46 1236 283 1276 beneficium
313 1235 443 1274 inscio
475 1240 531 1283 et,
561 1234 596 1273 si
629 1234 794 1283 scisset,
821 1245 903 1273 non
928 1241 1147 1285 accepturo
1172 1235 1327 1284 inposi-

47 1297 129 1332 tum
148 1296 237 1331 est?
269 1302 348 1330 non
370 1290 536 1331 vocabis
557 1300 668 1338 eum,
690 1291 759 1340 qui
778 1295 996 1340 utcumque
1017 1295 1228 1340 acceptum
1244 1301 1326 1331 non

47 1347 247 1387 reddidit?
264 1346 422 1396 Aliquis
443 1346 554 1386 dedit
570 1346 666 1384 mihi
685 1346 944 1394 beneficium,
967 1348 1041 1385 sed
1060 1347 1167 1386 idem
1183 1352 1327 1396 postea
1345 1352 1369 1387 4

48 1403 142 1442 fecit
159 1403 360 1441 iniuriam:
388 1408 517 1441 utrum
537 1413 618 1440 uno
640 1412 806 1440 munere
826 1402 877 1440 ad
898 1402 1127 1451 patientiam
1147 1403 1326 1442 omnium

49 1456 279 1496 iniuriarum
293 1458 537 1506 adstringor,
560 1468 610 1496 an
631 1458 798 1506 perinde
818 1457 892 1495 erit
910 1469 958 1496 ac
979 1458 1013 1496 si
1033 1458 1200 1507 gratiam
1215 1463 1322 1497 retu-

48 1513 183 1559 lerim,
212 1513 306 1562 quia
323 1513 563 1551 beneficium
582 1523 699 1552 suum
722 1514 811 1562 ipse
838 1513 1065 1562 insequenti
1093 1513 1237 1552 iniuria
1261 1524 1324 1553 re-

49 1567 196 1608 scidit?
214 1568 422 1617 Quomodo
439 1567 586 1607 deinde
605 1568 848 1614 aestimabis,
869 1573 999 1607 utrum
1019 1571 1110 1618 plus
1127 1569 1190 1615 sit,
1214 1569 1325 1618 quod

49 1624 206 1673 accepit
231 1629 299 1663 aut
326 1623 366 1662 in
395 1634 475 1673 quo
504 1624 639 1662 laesus
669 1628 754 1662 est?
800 1624 896 1663 Dies
918 1635 982 1663 me
1002 1625 1163 1664 deficiet
1183 1635 1324 1664 omnes

49 1679 306 1719 difficultates
325 1679 516 1728 persequi
534 1683 804 1728 temptantem.

131 1735 234 1774 XIII.
267 1735 527 1784 „Tardiores,
549 1734 695 1783 inquit,
716 1735 769 1773 ad
787 1733 985 1774 beneficia
1003 1735 1137 1775 danda
1154 1737 1324 1776 facimus
1346 1746 1365 1780 1

49 1801 129 1830 non
155 1790 398 1830 vindicando
433 1791 525 1829 data
558 1800 633 1828 nec
659 1789 895 1829 infitiatores
928 1801 1068 1830 eorum
1096 1792 1323 1831 adficiendo

49 1849 222 1896 poena.⁶‘
250 1846 331 1886 Sed
350 1845 448 1885 illud
468 1856 632 1895 quoque
646 1845 715 1884 tibi
730 1855 754 1883 e
768 1847 967 1885 contrario
984 1853 1179 1894 occurrat,
1200 1848 1323 1887 multo

48 1902 247 1942 tardiores
267 1902 423 1941 futuros
453 1901 505 1940 ad
524 1900 761 1949 accipienda
786 1901 1005 1948 beneficia,
1037 1903 1071 1940 si
1101 1902 1324 1951 periculum

50 1963 200 1997 causae
217 1957 416 1996 dicundae
435 1956 578 1995 adituri
595 1961 711 1996 erunt
737 1960 777 1995 et
803 1957 1069 1996 innocentiam
1092 1957 1324 1998 sollicitiore

49 2013 218 2053 habituri
251 2013 357 2053 loco.
399 2012 554 2051 Deinde
586 2012 734 2050 erimus
772 2021 844 2060 per
870 2012 949 2052 hoc
973 2013 1053 2061 ipsi
1081 2024 1246 2063 quoque
1271 2014 1323 2053 ad
1342 2023 1364 2057 2

50 2068 184 2107 danda
203 2069 413 2107 tardiores.
451 2078 568 2106 nemo
589 2067 693 2106 enim
707 2067 875 2106 libenter
889 2068 956 2106 dat
971 2068 1123 2116 invitis,
1145 2069 1219 2108 sed
1234 2069 1322 2118 qui-

10 2166 15 2173 ,
52 2134 225 2173 cumque
242 2125 291 2162 ad
311 2123 643 2163 benefaciendum
661 2122 838 2161 bonitate
858 2122 1046 2162 invitatus
1075 2129 1137 2164 est
1167 2129 1207 2164 et
1231 2125 1322 2174 ipsa

51 2179 343 2228 pulchritudine
371 2180 448 2227 rei,
493 2178 610 2217 etiarn
639 2176 825 2217 libentius
859 2178 969 2218 dabit
1000 2178 1096 2218 nihil
1130 2179 1321 2219 debituris

51 2233 130 2273 nisi
147 2235 256 2284 quod
274 2235 423 2274 volunt.
451 2234 639 2274 minuitur
657 2233 762 2272 enim
778 2233 906 2283 gloria
925 2234 1011 2274 eius
1031 2234 1164 2285 officii,
1184 2236 1246 2276 eui
1263 2236 1321 2275 di·

52 2288 216 2338 ligenter
235 2295 393 2330 cautum
412 2295 488 2330 est.
