1592 2580
0 0 12 199 ¹

352 173 418 212 DE
445 171 726 212 BENEans
753 172 848 211 ΜΒ.
864 173 932 211 lv.
961 178 1135 225 35—38.
1330 173 1385 215 83

107 276 313 317 cuiusdam
327 275 562 315 Macedonis
577 274 772 323 expulsus
789 280 862 313 est.
893 275 1003 323 quod
1016 280 1060 313 ut
1075 275 1294 315 nuntiatum
1310 282 1382 322 est,

106 332 346 380 accucurrit,
369 331 552 379 spiritum
571 331 658 370 eius
677 330 901 378 recollegit,
922 330 962 368 in
985 331 1117 369 villam
1138 331 1246 370 illum
1269 342 1383 371 suam

103 388 324 436 transtulit,
356 387 501 426 lectulo
529 397 605 425 suo
636 386 776 435 cessit,
811 385 1008 425 adfectum
1030 386 1385 437 semianimemque

102 443 316 492 recreavit,
350 442 494 482 diebus
527 442 687 490 triginta
718 442 890 491 inpensa
921 451 997 480 sua
1025 443 1200 489 curavit,
1232 443 1384 491 refecit,

101 500 245 539 viatico
273 497 477 546 instruxit,
507 498 678 537 subinde
705 498 920 536 dicentem:
950 498 1150 546 „gratiam
1175 497 1247 537 tibi
1279 499 1382 538 rese—

101 566 205 603 ram,
238 555 376 593 videre
403 558 554 593 tantum
573 553 668 591 mihi
687 554 966 602 imperatorem
984 563 1116 592 meum
1138 555 1383 602 contingat.“

100 611 283 649 Narravit
307 609 492 659 Philippo
525 609 775 657 naufragium
801 619 937 656 suum,
971 609 1163 648 auxilium
1194 610 1318 649 tacuit
1344 615 1383 648 et
1402 617 1424 650 2

101 667 282 715 protinus
310 665 439 714 petiit,
474 670 516 704 ut
542 664 617 704 sibi
648 665 856 703 cuiusdam
884 665 1050 713 praedia
1076 665 1257 704 donaret.
1312 666 1381 704 llle

103 722 262 771 quidem
282 725 367 760 erat
385 721 538 770 hospes
559 721 645 759 eius
674 722 708 759 is
735 720 846 769 ipse,
865 731 891 758 a
910 731 990 768 quo
1010 726 1200 769 receptus
1222 727 1325 769 erat,
1358 732 1382 758 a

103 789 183 826 quo
218 782 393 816 sanatus.
436 777 560 816 Multa
590 776 746 815 interim
777 786 896 824 reges
931 776 971 814 in
1005 776 1110 815 bello
1144 777 1381 825 praesertim

103 833 252 882 opertis
275 832 401 871 oculis
421 833 583 871 donant.
620 843 701 871 non
722 831 872 871 sufficit
888 831 1008 871 homo
1028 832 1157 871 iustus
1175 837 1234 870 tot
1253 843 1380 870 arma-

102 890 151 928 tis
173 887 470 937 cupiditatibus.
499 899 579 927 non
600 892 735 937 potest
750 887 964 936 quisquam
981 888 1125 927 eodem
1143 893 1324 936 tempore
1342 893 1382 926 et

102 944 250 983 bonum
273 943 398 982 virum
427 949 465 982 et
492 943 641 982 bonum
670 944 812 982 ducem
833 953 965 991 agere.
1009 944 1214 993 quomodo
1233 949 1291 982 tot
1308 944 1379 981 mi-

102 1000 154 1037 lia
173 999 375 1039 hominum
401 999 640 1038 insatiabilia
669 999 944 1038 satiabuntur?
971 999 1067 1048 quid
1094 999 1317 1047 habebunt,
1345 1000 1379 1038 si

102 1066 218 1094 suum
248 1055 419 1104 quisque
437 1055 646 1094 habuerit?
684 1055 794 1093 Haec
813 1054 1021 1103 Philippus
1044 1055 1120 1093 sibi
1140 1054 1257 1103 dixit,
1288 1066 1378 1094 cum
1399 1065 1421 1098 3

99 1111 206 1149 illum
230 1110 364 1149 induci
386 1112 426 1149 in
444 1111 551 1149 bona
572 1120 675 1158 quae
693 1110 854 1159 petebat
871 1110 1001 1149 iussit.
1036 1110 1241 1159 Expulsus
1261 1111 1377 1149 bonis

100 1166 185 1205 suis
211 1166 277 1204 ille
303 1177 383 1205 non
404 1171 446 1205 ut
464 1166 639 1205 rusticus
658 1165 841 1204 iniuriam
858 1165 1002 1205 tacitus
1023 1166 1130 1214 tulit,
1151 1171 1375 1212 contentus,

100 1222 208 1270 quod
235 1232 314 1260 non
342 1226 381 1260 et
407 1222 496 1270 ipse
521 1221 693 1260 donatus
716 1227 842 1269 esset,
870 1221 945 1260 sed
961 1220 1145 1270 Philippo
1166 1223 1377 1270 epistulam

98 1277 261 1316 strictim
294 1288 340 1316 ac
368 1277 582 1316 liberaliter
610 1277 782 1326 scripsit.
838 1287 919 1325 qua
946 1283 1114 1326 accepta
1139 1277 1194 1316 ita
1215 1279 1375 1324 exarsit,

98 1339 141 1372 ut
162 1333 291 1372 statim
310 1332 532 1372 Pausaniae
551 1333 776 1380 mandaret,
802 1333 910 1371 bona
937 1333 1062 1382 priori
1082 1333 1244 1372 domino
1259 1334 1374 1371 resti—

97 1395 244 1427 tueret:
276 1394 450 1428 ceterum
470 1388 754 1437 inprobissimo
776 1389 906 1435 militi,
926 1388 1195 1437 ingratissimo
1212 1388 1375 1436 hospiti,

97 1443 331 1482 avidissimo
358 1445 551 1493 naufrago
581 1445 764 1493 stigmata
781 1443 1016 1483 inscriberet
1034 1444 1228 1493 ingratum
1247 1444 1373 1482 homi—

97 1509 188 1537 nem
206 1500 401 1538 testantia.
426 1499 579 1548 Dignus
599 1500 761 1548 quidem
782 1500 865 1546 fuit,
883 1499 947 1538 cui
965 1509 1045 1538 non
1065 1499 1375 1538 inscriberentur
1392 1507 1415 1541 4

97 1555 187 1593 illae
206 1554 362 1602 literae,
381 1555 455 1594 sed
474 1555 812 1604 insculperentur‚
833 1555 900 1603 qui
914 1555 1111 1604 hospitem
1133 1565 1248 1593 suum
1265 1554 1373 1592 nudo

99 1615 138 1648 et
163 1610 357 1658 naufrago
386 1610 554 1649 similem
576 1610 672 1649 inid
693 1613 762 1658 [in]
785 1622 864 1660 quo
885 1611 1062 1649 iacuerat
1081 1609 1170 1658 ipse
1188 1609 1283 1648 litus
1303 1620 1372 1648 ex—

97 1667 263 1713 pulerat.
306 1665 387 1704 Sed
405 1665 646 1713 videbimus,
677 1666 767 1716 quis
794 1666 939 1705 modus
967 1676 1122 1714 poenae
1149 1665 1372 1704 servandus
1392 1675 1413 1707 5

97 1721 230 1759 suerit:
250 1721 509 1760 auferendum
522 1722 661 1770 utique
679 1721 770 1770 fuit,
791 1722 900 1771 quod
916 1732 1069 1761 summo
1091 1723 1244 1759 scelere
1262 1722 1373 1759 inva-

99 1781 215 1814 serat.
265 1777 361 1824 Quis
382 1781 513 1815 autem
534 1787 666 1826 poena
685 1776 771 1816 eius
792 1782 1036 1823 moveretur,
1062 1777 1130 1824 qui
1146 1777 1187 1814 id
1207 1777 1369 1815 commi-

97 1837 223 1879 serat,
246 1843 317 1881 per
338 1832 446 1880 quod
467 1842 583 1871 nemo
603 1833 780 1871 misereri
799 1833 1028 1871 misericors
1048 1835 1219 1880 posset?

176 1887 386 1927 XXXVIII.
416 1887 532 1926 Dabit
550 1887 619 1926 tibi
637 1888 863 1937 Philippus,
888 1888 981 1936 quia
1004 1888 1204 1935 promisit,
1235 1888 1367 1925 etiam—
1387 1897 1405 1929 l

97 1944 130 1981 si
165 1954 246 1982 non
283 1943 427 1989 debet,
465 1943 619 1982 etiamsi
650 1944 830 1983 iniuriam
867 1944 1044 1982 facturus
1079 1948 1167 1989 est,
1214 1943 1369 1981 etiamsi

95 1999 228 2037 scelus
255 1999 432 2037 facturus
461 2003 544 2045 est,
579 1997 733 2038 etiamsi
751 2011 831 2038 uno
859 2000 964 2037 facto
993 1999 1279 2046 praeclusurus
1307 2003 1369 2036 est

94 2055 296 2102 naufragis
325 2055 470 2093 litora?
507 2054 592 2093 Non
620 2059 682 2093 est
703 2054 845 2093 levitas
873 2065 897 2092 a
924 2053 1084 2102 cognito
1113 2059 1153 2092 et
1180 2053 1366 2093 damnato

94 2119 228 2148 errore
254 2110 463 2148 discedere
489 2115 527 2147 et
545 2110 716 2158 ingenue
733 2109 933 2148 fatendum
948 2114 1029 2148 est:
1059 2109 1198 2156 „aliud
1217 2110 1364 2157 putavi,

94 2165 287 2213 deceptus
317 2169 444 2204 sum.“
485 2165 595 2203 Haec
620 2175 717 2204 vero
746 2165 946 2213 superbae
973 2165 1158 2204 stultitiae
1176 2174 1365 2213 perseve-

91 2220 221 2258 rantia
248 2226 329 2259 est:
355 2221 501 2270 „quod
528 2221 651 2259 semel
678 2221 781 2268 dixi,
812 2221 1104 2268 qualecumque
1129 2224 1209 2266 est,
1239 2220 1364 2259 fixum

92 2280 301 2325 ratumque
326 2276 414 2314 sit.“
455 2277 542 2315 Non
567 2281 628 2314 est
652 2281 768 2324 turpe
796 2286 887 2315 cum
905 2286 950 2314 re
969 2280 1120 2314 mutare
1141 2275 1361 2314 consilium.

38 2367 40 2369 .
95 2331 200 2379 Age,
227 2331 261 2370 si
279 2330 483 2381 Philippus
511 2342 793 2381 possessorem
813 2331 921 2373 illum
942 2342 1079 2373 eorum
1100 2331 1255 2373 litorum
1273 2332 1361 2371 reli·
1384 2337 1405 2370 2

1100 2387 1150 2429 6*
