1624 2626
330 182 384 226 66
701 182 743 219 L.
772 181 959 220 ANNAEI
990 180 1213 219 SENECAE

332 292 448 330 quam
466 289 610 329 graves
629 285 719 319 sunt
737 280 985 326 levioresque
1005 279 1095 317 dum
1113 276 1314 326 incipiunt.
1347 275 1464 315 siccis
1485 282 1587 315 aeta-

331 337 434 375 tibus
453 336 666 373 vehemens
685 335 926 381 robustaque
945 333 1002 370 ira
1021 338 1099 379 est,
1128 333 1199 371 sed
1225 332 1310 370 sine
1335 332 1587 378 incremento,
1612 352 1614 355 s

330 401 410 428 non
429 391 590 428 multum
610 389 684 427 sibi
703 388 898 434 adiciens,
926 386 1018 434 quia
1036 387 1259 425 inclinatum
1279 387 1448 424 calorem
1465 385 1588 433 frigus

331 444 561 492 insequitur.
604 453 721 484 senes
749 442 930 480 difficiles
958 446 996 479 et
1024 441 1175 488 queruli
1203 444 1313 486 sunt,
1345 444 1388 478 ut
1413 440 1520 486 aegri
1548 444 1587 477 et

333 499 657 537 convalescentes
678 502 716 535 et
735 507 900 544 quorum
930 499 995 533 aut
1013 494 1244 537 lassitudine
1264 498 1330 532 aut
1349 493 1588 531 detractione

297 562 318 594 5
333 552 535 600 sanguinis
556 552 770 589 exhaustus
791 555 852 588 est
871 550 989 587 calor.
1040 550 1082 586 In
1111 549 1250 586 eadem
1277 558 1399 586 causa
1417 551 1507 584 sunt
1526 547 1589 585 siti

332 608 515 654 fameque
532 606 657 643 rabidi
677 611 715 643 et
743 605 885 652 quibus
914 614 1115 651 exsangue
1143 613 1288 651 corpus
1316 606 1376 640 est
1401 602 1588 649 mangene-

333 671 410 709 que
428 660 542 698 alitur
568 664 605 697 et
633 659 776 697 deficit.
819 659 949 696 vinum
977 657 1149 695 incendit
1174 657 1272 701 iras,
1308 656 1399 704 quia
1419 655 1589 693 calorem

331 719 447 762 auget
477 725 549 762 pro
579 714 770 761 cuiusque
796 718 946 751 natura.
994 712 1149 760 quidam
1183 711 1280 749 ebrii
1313 710 1587 754 effervescunt,

334 769 492 817 quidam
512 768 646 806 saucii.
688 778 818 815 neque
836 768 916 805 ulla·
933 766 1008 804 alia
1027 777 1147 804 causa
1173 770 1252 812 est,
1279 775 1350 802 cur
1375 764 1589 802 iracundis-

333 823 419 861 simi
439 822 517 860 sint
535 822 626 860 flavi
644 822 929 869 rubentesque‚
960 821 1101 867 quibas
1130 819 1216 858 talis
1235 823 1371 856 natura
1390 819 1499 856 color
1518 822 1589 864 est,

333 877 460 925 qualis
481 876 565 914 fieri
586 876 725 914 ceteris
747 877 846 914 inter
864 877 960 913 iram
981 876 1092 914 solet.
1120 874 1275 911 mobilis
1292 873 1395 911 enim
1413 872 1488 910 illis
1509 872 1588 920 agi-

331 936 513 979 tatusque
533 931 693 977 sanguis
715 935 786 969 est.

297 994 317 1026 1
410 985 492 1022 XX.
535 984 615 1022 Sed
644 984 972 1032 quemadmodum
1001 987 1139 1020 natura
1171 982 1365 1030 quosdam
1394 981 1589 1028 proclives

332 1039 372 1078 in
390 1039 487 1076 iram
506 1038 616 1083 facit,
638 1038 691 1076 ita
711 1040 854 1076 multae
873 1038 1049 1076 incidunt
1068 1047 1231 1083 causae,
1253 1047 1354 1084 quae
1373 1035 1476 1073 idem
1495 1045 1589 1082 pos—

333 1094 410 1132 sint
429 1093 536 1140 quod
558 1097 712 1130 natura:
741 1091 839 1130 alios
867 1091 1028 1129 morbus
1058 1096 1125 1129 aut
1150 1091 1289 1129 iniuria
1316 1100 1524 1137 corporum
1551 1089 1590 1126 in

331 1148 408 1186 hoc
427 1147 629 1194 perduxit,
658 1147 756 1185 alios
776 1147 887 1184 labor
907 1150 973 1184 aut
998 1146 1182 1184 continua
1207 1145 1410 1193 pervigilia
1435 1148 1589 1182 noctes-

335 1212 412 1249 que
432 1200 620 1238 sollicitae
639 1204 677 1238 et
696 1200 894 1238 desideria
912 1211 1158 1246 amoresque.
1203 1199 1388 1247 quicquid
1408 1198 1512 1235 aliud
1527 1202 1593 1236 aut

335 1254 492 1303 corpori
510 1254 641 1292 nocuit
660 1259 726 1292 aut
745 1255 884 1300 animo,
905 1264 1060 1301 aegram
1078 1258 1244 1292 mentem
1263 1254 1302 1291 in
1322 1252 1502 1300 querelas
1523 1262 1590 1299 pa-

299 1316 320 1349 2
335 1314 405 1348 rat.
449 1308 529 1347 Sed
548 1308 678 1346 omnia
695 1309 770 1347 ista
788 1309 895 1347 initia
908 1318 1133 1356 causaeque
1150 1313 1259 1346 sunt:
1283 1307 1486 1354 plurimum
1505 1310 1589 1353 pot-

337 1368 398 1402 est
417 1362 680 1410 consuetudo,
710 1373 810 1410 quae
837 1363 871 1401 si
891 1363 1021 1410 gravis
1042 1367 1121 1407 est,
1150 1362 1216 1400 alit
1236 1361 1379 1399 vitium.
1408 1361 1591 1398 Naturam

338 1417 497 1466 quidem
515 1421 663 1454 mutare
682 1417 840 1455 difficile
859 1422 929 1464 est,
949 1427 1022 1455 nec
1039 1417 1128 1454 licet
1148 1416 1270 1454 semel
1289 1415 1408 1453 mixta
1427 1424 1591 1451 nascen-

335 1472 431 1511 tium
451 1472 642 1509 elementa
662 1477 901 1510 convertere.
951 1472 1022 1509 sed
1045 1471 1083 1508 in
1111 1471 1187 1509 hoc
1213 1480 1334 1508 nosse
1356 1468 1520 1516 profuit,
1549 1472 1592 1506 ut

338 1525 555 1564 calentibus
575 1524 739 1571 ingeniis
761 1525 966 1564 subtrahas
986 1525 1137 1571 vinum,
1166 1525 1274 1572 quod
1293 1523 1425 1572 pueris
1446 1533 1590 1570 negan-

339 1581 430 1618 dum
448 1579 554 1617 Plato
574 1583 685 1626 putat
703 1583 742 1616 et
759 1578 887 1625 ignem
905 1584 1010 1618 vetat
1029 1580 1116 1627 igne
1135 1578 1298 1617 incitari.
1327 1588 1376 1615 ne
1392 1577 1489 1615 cibis
1507 1576 1589 1624 qui-

339 1635 429 1671 dem
461 1633 635 1680 inplendi
667 1633 756 1671 sint.
798 1633 1067 1671 distendentur
1095 1634 1196 1671 enim
1225 1642 1392 1680 corpora
1418 1636 1456 1669 et
1474 1630 1591 1668 animi

301 1695 426 1728 3cum
464 1697 630 1735 corpore
662 1692 898 1725 tumescent:
932 1688 1042 1725 labor
1073 1688 1160 1726 illos
1195 1688 1290 1726 citra
1320 1684 1591 1724 lassitudinem

340 1746 541 1787 exerceat,
567 1746 611 1779 ut
626 1741 839 1786 minuatur,
860 1752 938 1779 non
956 1747 998 1779 ut
1017 1746 1265 1780 consumatur
1284 1741 1408 1786 calor,
1429 1738 1589 1777 nimius-

341 1808 418 1845 que
437 1796 500 1834 ille
519 1797 650 1834 fervor
669 1796 888 1843 despumet.
932 1795 1042 1833 lusus
1063 1806 1221 1844 quoque
1235 1795 1465 1843 proderunt.
1507 1802 1590 1830 mo-

304 1857 326 1890 4
341 1852 428 1889 dica
447 1851 550 1888 enim
562 1850 751 1897 voluptas
771 1850 877 1887 laxat
895 1850 1046 1888 animos
1069 1856 1106 1888 et
1131 1853 1330 1897 temperat.
1389 1847 1589 1886 Humidio-

339 1905 446 1944 ribus
475 1904 787 1952 siccioribusque
806 1909 844 1942 et
870 1903 1019 1951 frigidis
1040 1915 1118 1942 non
1138 1909 1198 1942 est
1215 1903 1262 1941 ab
1287 1904 1343 1940 ira
1365 1902 1590 1950 periculum,

343 1960 415 1997 sed
434 1959 583 1999 maiora
600 1959 693 1996 vitia
711 1959 921 1997 metuenda
940 1963 1040 2004 sunt,
1062 1964 1183 2006 pavor
1197 1963 1234 1995 et
1248 1957 1456 1995 difficultas
1471 1960 1509 1993 et
1523 1956 1589 1993 de-

342 2013 513 2061 speratio
534 2018 572 2052 et
591 2013 853 2061 suspiciones.
894 2013 1102 2051 mollienda
1121 2012 1248 2058 itaque
1269 2012 1520 2058 fovendaque
1534 2014 1590 2048 ta-

342 2067 395 2104 lia
419 2066 574 2114 ingenia
594 2072 632 2106 et
656 2067 696 2106 in
723 2067 906 2107 laetitiam
938 2066 1139 2105 evocanda
1168 2070 1269 2103 sunt.
1313 2070 1350 2103 et
1383 2066 1474 2113 quia
1504 2063 1590 2101 aliis

343 2122 611 2166 contraham,
633 2123 718 2160 aliis
739 2127 875 2160 contra
897 2122 1085 2160 tristitiam
1110 2119 1294 2157 remediis
1323 2120 1503 2158 utendum
1531 2122 1592 2155 est

342 2185 414 2213 nec
434 2174 701 2214 dissimillimis
719 2181 865 2215 tantum
886 2177 972 2222 ista,
993 2175 1064 2214 sed
1082 2173 1286 2212 contrariis
1301 2174 1472 2212 curanda
1487 2176 1589 2219 sunt,

344 2239 501 2277 semper
520 2229 556 2267 ei
575 2240 826 2269 occurremus
847 2231 953 2278 quod
971 2229 1187 2268 increverit.

309 2290 329 2324 1
420 2283 519 2324 XXI.
557 2283 785 2333 Plurimum,
814 2285 992 2334 inquam,
1019 2283 1193 2332 proderit
1214 2293 1360 2331 pueros
1381 2279 1508 2320 statim
1527 2290 1588 2319 sa-
