1624 2626
300 143 380 184 266
672 142 715 181 L.
743 143 932 182 ANNAEI
961 143 1185 184 SENECAE

298 261 312 280 ε,
409 242 586 280 Candida
605 241 653 280 de
670 243 776 280 niveo
793 242 1002 281 subtemina
1020 245 1157 282 vellere
1173 245 1286 283 sumit

404 298 528 335 Felici
543 297 782 335 moderanda
798 307 936 343 manu,
966 308 1063 345 quae
1081 298 1195 337 ducta
1212 301 1374 338 colorem

406 351 663 399 Adsumpsere
681 361 828 389 novum.
866 353 1057 390 mirantur
1071 363 1192 400 pensa
1208 364 1379 393 sorores.-

404 405 581 443 Mutatur
597 407 682 444 vilis
690 407 859 454 pretioso
874 407 970 444 lana
987 409 1148 446 metallo.

404 458 536 498 Aurea
551 460 722 507 formoso
741 461 974 499 descendunt
989 463 1118 500 secula
1134 464 1210 506 lito,

297 532 325 554 ιο
406 514 485 552 Nec
502 515 636 552 modus
654 520 709 553 est
729 517 822 562 illis,
846 515 982 561 felicia
1001 518 1141 554 vellera
1159 518 1303 555 ducunt

404 569 457 606 Et
468 570 642 615 ⁸claudent
657 571 804 617 inplere
822 580 970 608 manus.
1003 577 1089 609 sunt
1108 572 1237 609 dulcia
1252 582 1384 620 pensa.

401 623 543 671 Sponte
559 634 632 661 sua
647 623 809 670 festinat
825 634 920 672 opus
937 627 1115 673 nulloque
1132 626 1261 664 labore

401 678 538 716 Mollia
557 682 724 716 contorto
743 679 978 717 descendunt
992 682 1156 718 stamina
1171 680 1275 727 fuso.

409 733 575 770 Vincunt
596 732 764 780 Tithoni,
789 735 945 772 vincunt
959 738 996 772 et
1012 735 1178 773 Nestoris
1197 744 1329 773 annos.

294 804 322 824 ιε,
403 787 574 825 Phoebus
592 788 704 825 adest
718 792 908 836 cantuque
926 790 1032 827 iuvat
1044 790 1261 837 qaudetque
1274 788 1422 835 futuris

399 840 452 879 Et
469 843 591 879 laetus
609 853 712 881 nunc
726 845 879 891 plectra
897 849 1034 889 movet,
1062 855 1165 882 nunc
1177 854 1302 892 pensa
1320 845 1520 882 ministrat.

398 896 549 934 Detinet
565 898 728 935 intentas
745 902 860 935 cantu
874 898 1055 946 fallitque
1072 899 1252 937 laborem.

398 950 572 998 Dumque
586 953 698 989 nimis
713 953 902 990 citharam
912 953 1171 1001 fraternaque
1184 954 1358 992 carmina
1372 953 1546 1000 laudant,

397 1004 491 1043 Plus
507 1007 613 1043 solito
632 1017 773 1044 neuere
790 1017 926 1045 manus
942 1008 1186 1055 humanaque
1201 1008 1290 1054 fata

290 1076 321 1097 ιο
401 1059 618 1098 Laudatum
637 1062 893 1098 transscendit
909 1072 1016 1109 opus.
1062 1063 1143 1108 „Ne
1161 1063 1307 1107 demite,
1328 1063 1490 1109 Parcae,

398 1113 570 1152 Phoebus
587 1116 661 1152 ait:
687 1117 816 1153 vincat
832 1118 1002 1153 mortalis
1019 1120 1190 1164 tempora
1208 1119 1307 1155 vitae

397 1167 472 1206 Ille
490 1169 586 1206 milti
600 1170 734 1207 similis
750 1171 850 1207 voltu
867 1172 1072 1217 similisque
1090 1171 1246 1218 decore,

397 1222 476 1260 Nec
493 1226 609 1260 cantu
628 1234 698 1261 nec
717 1234 806 1262 voce
823 1226 967 1262 minor:
990 1225 1127 1271 felicia
1144 1227 1256 1263 lassis

397 1276 537 1315 Secula
547 1279 762 1325 praestabit
777 1281 974 1326 lequmque
992 1281 1143 1317 silentia
1162 1283 1322 1328 rumpet.

289 1347 319 1368 εὖ
399 1331 531 1376 Qualis
549 1332 753 1371 discutiens
765 1333 960 1380 fuqientia
977 1333 1140 1381 Lucifer
1157 1341 1265 1372 astra

396 1384 475 1423 Aut
490 1388 616 1434 qualis
633 1389 757 1434 surqit
774 1389 1018 1426 redeuntibus
1035 1389 1231 1436 Hesperus
1249 1390 1381 1436 astris,

397 1440 548 1487 Qualis,
577 1452 662 1479 cum
678 1444 846 1489 primum
864 1443 1027 1481 tenebris
1045 1442 1200 1481 Aurora
1218 1445 1349 1482 solutis

394 1494 561 1537 Induaeit
577 1496 793 1534 rubicunda
811 1498 928 1544 diem,
958 1497 1025 1536 Sol
1042 1499 1206 1545 adspicit
1222 1499 1349 1536 orbem

394 1549 563 1588 Lucidus
581 1553 618 1588 et
628 1552 776 1598 primos
794 1562 820 1589 a
837 1563 996 1590 carcere
1013 1555 1177 1591 concitat
1193 1564 1310 1591 axes:

287 1619 316 1640 ευ
401 1603 504 1642 Talis
524 1604 666 1643 Caesar
685 1606 810 1652 adest,
839 1608 951 1644 talem
970 1608 1047 1644 iam
1065 1607 1187 1645 Roma
1203 1608 1390 1646 Neronem

395 1659 601 1706 Adspiciet.
634 1661 785 1707 flaqrat
800 1662 942 1699 nitidus
956 1661 1115 1709 sulqore
1132 1664 1287 1702 remisso

405 1713 533 1751 Voltus
550 1717 587 1751 et
605 1714 748 1761 adfuso
765 1717 898 1753 cervix
912 1716 1087 1763 formosa
1104 1718 1282 1765 capillo.“

249 1765 392 1805 2Haec
418 1767 579 1815 Apollo.
618 1769 671 1807 At
695 1769 905 1817 Lachesis,
941 1781 1043 1818 quae
1061 1775 1099 1809 et
1124 1771 1213 1819 ipsa
1231 1769 1376 1808 homini
1396 1770 1541 1810 formo·

287 1820 446 1859 sissimo
475 1822 644 1869 faveret,
674 1823 765 1862 feeit
786 1824 881 1862 illud
902 1825 1018 1872 plena
1037 1836 1156 1864 manu
1177 1829 1214 1863 et
1232 1825 1376 1864 Neroni
1397 1826 1540 1865 multos

285 1884 412 1914 annos
432 1876 482 1914 de
502 1887 576 1915 suo
598 1877 730 1915 donat.
773 1879 975 1918 Claudium
995 1884 1123 1918 autem
1144 1880 1277 1918 iubent
1295 1890 1433 1918 omnes

412 1930 657 1982 χαίροντας,
684 1927 985 1984 εὐφημοῦντας
1002 1931 1229 1986 ἐκπέμπειν
1248 1928 1404 1984 δόμων.

283 1982 332 2020 Et
357 1984 422 2022 ille
449 1985 608 2034 quidem
637 1987 804 2025 animam
830 1988 978 2026 ebulliit
997 1993 1034 2027 et
1055 1999 1105 2027 ex
1124 1999 1172 2027 eo
1193 1988 1309 2027 desiit
1324 1989 1458 2026 vivere
1481 1988 1539 2026 vi-

286 2037 380 2075 deri.
409 2040 626 2088 exspiravit
644 2046 792 2089 autem,
813 2043 905 2080 dum
926 2044 1140 2081 comoedos
1155 2043 1280 2089 audit,
1299 2047 1342 2080 ut
1357 2043 1462 2080 scias
1477 2053 1539 2081 me

246 2095 269 2129 3
286 2102 364 2129 non
391 2093 476 2132 sine
503 2105 626 2133 causa
651 2096 739 2134 illos
765 2096 921 2135 timere*
959 2098 1101 2136 Ultima
1117 2107 1195 2135 vox
1216 2097 1301 2135 eius
1321 2097 1420 2135 haec
1438 2097 1539 2135 inter

285 2145 465 2186 homines
487 2149 620 2187 audita
640 2155 720 2197 est,
750 2161 839 2189 curn
858 2151 1044 2190 maiorem
1065 2150 1234 2189 sonitum
1254 2150 1452 2190 emisisset
1472 2152 1539 2190 illa

285 2205 416 2248 parte,
444 2213 523 2249 qua
546 2204 697 2243 facilius
718 2206 972 2253 loquebatur=
1014 2207 1124 2253 „Vae
1142 2209 1222 2242 me!
1249 2210 1364 2254 puto,
1394 2216 1536 2244 conca·

286 2255 372 2293 cavi
391 2258 491 2294 me.“
535 2257 648 2305 Quod
666 2270 715 2297 an
735 2261 870 2300 fecerit
888 2260 1043 2299 nescio:
1073 2260 1203 2299 omnia
1222 2264 1327 2299 certe
1346 2271 1536 2300 concaca-
