1592 2580
335 181 519 221 NATUR.
543 180 756 229 QUAEST.
785 182 880 221 LIB.
896 183 926 221 Ι.
955 188 988 223 1.
1005 188 1038 222 2.
1250 181 1330 223 163

51 284 238 332 fulgor,
274 284 359 332 qui
397 283 567 322 sidera
602 283 951 323 circumvenit.
998 283 1217 323 Memoriae
1239 295 1330 334 pro·

51 339 171 378 ditum
202 343 283 386 est,
320 350 401 387 quo
423 339 488 377 die
507 340 647 378 urbem
667 339 786 379 divus
804 341 1014 388 Augustus
1034 339 1253 389 Apollonia
1270 351 1333 380 re-

49 403 193 434 versus
212 394 388 443 intravit,
417 395 523 433 cirea
543 396 668 434 solem
691 396 820 434 visum
840 396 988 435 coloris
1009 395 1111 434 varii
1129 396 1333 443 circulum,

51 449 180 498 qualis
198 450 239 488 in
259 460 356 490 arcu
376 461 470 489 esse
493 452 609 490 solet.
636 451 743 490 hunc
765 451 905 490 Graeci
928 451 1044 491 halo
1065 457 1233 500 vocant,
1256 463 1333 491 nos

49 505 183 544 dicere
203 515 440 545 coronam
461 507 667 555 aptissime
688 517 919 556 possumus.
951 518 1055 556 quae
1072 508 1332 555 quemadmo-

48 561 143 601 dum
162 561 248 600 fieri
268 562 442 609 dicatur,
473 573 688 611 exponam.
737 562 833 601 Cum
853 562 892 601 in
908 563 1106 611 piscinam
1119 564 1223 612 lapis
1239 564 1333 602 mis·
1352 566 1373 600 2

48 628 119 656 sus
147 623 229 664 est,
262 617 447 657 videmus
477 619 515 656 in
544 618 691 658 multos
719 619 839 657 orbes
870 629 1015 668 aquam
1047 619 1259 658 discedere
1295 624 1334 658 et

46 673 133 711 fieri
162 674 330 721 primum
360 674 686 722 angustissimum
716 674 874 722 orbem,
911 674 1058 713 deinde
1084 675 1266 714 latiorem
1285 684 1333 713 ae

47 728 194 767 deinde
213 729 314 767 alios
334 730 527 777 maiores,
557 731 689 769 donec
709 735 928 768 evanescat
945 730 1105 779 inpetus
1125 735 1165 769 et
1186 731 1227 768 in
1246 732 1331 779 pla-

47 784 182 828 nitiem
207 785 446 823 inmotarum
477 797 670 834 aquarum
699 786 899 825 solvatur=
938 786 1015 825 tale
1044 785 1234 835 quiddam
1265 797 1331 825 co-

47 841 219 887 gitemus
240 840 326 879 fieri
346 842 463 880 etiam
484 842 521 880 in
543 844 649 880 aere.
681 852 770 880 cum
791 841 964 890 spissior
984 843 1114 881 sactus
1135 846 1217 889 est,
1242 853 1331 881 sen·

47 896 120 934 tire
149 896 306 945 plagam
337 902 489 945 potest:
520 898 590 936 lux
613 897 712 936 solis
733 902 800 936 aut
819 899 939 936 lunae
959 898 1023 935 vel
1043 897 1257 936 cuiuslibet
1279 897 1333 936 si·-

48 951 156 990 deris
188 952 398 991 incurrens
430 953 623 992 recedere
656 953 766 991 illum
799 953 839 990 in
873 953 1046 992 circulos
1081 954 1198 1002 cogit.
1242 964 1335 992 nam

47 1007 191 1049 humor
218 1014 256 1047 et
283 1018 352 1046 aer
379 1013 418 1047 et
437 1019 575 1055 omne,
605 1009 788 1057 quodvex
805 1007 887 1047 ictu
913 1009 1079 1048 formam
1101 1009 1265 1057 accipit,
1293 1009 1334 1047 in

8 1100 13 1103 .
46 1064 164 1102 talem
192 1063 366 1102 habitum
396 1064 616 1112 inpellitur,
654 1065 785 1113 qualis
806 1070 869 1103 est
894 1065 1001 1110 eiuS‚
1038 1065 1147 1113 quod
1166 1065 1331 1114 inpellit.

48 1129 165 1158 omne
192 1124 323 1158 autem
352 1120 483 1158 lumen
512 1120 728 1159 rotundum
755 1125 836 1158 est:
873 1130 969 1167 ergo
998 1125 1037 1158 et
1063 1131 1134 1159 aer
1160 1121 1199 1158 ln
1226 1120 1330 1158 hunc

46 1175 209 1214 modum
236 1175 385 1213 lumine
411 1185 631 1224 percussus
656 1174 792 1214 exibit.
843 1174 900 1213 Ob
922 1175 999 1214 hoc
1018 1176 1118 1214 tales
1140 1176 1328 1224 splendo-
1347 1180 1369 1213 3

44 1240 112 1271 ms
133 1229 273 1268 Graeci
303 1241 452 1270 areas
478 1235 745 1277 vocaverunt,
778 1232 874 1279 quia
902 1231 986 1269 sere
1005 1232 1183 1271 terendis
1208 1231 1329 1280 frugi-

44 1285 122 1325 bus
149 1286 347 1324 destinata
374 1288 466 1325 loca
491 1287 666 1325 rotunda
695 1291 799 1325 sunt.
856 1287 942 1325 Non
972 1292 1034 1326 est
1059 1292 1190 1326 autem
1221 1288 1332 1336 quod

46 1342 319 1380 existimemus
347 1341 467 1390 istas,
504 1343 591 1380 sive
619 1352 739 1381 areae
766 1341 853 1380 sive
881 1353 1057 1381 coronae
1085 1342 1182 1391 sint,
1213 1343 1252 1382 in
1273 1343 1330 1381 vi-

46 1397 150 1436 cinia
168 1397 344 1436 siderum
367 1398 465 1436 fieri.
497 1398 708 1446 plurimum
729 1398 834 1436 enim
854 1397 904 1436 ab
925 1398 987 1436 his
1008 1398 1169 1447 absunt,
1194 1409 1329 1448 quam—

46 1453 108 1491 vis
138 1452 298 1500 cingere
327 1463 376 1491 ea
402 1457 441 1491 et
466 1463 662 1492 coronare
680 1453 910 1491 videantur:
940 1464 1020 1492 non
1040 1455 1160 1502 longe
1180 1465 1205 1493 a
1224 1459 1332 1493 terra

46 1509 91 1547 fit
108 1508 197 1546 talis
218 1508 394 1556 effigie8‚
421 1519 541 1558 quam
563 1509 676 1548 visus
696 1513 834 1547 noster
854 1509 972 1547 solita
990 1508 1245 1549 inbecillitate
1261 1509 1331 1548 de-

48 1569 191 1612 eeptus
212 1561 319 1602 circa
338 1564 470 1612 ipsum
492 1565 604 1603 sidus
627 1570 737 1613 putat
757 1564 942 1613 positam.
979 1564 1024 1602 In
1039 1565 1184 1604 vicinia
1197 1570 1330 1604 autem
1344 1571 1367 1605 4

47 1620 250 1658 stellarum
278 1625 316 1658 et
343 1619 441 1658 solis
471 1619 567 1658 nihil
593 1622 672 1659 tale
701 1625 834 1668 potest
855 1620 964 1667 fieri,
989 1620 1083 1669 quia
1101 1621 1180 1659 illle
1198 1621 1330 1660 tenuis

47 1675 183 1714 aether
210 1679 285 1712 est.
322 1685 415 1713 nam
441 1675 593 1714 formae
622 1676 772 1714 crassis
800 1676 961 1714 denium
990 1675 1221 1725 spissisque
1241 1687 1329 1715 cor-

48 1730 215 1780 poribus
237 1729 394 1779 inprimi
414 1732 557 1778 solent,
575 1731 614 1769 in
635 1730 847 1770 subtilibus
868 1742 950 1770 non
969 1731 1128 1780 habent,
1150 1731 1218 1771 ubi
1234 1743 1328 1771 con-

47 1786 192 1826 sistant
219 1792 286 1824 aut
313 1785 514 1824 haereant.
562 1787 603 1825 In
632 1786 786 1825 balneis
816 1797 980 1835 quoque
999 1788 1107 1825 circa
1125 1788 1328 1826 lucernam

46 1843 124 1881 tale
155 1841 346 1889 quiddam
374 1841 529 1890 adspici
557 1843 660 1881 solet
687 1842 739 1881 ob
769 1842 873 1880 aeris
895 1842 1009 1880 densi
1031 1843 1327 1882 obscuritatem.

46 1900 113 1947 ††.
146 1898 451 1946 Nonnumquam
481 1898 668 1946 paulatim
694 1898 896 1936 diluuntur
922 1903 961 1936 et
989 1898 1197 1946 desinunt,
1229 1909 1363 1942 non-5

48 1963 264 2002 numquam
285 1953 335 1991 ab
354 1953 489 2002 aliqua
514 1959 626 2001 parte
641 1958 877 2002 rumpuntur
893 1957 931 1991 et
946 1954 1039 1992 inde
1056 1959 1217 1993 ventum
1229 1966 1324 1993 nau—

47 2008 114 2048 tici
141 2014 398 2058 exspectant,
427 2009 535 2047 unde
555 2014 766 2049 contextus
788 2019 963 2048 coronae
983 2009 1105 2057 perit:
1133 2009 1168 2048 si
1192 2021 1216 2048 a
1233 2020 1324 2059 sep—

48 2066 256 2104 temtrione
286 2063 493 2111 discessit,
522 2064 657 2113 aquilo
688 2064 780 2110 erit,
810 2064 845 2102 si
876 2063 926 2102 ab
955 2063 1183 2112 occidente,
1214 2066 1323 2104 favo-

49 2119 151 2159 nius.
199 2120 308 2170 quod
336 2125 610 2168 argumentum
637 2124 701 2158 est
725 2119 827 2158 intra
849 2130 938 2158 eam
957 2124 1110 2169 partem
1131 2121 1231 2160 coeli
1250 2121 1323 2160 has

50 2175 137 2213 fieri
163 2185 356 2222 coronas,
387 2176 490 2214 intra
517 2185 635 2224 quam
657 2174 764 2213 venti
786 2186 950 2224 quoque
970 2186 1065 2215 esse
1085 2178 1226 2216 solent.
1257 2188 1322 2216 su-

49 2229 209 2278 periora
226 2232 388 2282 [autem]
409 2242 489 2270 non
509 2230 656 2269 habent
674 2241 868 2281 coronas,
901 2230 994 2280 quia
1013 2241 1064 2270 ne
1079 2237 1222 2272 ventos
1238 2233 1323 2282 qui·

51 2285 155 2324 dem.
200 2285 272 2326 His
291 2287 535 2335 argumentis
556 2291 597 2324 et
619 2286 716 2325 illud
736 2285 870 2333 adice,
898 2297 1115 2336 numquam
1135 2298 1325 2350 coronam
1338 2295 1359 2329 6

51 2340 184 2391 colligi
210 2342 286 2382 nisi
314 2342 445 2383 stabili
471 2344 564 2382 aere
588 2347 626 2381 et
645 2342 759 2392 pigro
779 2346 918 2392 vento,
945 2344 975 2392 †
999 2342 1321 2392 frequentissime

1038 2400 1109 2438 11*
