1624 2626
335 152 407 192 AD
436 149 680 192 SERENUM
703 149 771 190 DE
798 148 927 190 OTIO.
959 155 1075 192 5—7.
1279 147 1360 190 169

71 255 234 294 desunt:
263 252 411 303 ecquid
429 252 484 292 illi
503 262 643 292 secum
663 262 759 292 esse
778 248 1012 302 permittes?
1049 252 1135 301 Quo
1157 252 1288 292 animo
1309 252 1362 291 ad
1376 263 1400 298 4

70 311 191 350 otium
222 309 386 358 sapiens
413 308 594 348 secedit?
620 314 664 348 ut
691 309 793 348 sciat
819 317 866 347 se
888 313 972 347 tum
1001 318 1166 358 quoque
1185 318 1235 347 ea
1253 313 1362 348 actu-

69 377 168 414 rum,
190 375 264 414 per
281 374 388 414 quae
407 365 582 414 posteris
605 364 745 414 prosit.
778 364 862 404 Nos
886 368 995 403 certe
1014 375 1156 405 sumus
1177 365 1247 414 qui
1264 364 1363 403 dici-

70 431 158 461 mus
178 426 219 460 et
236 421 440 461 Zenonem
467 426 507 460 et
525 420 799 471 Chrysippum
826 419 979 460 maiora
998 421 1154 469 egisse,
1187 430 1308 470 quam
1329 420 1365 459 si

69 476 283 517 duxissent
301 477 524 524 exercitus,
553 477 781 525 gessissent
799 476 995 524 honores;
1025 477 1137 526 leges
1158 477 1365 515 tulissentz

70 544 173 582 quas
201 543 283 572 non
313 533 379 571 uni
408 532 575 581 civitati,
609 533 684 571 sed
710 532 783 572 toti
811 531 984 572 humano
1012 532 1150 581 generi
1178 533 1366 571 tulerunt.

70 589 168 638 quid
187 594 250 628 est
267 598 387 637 ergo,
410 599 535 638 quare
556 590 636 627 tale
656 588 779 628 otium
800 599 882 628 non
901 589 1116 627 conveniat
1132 588 1243 628 bono
1264 587 1366 636 viro,

69 654 144 694 per
164 644 275 694 quod
295 645 427 686 futura
454 645 594 683 secula
612 644 771 683 ordinet
798 653 874 684 nec
894 645 1004 693 apud
1024 654 1181 694 paucos
1202 644 1366 683 concio·

69 705 198 748 netur,
219 700 294 739 sed
311 697 421 749 apud
441 710 582 739 omnes
605 699 782 740 omnium
800 701 976 749 gentium
996 700 1192 752 homines,
1215 700 1366 749 quique

71 761 164 795 sunt
183 755 336 805 quique
356 760 499 795 erunt?
534 756 599 794 Ad
623 766 820 795 summam
841 767 1015 805 quaero,
1043 766 1092 795 an
1127 767 1178 795 ex
1200 765 1364 806 praece·
1382 759 1404 793 5

71 812 152 861 ptis
172 812 258 851 suis
278 812 450 850 vixerint
469 811 680 851 Cleanthes
701 816 741 850 et
761 811 1013 863 Chrysippus
1036 816 1076 851 et
1094 811 1245 851 Zenon.
1285 822 1367 850 non

73 867 195 907 dubie
213 868 486 917 respondebis
502 867 562 906 sic
579 866 671 907 illos
691 868 866 915 vixisse,
898 869 1235 917 quemadmodum
1253 867 1367 906 dixe-

71 928 163 962 rant
195 934 294 962 esse
323 923 559 962 vivendum:
596 924 707 973 atqui
738 934 857 964 nemo
889 924 1047 963 illorum
1079 923 1368 974 rempublicam

74 978 378 1018 administravit,
416 979 529 1027 „Non
551 979 641 1026 suit,
674 978 830 1028 inquis,
858 979 936 1018 illis
965 985 1034 1018 aut
1054 990 1102 1018 ea
1122 981 1369 1020 fortuna’ant

74 1035 247 1084 dignitas
268 1045 328 1083 ea,
363 1045 469 1084 quae
487 1034 639 1073 admitti
657 1035 710 1073 ad
731 1034 981 1083 publicarum
1007 1045 1139 1074 rerum
1167 1035 1368 1076 tractatio·

74 1100 167 1130 nem
193 1091 339 1130 solet.“
384 1090 464 1129 Sed
501 1090 621 1128 iidem
654 1090 913 1129 nihilominus
945 1102 1025 1129 non
1054 1095 1229 1140 segnem
1247 1100 1370 1141 egere

76 1146 220 1185 vitam:
238 1147 488 1194 invenerunt,
510 1146 850 1195 quemadmodum
871 1148 962 1196 plus
984 1147 1100 1196 quies
1121 1148 1278 1187 illorum
1298 1147 1368 1187 ho-

75 1202 250 1241 minibus
266 1202 484 1251 prodesset
499 1212 619 1252 quam
635 1202 804 1242 aliorum
820 1202 1031 1242 discursus
1053 1207 1092 1242 et
1111 1204 1251 1247 sudor,
1272 1213 1370 1252 ergo

76 1257 333 1297 nihilominus
364 1258 404 1296 hi
431 1259 596 1298 multum
631 1258 769 1307 egisse
806 1259 881 1297 visi
910 1264 1023 1309 sunt,
1063 1260 1247 1309 quamvis
1273 1259 1371 1299 nihil

77 1314 238 1363 publice
256 1319 434 1362 agerent.

155 1370 243 1408 VlI.
271 1370 485 1410 Praeterea
504 1370 580 1409 tria
599 1379 750 1419 genera
769 1375 864 1410 sunt
884 1371 1000 1419 vitae,
1020 1370 1124 1411 inter
1141 1382 1244 1421 quae
1261 1372 1371 1420 quod
1392 1381 1408 1414 1

78 1425 131 1465 sit
151 1426 356 1474 optimum,
378 1426 518 1476 quaeri
541 1428 665 1465 solet:
695 1438 818 1466 unum
840 1427 1032 1476 voluptati
1052 1430 1181 1474 vacat,
1203 1428 1370 1466 alterum

81 1481 424 1531 contemplationi,
457 1481 616 1521 tertium
649 1483 809 1522 actioni.
846 1482 1019 1522 Primum
1053 1483 1243 1532 deposita
1276 1494 1371 1522 con-

79 1537 256 1576 tentione
275 1538 544 1587 depositoque
565 1538 680 1586 odio,
711 1539 821 1588 quod
850 1539 1090 1588 inplacabile
1119 1539 1281 1578 diversa
1308 1549 1372 1578 se—

81 1592 296 1642 quentibus
324 1594 562 1642 indiximus,
590 1594 821 1643 videamus,
849 1605 899 1634 an
918 1595 1020 1634 haec
1035 1595 1175 1634 omnia
1194 1595 1246 1634 ad
1266 1595 1372 1633 idem

81 1649 157 1688 sub
186 1649 265 1688 alio
285 1653 406 1698 atque
429 1649 506 1688 alio
532 1649 645 1689 titulo
665 1651 912 1699 perveniant.
953 1662 1028 1690 nec
1048 1650 1134 1699 ille,
1165 1651 1234 1700 qui
1263 1652 1374 1690 volu·

81 1708 231 1754 ptatem
267 1705 429 1754 probat,
465 1704 553 1744 sirie
587 1707 923 1755 contemplatione
957 1711 1031 1746 est.
1074 1717 1150 1746 nec
1185 1708 1270 1754 ille,
1306 1708 1374 1756 qui

83 1760 408 1810 contemplationi
427 1760 604 1808 inservit,
626 1762 713 1800 sine
734 1763 939 1811 voluptate
958 1767 1031 1802 est.
1066 1774 1142 1801 nec
1159 1763 1237 1809 ille,
1259 1763 1374 1801 cuius

84 1815 166 1855 vita
195 1817 423 1856 actionibus
457 1816 654 1855 destinata
686 1823 768 1866 est,
807 1819 895 1857 sine
928 1818 1266 1868 contemplatione
1299 1824 1374 1857 est.

84 1871 336 1920 „Plurimum‚
358 1871 505 1921 inquis,
528 1872 767 1912 discriminis
788 1878 869 1922 est,
890 1879 1020 1913 utrum
1042 1875 1175 1923 aliqua
1194 1884 1261 1911 res
1284 1884 1375 1921 pro·
1391 1877 1412 1911 2

85 1929 260 1977 positum
292 1929 362 1975 sit,
396 1939 447 1966 an
483 1928 679 1977 propositi
714 1930 875 1968 alterius
911 1930 1094 1968 accessio
1130 1929 1222 1968 sit.“
1269 1928 1376 1969 Sane

84 1984 237 2031 grande
257 1984 484 2030 d1scrimen,
505 1989 637 2022 tamen
659 1985 824 2023 alterum
843 1985 931 2023 sine
951 1986 1075 2024 altero
1095 1996 1175 2023 non
1197 1988 1278 2023 est:
1299 1996 1375 2024 nec

85 2040 150 2078 ille
166 2039 254 2078 sine
270 2040 427 2079 actione
443 2041 745 2088 contemplatur,
765 2051 840 2079 nec
855 2040 919 2079 hie
934 2041 1022 2079 sine
1038 2040 1375 2088 contemplatione

85 2095 177 2144 agit,
199 2105 273 2134 nec
293 2096 359 2134 ille
377 2096 528 2143 tertius,
549 2096 600 2133 de
622 2105 702 2143 quo
719 2096 821 2133 male
837 2096 1067 2134 existimare
1083 2096 1374 2144 consensimus,

85 2152 328 2200 voluptatem
350 2151 513 2190 inertem
537 2151 697 2199 probat,
719 2151 790 2189 sed
812 2161 920 2198 eam,
941 2162 1062 2200 quam
1080 2151 1233 2190 ratione
1252 2152 1376 2191 efficit

86 2207 240 2245 firmam
273 2207 362 2246 sibi.
402 2207 460 2245 lta
486 2213 526 2246 et
551 2207 652 2244 haec
686 2206 777 2255 ipsa
807 2206 1035 2255 voluptaria
1068 2211 1178 2246 secta
1209 2206 1249 2246 in
1284 2213 1413 2249 actus

88 2267 161 2301 est.
200 2261 338 2311 quidni
368 2262 430 2310 [in
458 2268 550 2302 actu
576 2263 686 2313 estJ‘e
715 2271 806 2305 cum
834 2262 924 2311 ipse
950 2261 1056 2300 dicat
1077 2262 1274 2311 Epicurus
1304 2262 1374 2302 ali-

90 2318 251 2366 quando
272 2329 317 2357 se
336 2327 593 2358 recessurum
613 2328 638 2356 a
656 2318 883 2367 voluptate,
911 2318 1091 2357 dolorem
1112 2319 1230 2358 etiam
1250 2318 1374 2369 adpe-
