1592 2580
266 170 347 212 238
657 171 700 208 L.
727 170 916 209 ANNAEI
942 169 1166 210 SENECAE

206 297 212 303 ,
262 276 301 309 et
325 269 412 308 aliis
440 267 572 308 causis
594 269 888 317 quiescentibus
916 268 1015 307 intra
1033 279 1096 315 se,
1127 279 1206 317 quo
1227 274 1433 317 mergatur,
1460 271 1516 308 in—

227 338 247 371 5
262 324 405 362 veniet.
452 323 519 362 Sic
545 334 688 371 magna
708 324 838 362 omnia
857 324 1008 362 coitura
1027 323 1268 361 crediderim.
1303 334 1377 362 nec
1400 325 1517 373 longa

262 379 334 416 erit
358 389 468 417 mora
494 378 612 417 exitii.
647 382 857 426 temptatur
877 377 1149 425 divelliturque
1169 378 1394 417 concordia.
1430 389 1516 417 cum

262 434 384 471 semel
411 433 561 480 aliquid
581 443 632 471 ex
650 432 725 470 hac
744 433 889 470 idonea
907 431 1105 479 diligentia
1122 432 1316 470 remiserit
1333 433 1515 480 mundus⁷

261 487 390 526 statim
415 488 591 536 undique
619 497 671 531 ex
698 491 833 535 aperto
858 492 896 525 et
913 486 1066 534 abdito,
1095 497 1286 534 superne,
1315 487 1363 525 ab
1383 486 1516 527 infimo

223 557 246 592 5
262 552 451 590 aquarum
479 543 546 581 fiet
571 541 749 589 irruptio.
802 541 902 579 Nihil
923 546 985 580 est
1003 545 1079 579 tam
1100 540 1330 587 violentum,
1361 545 1438 580 tam
1459 543 1515 580 in—

261 597 466 635 continens
495 597 575 643 sui,
614 602 689 635 tam
721 600 933 635 contumax
965 595 1231 643 infestumque
1261 595 1516 635 retinentibus

262 661 380 700 quam
406 662 549 699 magna
578 649 636 689 vis
662 651 811 689 undae:
842 655 971 689 utetur
994 650 1169 688 libertate
1188 649 1382 698 permissa
1400 656 1438 689 et
1458 651 1514 690 iu-

259 706 378 744 bente
404 711 543 744 natura
568 715 671 754 quae
699 705 842 744 scindit
871 704 1086 752 circuitque
1110 703 1320 752 conplebit.
1356 709 1398 743 ut
1415 706 1515 753 ignis

261 760 429 799 diversis
456 760 555 798 locis
584 765 693 798 ortus
722 760 798 798 cito
821 760 960 798 miscet
978 759 1202 797 incendium
1221 758 1388 797 flammis
1411 760 1517 798 coire

261 814 578 863 properantibus,
603 815 661 853 sic
676 819 873 853 momento
891 824 935 853 se
949 813 1209 852 redundantia
1225 813 1402 862 pluribus
1418 814 1516 852 locis

224 874 243 909 7
260 869 383 908 maria
417 869 669 908 committent.
719 869 800 907 Nec
827 879 876 907 ea
901 878 1060 916 semper
1089 868 1245 906 licentia
1277 867 1395 907 undis
1429 869 1512 914 erit,

261 924 334 962 sed
360 929 519 973 peracto
547 924 692 962 iudicio
716 924 873 972 generis
891 923 1049 962 humani
1068 922 1354 971 exstinctisque
1373 923 1518 972 pariter

261 979 379 1027 seris,
418 979 457 1016 in
486 989 650 1028 quarum
683 979 863 1017 homines
899 977 1055 1026 ingenia
1085 977 1344 1024 transierant,
1379 979 1516 1016 iterum

261 1044 386 1081 aquas
408 1037 510 1072 terra
533 1033 725 1080 sorbebit,
754 1038 856 1071 terra
877 1033 1042 1081 pelagus
1063 1036 1167 1070 stare
1187 1037 1253 1070 aut
1271 1031 1371 1070 intra
1388 1033 1513 1071 termi-

260 1099 334 1126 nos
355 1099 458 1134 suosx
474 1089 603 1126 furere
619 1092 734 1135 coget
753 1092 791 1126 et
808 1088 978 1126 reiectus
997 1098 1020 1125 e
1040 1087 1185 1125 nostris
1207 1086 1369 1125 sedibus
1388 1087 1426 1125 in
1444 1098 1516 1125 sua

260 1147 414 1181 secreta
444 1143 611 1191 pelletur
640 1152 814 1181 oceanus
847 1147 885 1180 et
917 1142 1102 1189 antiquus
1128 1141 1226 1179 ordo
1256 1141 1515 1181 revocabitur.

221 1202 245 1236 8
264 1197 387 1235 Omne
406 1207 457 1234 ex
476 1197 628 1245 integro
650 1197 791 1235 animal
809 1197 1055 1244 qenerabitur
1069 1195 1303 1243 dabiturque
1318 1196 1430 1234 terris
1445 1196 1516 1234 ho-

260 1262 323 1290 mo
352 1251 501 1290 inscius
530 1252 723 1290 scelerum
752 1256 790 1289 et
808 1250 1035 1288 melioribus
1054 1249 1242 1297 auspiciis
1263 1255 1389 1288 natus.
1435 1249 1515 1288 Sed

259 1306 336 1344 illis
365 1317 524 1355 quoque
549 1305 773 1344 innocentia
792 1316 871 1343 non
891 1305 1064 1351 durabit,
1095 1303 1170 1341 nisi
1189 1303 1280 1341 dum
1300 1304 1392 1342 novi
1412 1310 1515 1343 sunt.

261 1360 344 1399 Cito
370 1361 545 1408 nequitia
573 1359 768 1408 subrepit:
804 1359 930 1398 virtus
960 1359 1130 1397 difficilis
1156 1356 1317 1396 inventu
1345 1364 1417 1397 est.
1454 1370 1514 1396 re-

260 1422 408 1454 ctorem
443 1416 662 1464 ducemque
697 1414 921 1455 desiderat:
958 1414 1074 1452 etiam
1101 1413 1187 1451 sine
1212 1412 1398 1460 magistro
1426 1412 1519 1456 vitia,

261 1471 476 1509 discuntur.

622 1633 666 1685 L.
702 1630 882 1685 ANNAEI
918 1630 1139 1686 SENECAE

715 1731 779 1763 AD
815 1730 1059 1764 LUCILIUM

278 1805 827 1872 NATURALIUM
889 1805 1493 1875 QUAESTloNUM

754 1916 927 1956 LIBER
957 1916 1019 1956 lv.

669 2110 1104 2162 [PRAEFATIOQ

224 2182 243 2214 1
338 2176 514 2215 Delectat
539 2180 599 2224 te,
635 2176 967 2224 quemadmodum
990 2175 1152 2223 scribis,
1187 2174 1310 2214 Lucili
1338 2175 1509 2213 virorum

262 2231 425 2277 optime,
456 2230 588 2270 Sicilia
608 2236 648 2269 et
668 2231 838 2269 officium
862 2231 1148 2279 procurationis
1168 2229 1319 2269 otiosae
1341 2230 1508 2269 delecta-

260 2284 418 2335 bitque,
457 2286 490 2325 si
527 2286 725 2326 continere
763 2285 802 2324 id
836 2285 935 2326 intra
968 2285 1068 2324 fines
1101 2295 1196 2324 suos
1233 2283 1403 2324 volueris
1436 2295 1507 2323 nec
