1592 2580
299 130 379 173 272
654 129 698 168 L.
721 129 924 168 ‘ANNAEI'
938 129 1164 169 SENECAE

301 231 395 271 tium
415 230 531 268 ferar.
559 227 654 267 nihil
676 230 836 268 interest
853 230 960 277 mea,
983 225 1149 278 quantus
1171 227 1275 270 circa
1293 238 1456 272 mortem
1474 243 1554 273 me-
1588 234 1589 248 ¹

248 295 361 327 loam
387 286 572 323 tumuitus
602 285 669 323 sit:
707 284 797 332 ipsa
824 284 972 332 ubique
995 286 1234 324 tantumdem
1264 292 1335 325 est.
1387 288 1555 327 Proinde
1590 285 1592 333 ζ

301 350 484 388 magnum
504 348 704 377 sumamus
725 337 897 377 animum.
914 339 1108 377 adversus
1127 340 1240 392 istam
1260 342 1408 379 cladem
1421 372 1430 389 ‚
1453 353 1555 391 quae
1591 335 1592 339 ¹

301 405 375 433 nec
403 394 537 432 evitari
565 403 638 445 nec
666 394 864 441 provideri
892 398 1041 441 potest,
1079 394 1386 443 desinamusque
1419 397 1555 435 audire
1581 414 1583 418 r

302 450 421 495 istos,
456 449 522 496 qui
551 448 786 496 Campaniae
816 449 1312 497 renuntiaverunt-quique·
1334 456 1427 498 post
1453 452 1558 489 huno

304 514 439 542 casum
467 503 758 550 emigraverunt
783 508 1006 551 negantque
1036 503 1148 550 ipsos
1176 514 1359 552 umquam
1386 504 1424 542 in
1453 502 1557 543 illam
1588 523 1591 526 ·

302 559 504 606 regionem
523 568 779 596 accessuros:
811 558 903 605 quis
920 559 1021 595 enim
1040 558 1115 596 illis
1132 554 1317 606 promittit
1326 560 1555 598 melioribus

251 618 289 650 11
304 613 565 651 fundamentis
593 612 670 651 hoc
699 617 763 650 aut
783 612 876 649 illud
900 613 1027 650 solum
1048 617 1178 650 stare?
1226 612 1360 650 Omnia
1380 614 1555 652 eiusdem

304 669 421 706 sortis
451 671 618 714 suntet,
657 667 691 705 si
717 667 892 705 nondum
921 671 1046 714 mota,
1084 671 1212 705 tamen
1245 663 1420 705 mobilia:
1454 667 1557 706 hunc

304 722 505 768 fortassis,
534 720 573 759 in
595 732 673 768 quo
694 721 872 759 securius
894 722 1099 768 consistis,
1128 723 1259 760 locum
1279 722 1376 759 haec
1395 733 1475 760 nox
1493 728 1558 761 aut
1586 745 1587 749 =

303 777 367 815 hic
394 781 483 814 ante
505 781 660 814 noctem
680 776 766 814 dies
786 776 950 814 scindet.
996 776 1111 814 Unde
1131 777 1254 822 scias,
1282 786 1330 813 an
1353 780 1455 823 [non]
1477 786 1557 814 me·
1591 795 1592 806 κ

304 831 378 870 lior
394 841 528 870 eorum
551 832 726 869 locorum
745 831 926 869 condicio
942 830 1010 877 sit,
1037 831 1075 868 in
1093 831 1235 878 quibus
1252 827 1327 868 iam
1345 832 1446 869 vires
1462 841 1558 869 suas

305 887 460 924 fortuna
488 885 735 933 consumpsit
761 890 799 924 et
828 894 930 933 quae
955 885 994 923 in
1023 886 1191 923 futurum
1219 886 1331 923 ruina
1359 896 1430 923 sua
1465 882 1560 923 suita

254 945 423 981 12sunt?
451 950 627 978 erramus
647 940 769 987 enim,
797 940 831 978 si
850 940 969 978 ullam
985 944 1173 978 terrarum
1190 945 1340 988 partem
1354 944 1558 988 exceptam

305 996 583 1042 inmunemque
612 994 660 1032 ab
687 994 765 1032 hoc
792 994 966 1043 periculo
995 994 1209 1033 credimus:
1244 1005 1380 1032 omnes
1401 995 1474 1032 sub
1495 1004 1559 1032 ea-

306 1051 393 1088 dem
415 1050 543 1087 iacent
561 1049 660 1096 lege.
689 1049 783 1086 nihii
802 1049 872 1096 ita,
900 1053 943 1087 ut
961 1049 1146 1087 inmobile
1167 1053 1291 1096 esset,
1311 1051 1449 1087 natura
1466 1059 1558 1087 con-

307 1105 423 1152 cepit.
463 1104 541 1141 alia
566 1103 810 1151 temporibus
839 1102 925 1141 aliis
954 1103 1098 1142 cadunt
1116 1108 1154 1141 et
1174 1103 1500 1150 quemadmodum
1520 1103 1559 1140 in

305 1159 470 1196 urbibus
490 1159 642 1204 magnis
663 1168 766 1195 nunc
784 1158 882 1195 haec
902 1155 1069 1204 domus,
1093 1168 1195 1196 nunc
1214 1158 1280 1196 iila
1294 1158 1558 1205 suspenditur,

306 1212 358 1250 ita
377 1212 415 1249 in
430 1212 506 1250 hoc
523 1212 618 1250 orbe
634 1216 822 1250 terrarum
838 1222 941 1249 nunc
956 1212 1054 1249 haec
1070 1223 1161 1259 pars
1179 1212 1270 1249 facit
1284 1213 1414 1249 vitium
1426 1242 1435 1258 ,
1456 1223 1559 1250 nunc

255 1267 382 1305 13ilta.
427 1266 554 1316 Tyros
575 1266 785 1313 aliquando
806 1265 961 1303 infamis
976 1266 1098 1303 ruinis
1116 1266 1197 1304 suit.
1240 1266 1337 1303 Asia
1352 1266 1560 1303 duodecim

307 1321 427 1359 urbes
447 1321 558 1359 simul
582 1320 761 1367 perdidit.
791 1329 893 1357 anno
914 1319 1044 1367 priore
1064 1321 1102 1357 in
1122 1320 1311 1357 Achaiam
1326 1325 1363 1358 et
1376 1320 1559 1358 Macedo-

307 1376 412 1413 niam
440 1384 713 1423 quaecumque
741 1378 802 1412 est
828 1374 903 1411 ista
926 1374 988 1412 vis
1015 1374 1106 1411 mali
1133 1374 1320 1421 incurrit,
1343 1385 1438 1421 quae
1458 1385 1560 1413 nunc

310 1429 561 1478 Campaniam
584 1429 716 1467 laesit:
746 1427 881 1466 circuit
907 1429 1045 1474 satum,
1072 1432 1111 1466 et
1130 1428 1164 1465 si
1187 1428 1280 1476 quid
1305 1429 1370 1466 diu
1390 1434 1559 1476 praeter-

308 1484 368 1531 iit,
397 1485 550 1532 repetit.
582 1483 776 1532 quaedam
799 1483 927 1520 rarius
952 1482 1150 1529 sollicitat,
1175 1483 1334 1530 saepius
1351 1483 1560 1530 quaedam:

256 1538 404 1579 14nihil
431 1538 589 1576 inmune
616 1547 708 1576 esse
734 1542 773 1576 et
797 1537 1000 1575 innoxium
1017 1537 1131 1576 sinit.
1176 1537 1262 1575 Non
1282 1536 1457 1574 homines
1478 1542 1559 1576 tan-

310 1597 412 1640 tum,
442 1592 508 1641 qui
533 1593 665 1631 brevis
692 1596 731 1630 et
752 1592 901 1629 caduca
926 1602 991 1629 res
1013 1592 1221 1638 nascimur,
1250 1591 1368 1629 urbes
1390 1601 1562 1639 oraeque

308 1652 497 1685 terrarum
526 1651 564 1685 et
589 1647 703 1686 litora
721 1651 758 1685 et
777 1646 906 1694 ipsum
925 1656 1032 1684 mare
1051 1647 1087 1683 in
1111 1647 1332 1683 servitutem
1353 1646 1419 1683 fati
1440 1646 1560 1683 venit:

310 1712 385 1740 nos
412 1706 541 1740 tamen
570 1700 686 1739 nobis
711 1706 965 1749 permansura
986 1700 1241 1748 promittimus
1261 1700 1366 1738 bona
1385 1701 1562 1738 fortunae

312 1761 350 1794 et
377 1755 618 1800 felicitatem,
651 1756 763 1794 cuius
785 1765 835 1792 ex
857 1755 1035 1794 omnibus
1054 1755 1173 1792 rebus
1196 1754 1375 1791 humanis
1396 1755 1561 1792 velocis-

313 1810 411 1848 sima
439 1814 499 1848 est
524 1810 683 1857 levitas,
713 1809 930 1848 habituram
956 1809 995 1847 in
1021 1810 1152 1857 aliquo
1174 1808 1330 1856 pondus
1349 1818 1395 1845 ac
1415 1819 1563 1846 moram

261 1872 302 1905 15
315 1864 529 1910 credimus,
558 1869 596 1902 et
616 1869 807 1912 perpetua
826 1863 901 1902 sibi
925 1863 1054 1902 omnia
1073 1862 1380 1911 promittentibus
1399 1863 1438 1899 in
1456 1872 1561 1899 men-

313 1923 390 1958 tem
409 1929 488 1957 non
506 1919 629 1965 venit,
657 1919 696 1956 id
716 1920 863 1966 ipsum,
885 1928 1006 1966 supra
1021 1918 1128 1966 quod
1144 1922 1310 1962 stamus,
1332 1917 1469 1954 stabile
1485 1927 1562 1954 non

315 1983 418 2011 esse.
447 1983 579 2021 neque
594 1971 695 2010 enim
706 1972 939 2021 Campaniae
954 1972 1057 2010 istud
1073 1972 1330 2017 autAchaiae,
1349 1971 1418 2008 sed
1437 1972 1562 2009 omnis

315 2027 391 2066 soli
409 2028 541 2065 vitium
561 2031 640 2074 est,
667 2027 768 2064 male
789 2027 1000 2066 cohaerere
1020 2031 1059 2064 et
1077 2036 1127 2063 ex
1146 2026 1321 2074 pluribus
1344 2026 1476 2087 causis
1501 2035 1561 2062 re-

317 2082 419 2120 solvi
439 2086 477 2119 et
497 2091 649 2119 summa
667 2091 844 2128 manere,
873 2081 1049 2128 partibus
1065 2090 1191 2118 ruere.

284 2143 299 2175 1
397 2136 445 2173 ΙΙ.
484 2135 584 2183 Quid
611 2139 737 2182 ago?
748 2136 929 2173 solatium
955 2135 1146 2173 adversus
1175 2133 1348 2181 pericula
1366 2143 1454 2170 rara
1473 2142 1561 2180 pro-

319 2191 519 2229 miseram:
542 2199 634 2228 ecce
649 2188 822 2237 undique
835 2189 1006 2227 timenda
1021 2189 1216 2227 denuntio.
1237 2198 1339 2235 nego
1356 2187 1563 2234 quicquam

319 2255 410 2284 esse
445 2244 584 2292 quietis
618 2249 817 2291 aeternae,
857 2244 963 2293 quod
999 2243 1128 2292 perire
1155 2242 1284 2291 possit
1316 2247 1354 2281 et
1384 2239 1561 2290 perdere.
