1624 2626
360 184 426 224 DE
447 183 739 224 BREVtTATE
763 183 932 222 VITAE.
957 188 1042 223 14-
1059 189 1114 224 16.
1285 181 1367 222 213

77 301 195 332 nemo
215 288 397 338 deicitur,
419 287 700 328 sublevabunt.
730 287 830 326 haec
849 297 931 325 una
949 287 1050 326 ratio
1070 291 1132 326 est
1147 286 1367 325 extenden-

77 349 154 388 dae
171 345 444 394 mortalitatis,
463 345 584 383 immo
609 344 648 382 in
670 342 989 383 inmortalitatem
1012 341 1243 382 vertendae.
1286 342 1370 381 Ho-

77 413 219 452 nores,
245 404 523 448 monumenta‚
561 399 755 449 quicquid
783 401 851 438 aut
870 399 1044 438 decretis
1069 399 1231 438 ambitio
1252 397 1370 437 iussit

77 464 146 500 aut
165 458 357 508 operibus
378 456 590 504 exstruxit,
611 457 687 495 cito
705 455 920 494 subruitur.
950 455 1047 493 nihil
1062 465 1143 493 non
1162 456 1284 503 longa
1300 455 1368 493 de-

77 516 237 555 molitur
266 518 448 553 vetustas
478 518 517 552 et
544 517 699 551 movet:
733 517 773 550 at
800 508 870 560 iis,
905 521 1008 560 quae
1029 511 1285 551 consecravit
1305 521 1369 548 sa—

77 570 248 621 pientia,
268 569 406 609 noceri
425 580 506 608 non
529 573 675 618 potest.
703 567 813 606 nulla
833 567 1008 607 abolebit
1026 572 1159 614 aetas,
1181 567 1290 605 nulla
1311 565 1370 605 di-

76 628 247 666 minuet:
280 636 458 676 sequens
494 636 542 664 ac
576 624 724 663 deinde
760 634 922 672 semper
948 623 1114 663 ulterior
1143 622 1297 672 aliquid
1318 622 1371 660 ad

77 682 379 722 venerationem
400 682 566 729 confert,
588 681 780 729 quoniam
802 679 962 729 quidem
983 680 1022 718 in
1039 680 1170 719 vicino
1189 683 1372 717 versatur

78 739 251 787 invidia,
272 738 497 787 simplicius
518 739 638 785 longe
660 737 795 786 posita
814 736 1017 774 miramur.
1049 735 1252 784 Sapientis
1274 745 1370 783 ergo
1387 736 1408 770 5

79 796 245 834 multum
276 799 386 843 patet
411 794 505 832 vita.
547 804 629 831 non
651 793 758 831 idem
777 792 887 830 illum
909 791 978 841 qui
998 797 1157 830 ceteros
1178 791 1371 830 terminus

80 849 218 890 cludit.
263 851 376 890 solus
397 849 558 899 generis
578 848 741 888 humani
760 847 917 896 legibus
939 848 1120 887 solvitur.
1166 847 1299 886 omnia
1318 846 1373 885 illi

82 907 222 946 secula
241 910 285 945 ut
307 906 386 945 deo
410 905 603 944 serviunt.
629 904 786 943 transiit
803 908 965 953 tempus
989 903 1181 952 aliquod:
1215 903 1293 941 hoc
1311 913 1374 940 re-

84 960 323 1002 cordatione
357 961 661 1010 conprehendit.
703 960 847 999 instat:
882 959 960 999 hoc
986 960 1121 1003 utitur.
1163 964 1374 998 venturum

82 1024 165 1058 est:
196 1017 274 1057 hoc
297 1017 506 1067 praecipit.
547 1017 728 1066 Longam
746 1015 802 1054 illi
822 1017 943 1056 vitam
966 1016 1059 1055 facit
1080 1016 1256 1055 omnium
1277 1020 1375 1053 tem·
1401 1062 1404 1064 ι

85 1085 230 1124 porum
251 1073 290 1112 in
310 1083 435 1112 unum
455 1073 642 1112 conlatio.

162 1128 267 1168 XVI.
311 1130 474 1169 Illorum
508 1127 749 1167 brevissima
777 1139 824 1168 ac
853 1126 1142 1168 sollicitissima
1170 1132 1282 1166 aetas
1301 1131 1375 1174 est,
1400 1132 1417 1165 ι

84 1186 154 1235 qui
175 1184 481 1234 praeteritorum
502 1184 807 1234 obliviscuntur,
826 1184 1058 1234 praesentia
1077 1184 1307 1232 neglegunt,
1325 1183 1376 1222 de

83 1243 217 1281 futuro
239 1242 398 1280 timent:
420 1251 509 1280 cum
530 1241 582 1279 ad
602 1246 783 1280 extrema
804 1245 1009 1287 venerunt,
1033 1250 1126 1279 sero
1143 1239 1379 1288 intellegunt

83 1297 241 1345 miseri,
272 1297 425 1336 tamdiu
455 1307 522 1344 se,
557 1297 653 1336 dum
685 1296 782 1335 nihil
813 1301 957 1346 agunt,
991 1300 1213 1345 occupatos
1235 1295 1376 1334 fuisse.

82 1354 167 1392 Nec
188 1358 270 1401 est,
291 1353 403 1402 quod
422 1353 502 1392 hoc
521 1357 756 1401 argumento
780 1352 943 1401 probari
965 1357 1082 1402 putes
1102 1353 1264 1400 longam
1283 1350 1375 1390 illos
1395 1356 1418 1389 2

85 1419 207 1458 agere
225 1409 359 1457 vitam,
381 1409 475 1458 quia
496 1409 695 1448 interdum
714 1414 882 1447 mortem
907 1409 1117 1448 invocant:
1144 1413 1265 1446 vexat
1284 1407 1377 1446 illos

85 1464 342 1514 inprudentia
374 1463 536 1503 incertis
572 1463 799 1504 adfectibus
831 1470 870 1504 et
892 1464 1190 1503 incurrentibus
1210 1463 1250 1501 in
1273 1463 1376 1512 ipsa,

88 1531 195 1570 quae
222 1525 412 1559 metuunt.
456 1524 625 1559 mortem
653 1531 780 1570 saepe
805 1520 898 1560 ideo
919 1525 1078 1570 optant,
1115 1518 1211 1569 quia
1230 1519 1379 1558 timent.

86 1576 189 1615 Illud
219 1586 383 1625 quoque
403 1581 681 1624 argumentum
703 1587 784 1615 non
809 1580 891 1624 est,
927 1577 1039 1626 quod
1063 1581 1201 1625 putes,
1236 1575 1305 1613 diu
1323 1574 1380 1613 vi·
1401 1580 1423 1614 3

86 1633 284 1679 vantium,
307 1631 419 1680 quod
438 1642 563 1680 saepe
582 1632 660 1670 illis
676 1633 822 1681 longus
838 1633 995 1671 videtur
1011 1633 1120 1679 dies,
1142 1631 1266 1680 quod,
1286 1631 1380 1669 dum

88 1688 226 1727 veniat
246 1688 475 1726 condictum
495 1692 654 1736 tempus
677 1699 841 1736 coenae,
861 1690 976 1727 tarde
991 1689 1049 1727 ire
1065 1688 1188 1728 horas
1207 1697 1381 1736 querun-

89 1750 173 1788 tur:
208 1754 301 1782 nam
335 1743 370 1782 si
401 1743 563 1792 quando
592 1743 683 1782 illos
703 1744 970 1784 deseruerunt
992 1744 1304 1793 occupationeS‚
1342 1741 1380 1780 in

89 1799 172 1840 otio
200 1799 327 1838 relicti
355 1802 560 1847 aestuant,
593 1809 669 1838 nec
696 1800 902 1848 quomodo
923 1801 962 1839 id
985 1801 1204 1849 disponant
1223 1804 1290 1837 aut
1313 1808 1381 1836 ex-

89 1855 268 1902 trahant,
290 1855 435 1894 sciunt.
466 1855 600 1903 itaque
619 1855 671 1893 ad
695 1856 1001 1905 occupationem
1022 1857 1196 1905 aliquam
1212 1854 1383 1894 tendunt

90 1917 133 1952 et
154 1911 266 1961 quod
283 1910 491 1950 interiacet
510 1921 628 1950 omne
649 1915 810 1960 tempus
831 1922 954 1960 grave
975 1917 1047 1958 est,
1071 1917 1152 1951 tam
1173 1910 1382 1949 mehercu—

91 1968 172 2015 les,
201 1978 323 2016 quam
345 1977 436 2006 cum
457 1967 544 2005 dies
565 1966 743 2006 muneris
765 1968 992 2016 gladiatorii
1013 1967 1171 2006 edictus
1195 1971 1278 2014 est,
1314 1971 1383 2004 aut

91 2033 184 2062 cum
211 2021 382 2062 alicuius
402 2024 567 2061 alterius
588 2024 651 2061 vel
671 2024 894 2071 spectaculi
913 2025 978 2062 vel
997 2023 1216 2072 voluptatis
1236 2032 1383 2070 exspe-

94 2084 224 2118 ctatur
242 2079 521 2125 constitutum,
544 2078 745 2119 transilire
763 2079 921 2118 medios
943 2079 1030 2117 dies
1052 2080 1204 2117 volunt.
1245 2077 1381 2116 Omnis
1397 2077 1419 2110 4

93 2134 173 2174 illis
200 2140 389 2183 speratae
406 2135 465 2173 rei
485 2135 607 2183 longa
627 2135 763 2174 dilatio
786 2139 848 2173 est
867 2135 918 2173 ad
939 2134 1037 2173 illud
1057 2139 1236 2183 tempus,
1271 2134 1383 2183 quod

94 2191 243 2229 amanti
259 2190 384 2229 breve
405 2194 468 2230 est
486 2195 526 2230 et
547 2201 745 2240 praeceps
767 2190 1014 2239 breviusque
1031 2191 1155 2230 multo
1177 2201 1251 2230 suo
1272 2191 1381 2229 vitio.

94 2245 258 2285 aliunde
285 2247 390 2285 enim
417 2247 496 2286 alio
517 2246 787 2294 transfugiunt
806 2250 846 2284 et
865 2247 1089 2285 consistere
1108 2247 1148 2285 iu
1171 2257 1249 2285 una
1270 2246 1382 2295 cupi-

96 2301 221 2341 ditate
240 2312 321 2341 non
343 2307 528 2351 possunt.
572 2313 652 2341 non
674 2307 767 2341 sunt
785 2301 861 2341 illis
878 2303 987 2351 longi
1007 2301 1114 2351 dies,
1145 2302 1219 2342 sed
1241 2302 1383 2341 invisi:

99 2360 142 2395 at
174 2363 313 2398 contra
347 2369 467 2407 quam
496 2359 667 2408 exiguae
697 2364 841 2398 noctes
866 2358 1070 2407 videntur,
1106 2359 1266 2409 quasin
1287 2368 1383 2398 con-
