1676 2548
556 126 864 160 PRAEFATIO.
1361 138 1385 159 v

130 220 270 253 Dicendi
300 228 378 252 vero
399 227 482 251 usus
505 222 661 250 accurata
683 218 867 251 observatio
893 228 968 250 cum
992 219 1035 250 ad
1060 218 1146 250 alias
1171 228 1226 251 res
1250 220 1384 262 gravio-

42 276 95 298 res
125 273 174 298 est
198 265 404 303 necessaria,
434 281 480 289 --
510 274 618 305 neque
652 265 739 296 enim
761 265 833 296 sine
857 274 897 296 ea
921 264 992 295 fleri
1016 265 1158 306 poterit,
1192 270 1228 296 ut
1249 266 1385 297 tandem

42 312 220 353 aliquando
249 311 410 344 condatur
439 310 576 352 linguae
599 310 722 343 latinae
743 310 882 342 historia
907 311 1019 342 causis
1042 311 1112 342 suis
1135 311 1385 351 rationibusque

41 358 208 400 explicata
231 375 295 399 —‚
320 362 391 389 tum
415 357 460 389 ad
483 356 747 389 emendationem
767 366 929 399 magnum
947 356 1029 387 mihi
1046 356 1110 389 hoc
1128 356 1289 389 auxilium
1309 357 1385 395 fuit,

43 404 146 436 multo
170 404 205 435 id
229 404 337 435 maius
362 403 528 445 futurum,
561 402 592 434 si
615 402 690 443 quis
713 402 827 435 dedita
851 412 953 444 opera
975 402 1073 444 plene
1097 402 1183 434 hanc
1213 403 1387 435 materiam

41 449 298 492 pertractaverit.
346 447 481 482 Nullum
508 453 621 480 autem
645 449 800 480 vitiorum
827 458 934 491 genus
955 448 990 479 in
1015 447 1161 481 Senecae
1181 448 1276 481 libris
1300 459 1383 480 mss.

43 496 248 537 frequentius
281 499 350 533 est,
382 503 483 536 quam
514 495 604 535 quod
637 494 680 526 ad
712 494 887 526 vincienda
911 498 942 527 et
967 493 1202 537 distinguenda
1227 495 1387 527 orationis

42 542 194 574 membra
222 541 386 584 pertinen
421 539 549 572 librarii
573 541 661 572 enim
693 539 780 572 ferre
808 550 874 572 nou
905 546 1059 582 poterant
1084 541 1201 572 crebra
1225 541 1388 583 asyndeta

42 594 100 619 aut
130 587 164 619 in
187 586 362 622 vocabulis
387 586 656 619 demonstrativis
677 585 890 619 relativorum
912 587 985 618 loco
1007 586 1128 628 positis
1155 586 1389 619 desiderabant

42 633 244 676 elegantiam
274 640 306 665 et
334 633 527 665 nesciebant
557 632 655 674 plura
683 642 783 672 quam
817 632 896 664 olim
924 632 1084 665 adverbia
1117 633 1388 665 coniunctionum

43 680 116 712 vice
136 678 254 722 fungi,
279 688 341 710 nec
365 679 447 710 satis
471 680 621 721 cognitas
646 678 811 710 habebant
834 678 966 711 dicendi
987 677 1146 711 formulas
1165 684 1271 710 certas
1289 689 1388 720 quas-

43 725 139 763 dam,
161 734 247 765 quae
269 730 301 757 et
326 725 420 766 ipsae
445 724 488 756 ad
513 725 763 767 coniungendas
787 724 839 756 vel
865 724 1104 766 disiungendas
1130 725 1287 756 orationis
1311 734 1388 767 par-

41 778 92 802 tes
120 771 284 803 constanti
314 780 380 802 usu
411 775 564 811 receptae
593 775 704 808 erant,
730 771 857 812 'partim
886 770 963 802 illae
990 779 1010 801 a
1032 771 1142 812 poetis
1166 771 1313 813 primum
1337 771 1388 802 in-

43 817 181 856 ductae,
212 817 336 859 partim
359 826 378 847 e
402 815 602 848 scholastica
625 815 836 848 declamandi·
856 816 1095 848 consuetudine
1119 822 1151 848 et
1174 827 1239 849 usu
1264 816 1389 848 forensi

43 862 209 900 adscitae,
234 862 357 904 partim
387 862 487 893 etiam
510 862 665 894 inventae
688 861 746 894 illa
765 867 888 900 aetate,
916 871 982 902 qua
1005 863 1184 904 scriptores
1213 863 1388 904 ingeniose

42 907 212 940 ambitiosi
239 917 301 950 pro
332 917 369 939 se
403 908 545 948 quisque
573 908 608 940 in
636 907 770 940 dicendi
793 914 863 939 arte
885 914 979 939 erant
998 917 1159 940 novarum
1182 918 1294 940 rerum
1319 915 1389 940 stu-

43 954 146 992 diosi,
181 963 254 985 cnm
279 962 390 985 sermo
412 958 538 991 rectus,
575 958 612 985 ut.
635 953 681 984 ait
704 952 942 992 Quintilianus,
969 958 1001 984 et
1025 955 1211 986 secundum
1236 960 1387 986 naturam

42 999 235 1031 enunciatus
260 998 343 1030 nihil
365 998 489 1031 habere
513 1008 556 1030 ex
577 998 712 1042 ingenio
735 999 924 1038 videretur,
951 998 1010 1030 illa
1035 1009 1130 1038 vero,
1156 1009 1243 1040 quae
1259 1006 1389 1032 utcum-

41 1055 106 1086 que
130 1044 261 1077 dessexa
285 1049 414 1083 essent,
445 1044 599 1077 homines
624 1045 878 1077 admirarentur.
928 1043 996 1077 Sed
1020 1045 1062 1077 de
1086 1051 1155 1078 toto
1178 1045 1242 1078 hoc
1266 1056 1389 1089 genere

40 1090 134 1122 vario
166 1096 199 1122 et
229 1089 403 1132 multiplici
433 1100 498 1132 ego
534 1100 622 1122 nunc
649 1100 758 1133 pauca
789 1089 943 1133 exempla
970 1091 1121 1133 proferre
1153 1092 1236 1124 satis
1267 1092 1388 1134 habco,

40 1146 126 1176 quae
150 1135 193 1167 ad
213 1135 451 1178 particularum
475 1136 683 1177 quarundam
705 1146 806 1169 usum
829 1137 1007 1179 pertinent.

131 1181 291 1214 Novicius
313 1186 363 1214 est
384 1187 416 1214 et
439 1182 727 1223 frequentissimus
751 1183 842 1225 apud
862 1181 1022 1215 Senecam
1047 1183 1291 1215 etiamnunc
1313 1192 1389 1225 par—

39 1226 163 1260 ticulae
186 1237 267 1260 usus
286 1228 326 1264 is,
351 1238 451 1268 quem
469 1228 586 1270 paucis
606 1229 717 1271 attigit
734 1228 840 1260 Hand.
863 1229 1002 1260 Tursell.
1019 1229 1060 1266 11,
1079 1228 1204 1270 p.585.
1220 1230 1292 1261 eius
1307 1238 1390 1261 usus

40 1273 194 1315 exempla
206 1278 283 1305 sunt
296 1274 404 1315 Epist.
414 1274 470 1315 20,
484 1274 517 1305 4.
532 1273 588 1312 92,
600 1273 654 1305 12.
665 1274 838 1306 deBeneff.
849 1275 903 1316 111,
913 1273 988 1315 8,2.
1005 1274 1059 1312 35,
1069 1275 1102 1306 2.
1118 1276 1161 1313 V,
1172 1275 1227 1313 12,
1237 1276 1271 1310 4.
1285 1273 1341 1314 19,
1354 1276 1387 1306 4.

40 1319 199 1358 Dial.1v‚
219 1320 251 1359 5,
272 1319 304 1351 l.
329 1319 400 1357 VII,
423 1318 457 1359 9,
480 1319 514 1351 4.
540 1319 598 1358 XI,
617 1319 650 1359 8,
671 1320 701 1352 1.
730 1319 784 1358 18,
804 1319 837 1352 3.
864 1324 897 1351 et
915 1319 983 1352 alia
1000 1320 1161 1362 plurima;
1186 1322 1231 1353 ad
1248 1331 1391 1362 quorum

40 1374 190 1397 normam
220 1365 440 1398 dubitandum
470 1375 536 1397 non
565 1371 633 1403 est,
666 1366 746 1406 quin
771 1366 903 1398 duobus
935 1366 1019 1398 locis
1043 1366 1131 1398 Dial.
1150 1366 1216 1406 XI,
1239 1367 1280 1406 3,
1301 1365 1332 1399 3.
1359 1373 1391 1399 et

40 1410 115 1443 Nat.
131 1411 316 1452 quaestt.1,
340 1412 374 1452 4,
401 1411 433 1444 l.
459 1416 546 1443 recte
568 1411 760 1453 scripserim
784 1412 1046 1452 etiamnunc,
1079 1413 1154 1444 cum
1179 1418 1276 1445 antea
1298 1412 1391 1455 lege-

42 1461 131 1488 retur
159 1457 238 1488 iam
269 1466 397 1496 nunc,
431 1456 473 1489 de
505 1457 625 1497 quibus
650 1457 823 1499 particulis
849 1456 931 1490 alibi
957 1458 1041 1491 dixi.
1090 1458 1159 1490 Nec
1183 1460 1294 1491 minus
1319 1469 1391 1490 cer-

42 1508 130 1539 tum,
163 1501 275 1533 locum
307 1501 373 1534 alio
399 1503 499 1535 modo
530 1507 723 1545 corruptum
748 1504 789 1535 de
811 1503 936 1537 Beneff.
959 1503 1001 1543 V,
1029 1503 1091 1543 12,
1118 1504 1152 1537 3.
1179 1505 1214 1536 in
1237 1515 1276 1537 eo
1300 1512 1390 1537 certe

42 1553 133 1578 recte
157 1557 177 1578 a
197 1557 250 1578 me
272 1548 482 1580 emendatum
507 1558 603 1588 esse,
628 1549 718 1590 quod
742 1550 991 1582 etiamnunc
1013 1550 1212 1592 particulam
1238 1561 1313 1583 cum
1337 1560 1389 1583 se-

41 1597 164 1633 quente
187 1594 352 1625 sententia
371 1594 541 1627 coniunxi.
603 1624 605 1626 ,
1040 1608 1044 1615 ·

133 1639 196 1670 lta
221 1644 284 1671 est
308 1638 452 1671 formula
474 1646 525 1672 est
544 1641 762 1674 usitatissima
783 1642 875 1684 apud
895 1641 1074 1682 Senecam,
1101 1652 1168 1683 qua
1187 1642 1278 1683 quod
1292 1649 1391 1675 antea

42 1683 127 1716 dixit
150 1683 324 1716 confirmat
345 1690 377 1716 et
400 1685 473 1716 eius
498 1695 662 1720 summam
686 1687 937 1730 comprehendit
961 1694 994 1720 et
1014 1698 1139 1721 novum
1162 1690 1259 1729 quasi
1285 1690 1390 1731 impe-

9 1766 11 1768 ,
40 1736 112 1762 tum
129 1730 217 1772 capit
233 1731 276 1762 ad
295 1730 383 1763 idem
400 1730 508 1764 denuo
523 1731 598 1764 aliis
616 1733 726 1765 verbis
744 1733 933 1766 dicendum.
966 1735 1048 1767 Eius
1063 1745 1145 1767 usus
1160 1735 1287 1774 aliquot
1299 1742 1391 1766 certa

42 1781 74 1808 et
93 1776 270 1808 manifesta
285 1776 440 1818 exempla
455 1776 539 1809 haec
557 1783 650 1810 sunt:
669 1778 774 1820 Epist.
786 1779 840 1821 17,
854 1779 888 1813 6.
905 1781 959 1819 22,
973 1779 1006 1813 9.
1019 1779 1076 1822 94,
1092 1781 1148 1814 70.
1163 1780 1248 1812 Dial.
1259 1780 1302 1818 X,
1314 1781 1390 1818 1,4.

41 1821 99 1857 XI.
110 1821 142 1859 1,
155 1822 187 1854 1.
202 1822 244 1854 de
256 1821 429 1859 BeneffJL
445 1821 543 1859 29,6.
560 1823 632 1855 Nat.
645 1823 791 1862 Quaestt.
802 1827 843 1864 II,
857 1826 914 1864 59,
925 1826 957 1859 6.
975 1827 1028 1864 111,
1045 1828 1100 1865 27,
1116 1828 1149 1859 2.
1165 1826 1220 1861 IV.
1234 1826 1342 1867 praef.
1354 1828 1387 1858 2.

41 1868 94 1900 Ab
118 1867 237 1899 horum
261 1868 480 1900 similitudine
502 1868 642 1902 discedit
668 1870 763 1902 locus
797 1871 872 1904 Nat.
899 1872 1049 1911 Quaestt.
1071 1873 1117 1911 ΙΙ,
1143 1870 1206 1910 59,
1230 1871 1264 1904 9.
1291 1872 1348 1904 ubi
1372 1883 1390 1904 e

42 1913 138 1945 bonis
174 1913 269 1946 libris
303 1915 415 1947 itane
448 1924 508 1956 pro
545 1915 606 1946 ita
638 1920 703 1947 est
734 1918 964 1958 reponendum
986 1917 1068 1956 fuit,
1107 1917 1198 1958 quod
1220 1922 1288 1949 erat
1312 1923 1389 1950 ante

42 1959 231 1991 Fickertum
254 1959 437 2002 vulgatum.
486 1959 609 1992 Contra
627 1960 712 1993 Dial.
730 1962 788 2001 VI,
809 1962 863 2001 23,
882 1964 915 1997 5.
940 1963 1089 1995 Pinciani
1106 1968 1249 1995 veterem
1267 1963 1387 1995 librum

41 2010 175 2037 secutus
194 2005 405 2038 scribendum
426 2006 589 2038 iudicavi:
614 2006 677 2038 Ita
697 2012 779 2040 est:
805 2009 1015 2040 iudicium
1041 2013 1104 2041 est
1129 2009 1388 2042 inminentis

42 2049 168 2082 exitii
192 2052 441 2090 mat,uritas;
468 2062 529 2084 nec
546 2052 660 2084 dubito
678 2053 758 2093 quin
777 2059 865 2092 recte
883 2055 1024 2087 eandem
1043 2054 1219 2087 formulam
1233 2056 1388 2088 restitue-

41 2097 104 2128 rim
126 2095 199 2128 Nat.
222 2096 420 2136 Quaestt.1‚
445 2097 485 2140 5,
511 2098 567 2130 11.
1234 2126 1236 2128 .

131 2141 299 2175 Utinam
330 2143 499 2184 quidem
530 2144 706 2186 particulis
739 2144 853 2177 addito
885 2145 1094 2179 coniunctivo
1118 2146 1172 2179 vel
1197 2146 1389 2189 imperfecti

42 2185 96 2218 vel
126 2187 443 2231 plusquamperfecti
472 2190 632 2232 temporis
657 2190 703 2222 ita
726 2191 775 2221 uti
801 2190 887 2223 solet
910 2190 1053 2234 Seneca,
1087 2198 1124 2224 ut
1151 2192 1238 2225 dicat
1263 2193 1388 2225 frustm

42 2232 169 2273 aliquid
191 2235 315 2276 optari,
349 2235 440 2275 quod
463 2235 493 2267 si
517 2241 623 2277 esset,
656 2236 854 2268 conveniens
877 2236 950 2270 fore
973 2238 1140 2280 significat
1163 2239 1235 2270 eius
1259 2239 1309 2271 rei
1332 2249 1387 2270 ra·-

41 2279 142 2316 tioni‚
168 2279 210 2311 de
233 2290 298 2320 qua
318 2281 409 2322 agit;
438 2281 541 2313 veluti
565 2281 670 2324 Epist.
688 2280 748 2320 19,
773 2283 807 2314 4.
833 2282 895 2318 89.
924 2283 954 2315 1.
983 2283 1024 2315 de
1048 2283 1242 2323 Benesf.111,
1269 2284 1324 2325 15,
1351 2285 1383 2316 1.

44 2324 86 2356 de
106 2323 211 2358 Clem.
227 2325 258 2369 Ι,
285 2324 338 2366 19,
362 2327 394 2359 4.
419 2326 504 2359 Dial.
518 2328 612 2370 VIII,
638 2326 677 2366 3,
702 2328 733 2362 1.
758 2327 835 2368 XII,
863 2328 918 2371 17,
941 2330 976 2361 4.
1009 2329 1118 2368 Quare
1141 2329 1258 2373 fugere
1279 2331 1386 2363 nemi-
