1624 2626
282 678 301 710 1

278 1061 300 1094 2

275 1494 298 1529 3

275 1927 295 1959 1

697 377 742 429 t.
768 374 948 430 mm
975 363 1194 430 SENECAE

438 471 672 538 LUDUS
710 473 800 534 DE
840 473 1091 535 MORTE
1131 474 1445 540 CLAUDu.

396 671 424 709 Ι.
457 670 556 719 Quid
578 676 708 710 actum
727 671 778 710 sit
796 671 835 709 in
855 671 967 709 coelo
987 675 1078 710 ante
1098 671 1201 710 diem
1219 671 1285 709 ΙΙΙ.
1304 670 1394 710 idus
1412 671 1568 711 Octobr.

318 729 451 774 [Asinio
472 730 637 763 Marcello
649 754 658 771 ,
684 728 794 762 Acilio
809 729 933 763 Aviola
952 729 1056 772 coss]
1078 736 1180 764 anno
1196 737 1300 765 novo
1319 726 1428 766 initio
1446 726 1570 765 seculi

318 781 552 828 felicissimi,
571 781 663 819 volo
684 781 896 819 memoriae
910 781 1078 820 tradere.
1101 780 1196 818 nihil
1212 790 1286 819 nec
1302 780 1480 819 offensae
1496 791 1569 819 nec

316 836 464 883 gratiae
484 836 650 874 dabitur.
673 835 778 874 -haec
798 835 851 873 ita
869 845 975 873 vera.
1013 834 1056 874 Si
1075 835 1164 884 quis
1185 836 1444 883 quaesiverit,
1464 836 1569 874 unde

316 890 457 936 sciam,
489 891 674 939 primum,
703 890 736 928 si
765 891 950 936 noluero,
977 900 1057 929 non
1075 890 1343 938 respondebo.
1370 890 1458 938 quis
1478 900 1568 930 coa-

316 948 450 983 cturus
477 949 564 983 est?
591 955 666 992 ego
695 945 778 983 scio
806 955 869 982 me
896 944 1060 983 liberum
1088 945 1252 991 sactum,
1285 955 1336 984 ex
1356 955 1435 993 quo
1455 955 1567 984 suum

316 999 420 1037 diem
447 999 543 1038 obiit
568 999 653 1046 ille,
683 998 748 1047 qui
770 1009 904 1037 verum
927 999 1176 1047 proverbium
1196 1000 1344 1038 fecerat
1361 1004 1428 1038 aue
1442 1011 1568 1048 reqem

314 1058 381 1092 aut
392 1054 548 1100 fatuum
563 1055 674 1091 nasci
684 1057 870 1101 oportere.
916 1053 958 1091 Si
978 1054 1130 1092 libuerit
1149 1054 1414 1102 respondere,
1441 1053 1568 1093 dicam

315 1108 422 1155 quod
442 1107 535 1145 mihi
556 1108 592 1145 in
613 1107 778 1145 buccam
798 1107 960 1146 venerit.
997 1107 1086 1155 quis
1109 1119 1291 1156 umquam
1312 1109 1360 1146 ab
1380 1109 1567 1148 historico

313 1163 506 1200 iuratores
534 1161 690 1209 exegit?
723 1167 853 1200 tamen
880 1161 913 1200 si
933 1172 1101 1201 necesse
1121 1163 1236 1201 fuerit
1254 1168 1453 1202 auctorem
1477 1174 1567 1211 pro—

314 1216 480 1263 ducere,
511 1217 686 1264 quaerite
704 1216 754 1255 ab
774 1227 842 1262 eo,
875 1217 942 1264 qui
962 1217 1171 1254 Drusillam
1188 1221 1344 1256 euntem
1360 1218 1399 1255 in
1416 1218 1567 1256 coelum

311 1271 427 1310 vidit:
457 1271 561 1309 idem
581 1270 785 1309 Claudium
802 1271 954 1310 vidisse
976 1281 1022 1309 se
1037 1271 1141 1309 dicet
1154 1272 1226 1310 iter
1242 1272 1446 1310 facientem
1463 1283 1568 1320 „non

311 1325 500 1374 passibus
527 1326 707 1373 aequis.“
737 1325 847 1373 velit,
873 1325 987 1372 nolit,
1017 1335 1186 1364 necesse
1205 1331 1266 1364 est
1288 1325 1342 1363 illi
1362 1327 1493 1364 omnia
1512 1327 1566 1364 vi-

313 1381 426 1426 dere,
457 1390 559 1427 quae
583 1380 621 1418 in
650 1380 762 1420 coelo
789 1385 976 1428 aguntur:
1011 1381 1168 1428 Appiae
1195 1381 1283 1418 viae
1310 1386 1467 1420 curator
1495 1386 1566 1427 est,

313 1445 393 1482 qua
420 1435 499 1472 scis
527 1439 566 1472 et
593 1434 724 1472 divum
751 1435 973 1483 Augustum
1002 1440 1040 1474 et
1064 1434 1260 1480 Tiberium
1290 1435 1498 1474 Caesarem
1518 1436 1569 1474 ad

314 1489 411 1527 deos
439 1488 534 1527 isse.
579 1488 693 1527 Hunc
720 1489 753 1527 si
771 1489 1095 1538 interrogaveris,
1123 1488 1198 1527 soli
1217 1490 1408 1528 narrabit:
1435 1501 1567 1530 coram

311 1543 491 1592 pluribus
511 1554 724 1592 numquam
742 1544 907 1583 verbum
926 1545 1054 1583 faciet.
1092 1555 1182 1582 nam
1202 1555 1253 1582 ex
1273 1555 1351 1592 quo
1371 1544 1410 1582 in
1430 1550 1568 1583 senatu

311 1598 452 1636 iuravit
477 1608 522 1636 se
547 1598 758 1637 Drusillam
782 1599 934 1637 vidisse
957 1599 1112 1638 coelum
1131 1599 1439 1638 adscendentem
1458 1603 1496 1637 et
1514 1600 1567 1638 illi

310 1663 383 1701 pro
411 1658 488 1691 tam
514 1652 620 1691 bono
649 1653 784 1692 nuntio
804 1663 921 1692 nemo
942 1654 1108 1692 credidit
1127 1654 1235 1701 quod
1252 1654 1409 1701 viderit,
1432 1653 1566 1692 verbis

312 1708 514 1755 conceptis
531 1707 752 1746 adfirmavit
767 1718 811 1746 se
827 1719 906 1747 non
921 1708 1196 1756 indicaturum,
1214 1708 1365 1747 etiamsi
1379 1708 1417 1746 in
1435 1707 1565 1750 medio

310 1762 397 1799 soro
414 1760 611 1800 hominem
627 1763 802 1801 occisum
819 1762 996 1802 vidisset.
1032 1762 1094 1801 Ab
1110 1763 1186 1802 hoc
1202 1773 1278 1810 ego
1293 1772 1566 1811 quaecumque

311 1817 462 1864 aud1vi‚
493 1821 618 1866 certa,
646 1817 755 1855 clara
779 1817 935 1867 adfero,
961 1817 1016 1857 ita
1039 1818 1148 1858 illum
1174 1818 1326 1857 salvum
1347 1822 1386 1856 et
1411 1818 1565 1856 felicem

310 1870 490 1909 habeam.

371 1926 417 1963 ll.
444 1926 532 1964 Iam
551 1926 722 1965 Phoebus
739 1927 910 1966 breviore
927 1929 990 1966 via
1008 1930 1256 1966 contraxerat
1271 1930 1394 1964 ortum

445 1981 560 2019 Lucis
577 1986 615 2019 et
632 1982 785 2020 obscuri
799 1982 1020 2021 crescebant
1035 1987 1203 2030 tempora
1221 1983 1359 2028 somni,

444 2035 606 2083 Iamque
623 2047 734 2074 suum
751 2038 891 2074 viclrix
909 2038 1074 2084 auyebat
1091 2036 1250 2085 Cynthia
1267 2046 1426 2083 reanum

446 2089 499 2127 Et
516 2090 701 2137 deformis
720 2092 838 2129 biems
852 2096 985 2138 aratos
1001 2091 1183 2139 carpebat
1201 2091 1362 2128 bonores

446 2144 582 2182 Divitis
599 2148 774 2184 autumni
788 2148 939 2194 visoque
956 2155 1149 2196 senescere
1165 2144 1324 2183 Baccho

449 2197 639 2246 carpebat
654 2211 772 2238 raras
787 2211 898 2239 serus
916 2201 1138 2238 vindemitor
1155 2210 1272 2237 uvas:

276 2256 298 2291 2
311 2250 408 2290 Puto
429 2253 554 2299 magis
572 2254 761 2302 intellegi,
793 2254 826 2293 si
841 2254 997 2302 dixero,
1017 2254 1165 2292 mensis
1181 2259 1263 2291 erat
1279 2253 1457 2303 October,
1477 2254 1562 2291 dies
