1592 2580
273 151 354 192 232
627 150 672 188 L.
699 149 889 188 ANNAEI
914 149 1138 188 SENECAE

238 259 259 293 3
275 255 377 289 stant
406 259 453 287 ac
479 249 613 296 vigent
637 248 786 294 omnia,
815 248 890 286 cito
918 258 964 286 ac
983 254 1144 296 repente
1164 247 1372 288 dissiliunt.
1415 250 1527 297 Quic-

276 304 371 353 quid
397 313 448 341 ex
466 303 543 341 hoc
562 307 666 341 statu
682 311 814 340 rerum
833 306 971 340 natura
988 302 1160 350 flexerit,
1188 302 1227 341 in
1247 303 1404 342 exitium
1423 314 1524 342 mor-

273 358 406 397 talium
426 358 521 396 satis
543 361 616 395 est.
648 366 742 404 ergo
764 366 853 394 cum
872 356 1039 394 adfuerit
1057 357 1121 395 illa
1137 357 1357 396 necessitas
1376 362 1525 406 tempo-

273 413 348 460 ris,
377 413 497 450 multa
516 411 632 450 simul
651 411 730 449 sata
750 421 894 449 causas
916 415 1084 449 movent.
1113 421 1187 450 nec
1206 411 1307 450 enim
1328 412 1412 450 sine
1433 422 1525 450 con-

275 467 462 506 cussione
480 466 615 504 mundi
633 469 739 504 tanta
758 464 919 504 mutatio
933 469 1012 511 est,
1031 468 1074 503 ut
1089 465 1246 513 quidam
1261 471 1406 514 putant,
1428 467 1528 504 inter
1589 458 1592 511 Ξ

238 534 260 567 4
277 532 379 570 quos
399 521 595 559 Fabianus
615 525 687 558 est.
730 519 856 558 Primo
871 519 1056 558 inmodici
1072 519 1216 557 cadunt
1229 520 1372 559 imbres
1389 525 1426 558 et
1442 521 1527 559 sine
1591 527 1592 530 ’

277 576 364 614 ullis
392 575 543 614 solibus
569 575 679 613 triste
701 574 833 612 nubilo
855 575 1008 612 coelum
1027 578 1087 612 est
1105 574 1327 622 nebulaque
1346 575 1528 614 continua

275 635 314 669 et
341 640 391 668 ex
411 629 570 668 humido
592 629 725 677 spissa
742 628 869 676 caligo
888 639 1098 677 numquam
1120 628 1410 667 exsiccantibus
1431 640 1527 667 ven—

275 685 337 723 tis.
379 684 472 722 inde
491 684 626 722 vitium
644 688 706 722 est
728 683 844 730 satis,
866 688 1042 731 segetum
1057 682 1143 720 sine
1160 682 1272 730 fruge
1288 683 1528 731 surgentium

274 749 441 777 marcor.
476 744 570 777 tunc
598 737 796 786 corruptis
825 747 928 786 quae
954 742 1137 776 seruntur
1168 747 1304 784 manu,
1342 737 1528 785 palustris

239 801 260 832 5
276 794 456 832 omnibus
485 793 636 840 campis
663 792 785 830 herba
811 792 1042 830 subcrescit.
1090 791 1184 829 Mox
1205 790 1386 830 iniuriam
1405 796 1444 830 et
1462 802 1528 830 va-

275 847 416 886 lidiora
430 857 611 890 sensere=
638 847 779 885 solutis
794 847 942 895 quippe
957 845 1155 884 radicibus
1171 845 1332 884 arbusta
1346 856 1527 894 procum-

275 902 373 940 bunt
391 906 430 940 et
449 901 537 940 vitis
552 905 671 949 atque
687 911 802 939 omne
816 902 1024 948 virgultum
1038 911 1116 939 non
1131 904 1284 938 tenetur
1298 900 1396 947 solo,
1423 900 1530 948 quod

275 956 392 994 molle
418 955 662 1005 fluidumque
690 961 761 994 est.
798 956 876 993 iam
894 965 968 994 nec
986 955 1164 1002 gramina
1182 959 1247 993 aut
1267 955 1412 1002 pabula
1429 955 1531 992 laeta

276 1011 391 1059 aquis
420 1011 598 1049 sustinet.
634 1011 736 1048 fame
765 1010 964 1048 laboratur
989 1014 1027 1047 et
1054 1019 1193 1047 manus
1214 1009 1264 1047 ad
1283 1009 1443 1057 antiqua
1462 1009 1529 1046 ali-

275 1070 406 1103 menta
434 1065 658 1113 porrigitur.
695 1075 775 1112 qua
801 1063 880 1102 ilex
908 1068 969 1102 est
995 1068 1034 1102 et
1061 1074 1250 1112 quercus,
1280 1062 1474 1101 excutitur
1492 1068 1532 1100 et

277 1129 551 1167 quaecumque
569 1120 607 1156 in
627 1119 687 1157 his
707 1117 842 1157 arduis
861 1118 979 1157 arbor
993 1118 1252 1156 commissura
1270 1116 1458 1156 adstricta
1477 1117 1529 1154 la-

238 1182 260 1217 6
276 1173 409 1222 pidum
438 1173 555 1212 stetit.
600 1173 752 1211 Labant
778 1183 824 1211 ac
849 1173 1008 1211 madent
1032 1177 1135 1210 tecta
1153 1172 1249 1210 etin
1268 1172 1386 1210 imum
1404 1181 1531 1219 usque

274 1228 445 1276 receptis
472 1227 587 1274 aquis
616 1227 868 1264 fundamenta
897 1226 1081 1264 desidunt
1113 1236 1159 1264 ac
1183 1230 1266 1264 tota
1290 1225 1432 1264 humus
1453 1230 1532 1263 sta—

275 1287 380 1330 gnat.
416 1282 561 1320 frustra
586 1280 832 1320 titubantium
859 1280 1001 1318 fultura
1026 1284 1247 1328 temptatur.
1286 1290 1401 1318 omne
1430 1280 1532 1317 enim

275 1336 562 1374 firmamentum
581 1334 620 1373 in
641 1335 792 1373 lubrico
814 1334 944 1382 figitur
959 1334 1048 1373 etin
1063 1336 1193 1373 lutosa
1208 1334 1327 1372 humo
1343 1334 1436 1371 nihil
1454 1338 1531 1372 sta-

240 1391 354 1434 ·7bile
381 1395 453 1429 est.
508 1389 723 1438 Postquam
747 1389 872 1436 magis
901 1389 1107 1436 magisque
1136 1388 1256 1426 nimbi
1282 1388 1468 1436 ingruunt
1495 1392 1534 1426 et

276 1449 492 1493 congestae
518 1445 663 1482 seculis
685 1444 895 1482 tabuerunt
915 1443 1047 1489 nives,
1078 1443 1286 1481 devolutus
1306 1446 1458 1481 torrens
1479 1442 1532 1480 al-

274 1499 438 1539 tissimis
466 1499 674 1546 montibus,
691 1498 793 1546 rapit
811 1497 933 1536 silvas
952 1497 1053 1535 male
1070 1496 1278 1535 haerentes
1299 1501 1337 1535 et
1356 1507 1454 1535 saxa
1472 1506 1532 1534 re-

274 1554 419 1592 volutis
449 1553 618 1592 remissa
645 1551 903 1600 compagibus
930 1556 1049 1601 rotat,
1080 1551 1200 1590 abluit
1226 1551 1338 1589 villas
1360 1555 1398 1590 et
1416 1552 1533 1588 inter-

274 1610 420 1647 mixtos
449 1608 655 1655 dominos,
692 1616 838 1656 greges
866 1606 1043 1653 devehit,
1078 1606 1285 1654 vulsisque
1318 1605 1534 1644 minoribus

276 1664 409 1710 tectis,
438 1673 542 1711 quae
568 1662 607 1700 in
633 1660 799 1700 transitu
826 1661 1008 1706 abduxit,
1037 1660 1196 1699 tandem
1221 1660 1261 1699 in
1281 1661 1431 1698 maiora
1453 1659 1533 1697 vio-

275 1718 404 1756 lentus
433 1717 598 1755 aberrat.
642 1716 761 1754 urbes
790 1719 828 1754 et
853 1712 1051 1763 inplicitos
1080 1715 1195 1753 trahit
1218 1713 1424 1753 moenibus
1449 1714 1534 1752 suis

277 1772 450 1820 populos
465 1800 475 1818 ,
513 1771 663 1808 ruinam
704 1781 755 1808 an
800 1768 1047 1817 naufragium
1088 1773 1301 1817 querantur
1340 1769 1533 1807 incertos:

276 1826 378 1865 adeo
405 1826 522 1864 simul
549 1830 588 1863 et
615 1824 724 1873 quod
750 1824 989 1873 opprimeret
1015 1823 1185 1872 et‘quod
1203 1825 1396 1871 mergeret
1414 1821 1534 1860 venit.

276 1885 415 1919 auctus
443 1879 586 1919 deinde
614 1886 811 1927 processu
836 1879 986 1926 aliquot
1009 1878 1047 1916 in
1074 1888 1118 1916 se
1143 1877 1381 1916 torrentibus
1410 1877 1535 1924 raptis

278 1936 398 1983 plana
424 1933 574 1983 passim
594 1934 823 1982 populatur:
853 1931 1070 1971 novissime
1088 1932 1126 1970 in
1143 1934 1334 1971 miseriam
1353 1940 1535 1978 magnam

240 1989 450 2038 egentium
483 1989 613 2027 clarus
646 1993 895 2035 onustusque
928 1987 1168 2025 diffunditur.
1226 1983 1403 2024 Flumina
1440 1995 1534 2022 vero

278 2048 421 2092 suapte
446 2048 584 2081 natura
611 2047 723 2080 vasta
750 2045 788 2079 et
814 2041 1111 2089 tempestatibus
1133 2044 1246 2088 rapta
1263 2040 1400 2077 alveos
1419 2038 1535 2077 relin-

279 2104 414 2146 quunt.
444 2097 552 2146 quid
577 2103 615 2136 tu
648 2096 904 2144 Rhodanum,
939 2095 1033 2143 quid
1059 2099 1176 2143 putas
1203 2093 1383 2133 Rhenum
1417 2098 1535 2141 atque

278 2152 518 2199 Danubium,
556 2151 701 2199 quibus
728 2155 880 2189 torrens
908 2154 946 2189 et
974 2150 1013 2187 in
1040 2147 1165 2187 canali
1190 2158 1263 2187 suo
1294 2157 1435 2186 cursus
1462 2151 1534 2193 est,

281 2217 370 2245 cum
397 2207 599 2255 superfusi
626 2215 749 2243 novas
778 2204 853 2243 sibi
881 2205 1058 2242 fecerunt
1076 2202 1184 2251 ripas
1203 2212 1250 2240 ac
1269 2202 1398 2240 scissa
1415 2201 1534 2239 humo

244 2265 266 2299 9
282 2261 396 2300 simul
424 2270 636 2299 excessere
658 2260 798 2299 alveo?
837 2262 983 2307 quanta
1002 2268 1088 2298 cum
1108 2255 1432 2306 praecipitatione
1450 2256 1534 2294 vol-
