1592 2580
308 174 359 215 74
652 178 695 218 L.
723 179 910 217 ANNAEl
943 180 1167 220 SENECAE

304 274 568 322 pulcherrima
588 286 772 324 quaeque
800 278 931 315 multis
959 283 996 317 et
1016 279 1246 319 adventiciis
1268 281 1451 322 comitata
1470 289 1562 322 sunt

303 330 481 375 dotibus,
505 330 577 368 sed
599 330 685 368 illas
705 331 880 378 trahunt,
902 333 989 380 ipsa
1009 334 1262 380 praecedunt.

268 389 283 420 1
381 384 516 425 xxm.
562 385 661 423 Num
690 386 849 423 dubium
885 391 946 425 est
975 388 1067 435 quin
1106 388 1181 426 hoc
1213 389 1371 428 humani
1404 392 1560 439 generis

301 438 541 477 domicilium
563 439 746 478 circuitus
767 440 863 478 solis
884 451 929 479 ac
949 441 1064 480 lunae
1077 443 1228 481 vicibus
1245 444 1328 482 suis
1346 450 1562 493 temperet?

301 493 395 541 quin
423 493 582 532 alterius
613 495 744 532 calore
775 495 928 533 alantur
957 506 1138 544 corpora,
1168 502 1295 536 terrae
1322 500 1559 547 relaxentur,

299 547 485 585 inmodici
505 547 689 586 humores
711 550 1023 597 conprimuntur,
1045 552 1251 599 adligantis
1273 555 1402 591 omnia
1421 553 1560 592 hiemis

299 602 453 640 tristitia
481 603 701 650 frangatur:
731 604 890 642 alterius
919 609 1054 653 tepore
1081 607 1232 644 efficaci
1264 612 1302 645 et
1330 608 1561 655 penetrabili

298 662 457 705 regatur
475 658 675 695 maturitas
695 659 876 705 frugum?
896 659 988 707 quin
1004 660 1054 697 ad
1073 660 1187 698 huius
1209 672 1366 700 cursum
1385 663 1559 700 fecundi-

297 715 359 749 tas
393 711 563 749 humana
588 713 858 760 respondeat?
885 714 979 761 quin
1005 715 1069 752 ille
1097 725 1240 753 annum
1273 716 1560 755 observabilem

299 765 435 804 fecerit
451 767 685 805 circumactu
703 777 794 813 suo,
814 767 913 806 haec
932 779 1106 807 mensem
1125 770 1339 808 minoribus
1358 781 1402 809 se
1422 771 1560 818 spatiis

258 822 280 854 2
300 818 465 858 flectens
478 825 497 858 ’ἐ
540 821 591 859 Ut
611 825 740 859 tamen
761 822 945 860 detrahas
965 822 1058 868 ista,
1087 835 1166 862 non
1188 829 1271 862 erat
1289 824 1377 873 ipse
1396 826 1458 863 sol
1476 826 1560 864 ido-

299 884 415 912 neum
443 875 567 913 oculis
598 876 869 923 spectaculum
896 877 1120 926 dignusque
1147 879 1323 926 adorari,
1353 879 1387 918 si
1412 884 1559 918 tantum

299 930 556 977 praeteriret?
585 941 665 968 non
686 935 770 968 erat
789 931 908 978 digna
929 938 1118 980 suspectu
1138 934 1250 979 luna,
1284 934 1436 972 etiamsi
1464 935 1559 973 otio-

298 994 387 1021 sum
422 984 535 1022 sidus
568 989 878 1024 transcurreret?
921 987 1013 1034 Ipse
1043 988 1234 1035 mundus,
1273 988 1454 1035 quotiens
1488 999 1560 1037 per

298 1042 454 1076 noctem
484 1038 595 1085 ignes
616 1050 714 1077 suos
735 1039 835 1077 fudit
854 1046 891 1079 et
910 1045 1058 1079 tantum
1079 1043 1277 1080 stellarum
1299 1043 1558 1081 innumerabi-

298 1092 391 1130 lium
417 1092 588 1138 refulsit,
621 1104 738 1141 quem
763 1105 841 1132 non
870 1095 1059 1133 intentum
1087 1097 1124 1133 in
1155 1107 1198 1134 se
1217 1102 1348 1136 tenet?
1376 1097 1466 1145 quis
1485 1097 1559 1135 sibi

256 1155 278 1189 3
297 1145 362 1183 illa
378 1151 470 1184 tunc
486 1157 576 1184 cum
594 1148 754 1186 miratur
770 1149 964 1196 prodesse
981 1151 1152 1197 cogitat?
1170 1151 1348 1199 Adspice
1364 1152 1439 1190 ista
1452 1156 1557 1190 tanto

297 1210 471 1248 superne
488 1206 604 1239 coetu
625 1202 814 1249 labentia,
834 1205 1164 1250 quemadmodum
1185 1206 1430 1244 velocitatem
1446 1216 1555 1243 suam

297 1255 372 1293 sub
392 1255 527 1302 specie
547 1256 685 1294 stantis
706 1261 823 1304 atque
842 1257 977 1295 inmoti
997 1258 1129 1306 operis
1149 1259 1408 1297 abscondant.
1430 1259 1557 1306 Quan-

296 1314 378 1348 tum
406 1309 481 1347 ista
508 1316 642 1358 nocte,
675 1321 792 1359 quam
820 1316 863 1350 tu
892 1312 931 1349 in
961 1323 1161 1350 numerum
1181 1317 1228 1351 ac
1247 1313 1456 1352 discrimen
1477 1314 1558 1352 die-

297 1374 384 1401 rum
412 1363 623 1412 observas,
651 1365 805 1413 agitur?
845 1372 990 1414 quanta
1014 1377 1143 1405 rerum
1171 1368 1286 1405 turba
1315 1369 1388 1406 sub
1407 1368 1483 1406 hoc
1506 1369 1556 1406 si-

298 1418 417 1455 lentio
447 1419 666 1458 evolvitur?
710 1424 895 1468 quantam
924 1421 1092 1459 fatorum
1120 1422 1261 1459 seriem
1289 1427 1419 1461 certus
1446 1423 1556 1461 limes

257 1479 280 1512 4
300 1472 458 1511 educit?
494 1473 574 1511 Ista
593 1484 695 1521 quae
722 1479 764 1513 tu
786 1485 864 1512 non
885 1475 995 1513 aliter
1015 1486 1132 1523 quam
1152 1476 1190 1513 in
1213 1476 1397 1514 decorem
1417 1487 1558 1525 sparsa

299 1527 551 1573 consideras,
587 1528 740 1576 singula
773 1529 811 1567 in
840 1540 961 1576 opere
989 1534 1090 1567 sunt.
1131 1541 1205 1568 nec
1232 1532 1335 1569 enim
1363 1536 1423 1570 est
1449 1532 1557 1580 quod

298 1581 501 1619 exIstimes
529 1587 681 1630 septem
708 1583 795 1621 sola
821 1584 1061 1630 discurrere,
1092 1590 1222 1623 cetera
1248 1585 1431 1624 haerere:
1459 1596 1556 1634 pau—

299 1645 435 1673 corum
463 1642 592 1675 motus
620 1638 997 1685 conprehendimus,
1026 1639 1330 1677 innumerabiles
1357 1650 1452 1679 vero
1471 1641 1554 1677 lon-

298 1691 468 1738 giusque
487 1701 511 1728 a
534 1696 752 1739 conspectu
772 1696 936 1739 [nostro]
959 1694 1110 1731 seducti
1130 1695 1172 1731 di
1189 1699 1282 1732 eunt
1299 1695 1554 1742 redeuntque,

298 1749 337 1782 et
356 1755 406 1782 ex
425 1745 506 1792 his,
529 1747 595 1794 qui
615 1747 753 1785 oculos
771 1752 929 1785 nostros
952 1748 1164 1795 patiuntur,
1185 1749 1363 1796 plerique
1385 1749 1554 1787 obscuro

298 1800 423 1846 gradu
443 1806 612 1848 pergunt
629 1806 668 1839 et
686 1811 756 1849 per
776 1803 970 1840 occultum
989 1808 1168 1850 aguntur.

261 1864 274 1895 1
379 1853 516 1894 XXIV.
555 1855 656 1902 Quid
688 1861 812 1903 ergo?
847 1867 926 1894 non
955 1857 1109 1904 caperis
1128 1861 1257 1895 tantae
1275 1857 1390 1895 molis
1409 1857 1553 1905 adspe-

300 1913 384 1956 ctu,
413 1909 566 1947 etiarnsi
585 1914 630 1963 'te
650 1921 728 1948 non
748 1914 872 1958 tegat,
900 1922 978 1949 non
999 1911 1212 1958 custodiat,
1239 1921 1317 1948 non
1338 1912 1468 1949 foveat
1486 1921 1552 1958 ge-

299 1968 489 2011 neretque
507 1973 554 2001 ac
573 1964 712 2012 spiritu
731 1975 804 2003 suo
828 1965 956 2012 riget?
994 1965 1326 2012 Quemadmodum
1346 1965 1444 2002 haec
1465 1975 1553 2004 cum

302 2019 467 2064 primum
488 2029 602 2056 usum
621 2018 841 2058 habeantet
859 2019 1086 2058 necessaria
1100 2019 1310 2067 vitaliaque
1325 2019 1412 2066 sint,
1434 2020 1552 2057 maie-

302 2077 383 2110 stas
403 2077 531 2110 tamen
553 2083 689 2111 eorum
713 2078 831 2112 totam
851 2079 1018 2111 mentem
1043 2077 1228 2121 occupat:
1257 2073 1309 2110 ita
1334 2073 1461 2111 omnis
1488 2075 1553 2112 illa

303 2126 424 2164 virtus
446 2127 537 2165 etin
561 2127 695 2175 primis
724 2129 822 2175 grati
852 2128 968 2166 animi
1000 2128 1159 2166 multum
1181 2127 1337 2174 quidem
1366 2132 1550 2175 praestat,

301 2181 373 2217 sed
401 2192 479 2219 non
500 2183 582 2220 vult
601 2182 651 2220 ob
672 2182 748 2220 hoc
770 2183 888 2229 diligi.
924 2182 1090 2230 amplius
1111 2182 1294 2228 quiddam
1314 2182 1352 2218 in
1373 2193 1416 2219 se
1436 2182 1552 2221 habet

301 2244 375 2271 nec
397 2236 492 2272 sat1s
511 2237 560 2273 ab
582 2247 629 2274 eo
649 2236 899 2283 intellegitur,
930 2247 953 2274 a
973 2246 1051 2284 quo
1072 2235 1170 2272 inter
1190 2235 1296 2273 utilia
1316 2242 1549 2274 numeratur.

262 2295 285 2327 2
304 2288 444 2327 Gratus
465 2296 536 2338 est,
559 2290 651 2339 quia
669 2290 855 2339 expedit?
875 2300 969 2338 ergo
991 2295 1029 2328 et
1048 2295 1232 2338 quantum
1252 2290 1438 2339 expedit?
1471 2302 1549 2330 non
