1624 2626
316 177 383 217 DE
402 174 694 216 BREVITATE
713 173 884 213 VITAE.
915 179 971 214 12.
994 179 1050 214 13.
1252 173 1336 215 209

46 283 105 322 Ne
125 280 215 321 illos
237 278 400 330 quidem
421 278 524 317 inter
544 276 701 316 otiosos
721 275 1006 322 numeraveris,
1027 276 1094 325 qui
1115 276 1216 315 sella
1236 287 1282 316 se
1297 282 1338 316 et
1352 283 1374 318 6

47 337 188 378 lectica
215 336 294 375 huc
322 339 362 375 et
379 335 474 374 illuc
504 335 637 372 serunt
659 332 769 372 etad
793 332 1139 382 gestationum
1159 343 1337 381 suarum,

51 392 168 444 quasi
197 392 391 432 deserere
414 391 504 430 illas
530 400 612 428 non
637 389 774 438 liceat,
804 388 927 428 horas
951 392 1182 428 occurrunt.
1231 399 1337 438 quos

48 449 210 500 quando
230 447 358 487 lavari
374 446 566 495 debeant,
593 444 757 495 quando
774 449 912 484 natare
925 474 935 492 ‚
967 444 1131 493 quando
1149 455 1336 492 coenare,

47 506 149 546 alius
171 504 381 550 admonet,
409 507 449 541 et
466 512 600 551 usque
620 511 669 539 eo
690 501 812 539 nimio
828 500 988 539 delicati
1002 499 1124 539 animi
1140 500 1335 549 languore

49 562 282 608 solvuntur,
301 563 347 598 ut
370 569 443 607 per
463 569 510 597 se
530 557 635 596 scire
656 568 736 596 non
758 556 936 606 possint,
957 567 1008 595 an
1029 555 1220 596 esuriant.
1249 557 1331 596 Au-
1355 559 1377 594 7

45 617 115 656 dio
144 615 359 666 quemdam
387 624 439 652 ex
469 613 670 660 delicatis,
706 613 740 651 si
773 612 894 652 modo
929 612 1099 651 deliciae
1123 613 1338 652 vocandae

45 677 141 712 sunt
153 672 277 711 vitam
292 676 332 710 et
347 670 680 710 consuetudinem
694 668 909 708 humanam
925 668 1158 716 dediscere,
1179 679 1270 708 cum
1286 679 1338 708 ex

45 728 191 768 balneo
211 728 312 766 inter
331 737 475 766 manus
495 727 625 764 elatus
642 725 734 764 etin
751 725 851 763 sella
865 724 1022 774 positus
1040 729 1162 773 esset,
1181 724 1338 764 dixisse

45 783 350 833 interrogando:
389 782 502 830 „iam
530 781 722 820 sedeo?“
764 781 880 820 Hunc
906 785 950 819 tu
978 780 1249 829 ignorantem,
1286 792 1338 820 an

0 851 1 878 3
48 840 211 888 sedeat,
242 843 360 888 putas
391 837 497 876 scire
524 848 575 875 an
596 837 725 884 vivat,
755 847 806 875 an
825 836 979 884 videat,
1010 846 1060 886 an
1082 836 1239 876 otiosus
1260 836 1339 876 sit?

0 889 1 895 ¹
48 906 131 935 non
152 895 269 934 facile
290 894 478 942 dixerim,
497 898 631 933 utrum
649 893 776 941 magis
796 893 1000 939 miserear,
1028 892 1062 930 si
1084 892 1162 931 hoc
1180 892 1338 941 ignora-

0 985 2 988 ,
49 951 123 998 vit,
164 962 214 990 an
243 949 279 990 si
305 950 492 999 ignorare
521 959 567 988 se
596 947 722 987 finxit.
770 949 983 987 Multarum
1014 948 1177 997 quidem
1204 959 1338 988 rerum
1357 951 1381 987 8

0 1005 2 1033 ῗ
47 1006 294 1047 oblivionem
314 1004 506 1054 sentiunt,
527 1005 601 1043 sed
617 1005 828 1043 multarum
844 1008 883 1042 et
898 1003 1112 1043 imitantur.
1139 1005 1339 1053 quaedam

49 1063 145 1101 vina
172 1063 285 1110 illos,
317 1061 433 1110 quasi
462 1061 660 1099 felicitatis
682 1063 936 1108 argumenta,
964 1059 1178 1099 delectant.
1219 1060 1338 1098 nimis

48 1118 209 1158 humilis
238 1123 276 1156 et
304 1115 523 1165 contempti
549 1115 724 1155 hominis
752 1115 912 1154 videtur
941 1115 1046 1154 scire
1075 1116 1170 1164 quid
1199 1115 1338 1154 faciat:

47 1174 60 1212 i
81 1184 187 1213 nunc
206 1179 244 1213 et
259 1171 404 1211 mimos
419 1173 542 1211 multa
556 1171 713 1210 mentiri
729 1171 779 1210 ad
797 1171 1120 1220 exprobrandam
1139 1172 1340 1211 luxuriam

48 1234 158 1278 puta.
190 1230 305 1278 plura
325 1228 575 1267 mehercules
593 1233 850 1277 praetereunt
871 1238 991 1276 quam
1008 1227 1341 1276 finguntettanta

0 1317 1 1337 3
48 1284 340 1324 incredibilium
371 1284 556 1323 vitiorum
587 1285 707 1332 copia
735 1283 948 1332 ingenioso
969 1283 1009 1321 in
1029 1282 1108 1322 hoc
1128 1295 1254 1323 unum
1275 1294 1338 1324 se—

0 1342 1 1371 ;
50 1341 141 1380 culo
164 1339 375 1390 processit,
396 1344 440 1379 ut
460 1339 538 1379 iam
559 1340 770 1379 mimorum
790 1349 961 1388 arguere
981 1339 1188 1388 possimus
1204 1342 1339 1388 negle-

50 1397 236 1445 gentiam.
279 1407 373 1435 esse
401 1397 595 1445 aliquem,
633 1396 701 1445 qui
727 1406 861 1445 usque
889 1405 938 1434 eo
960 1395 1114 1434 deliciis
1135 1396 1340 1443 interierit,

49 1457 92 1491 ut
110 1462 161 1490 an
182 1453 323 1491 sedeat
338 1452 449 1491 alteri
466 1452 631 1491 credat?
656 1451 743 1490 Non
760 1457 822 1491 est
839 1461 935 1500 ergo
953 1450 1019 1489 hic
1036 1452 1205 1491 otiosus.
1232 1452 1340 1491 aliud
1358 1457 1382 1492 9

50 1517 195 1547 nomen
215 1508 408 1556 inponas:
437 1518 559 1556 aeger
579 1512 660 1556 est,
685 1508 804 1547 immo
825 1511 1006 1547 mortuus
1028 1512 1102 1546 est.
1148 1508 1218 1547 Ille
1239 1508 1339 1546 otio-

51 1574 124 1602 sus
145 1567 219 1609 est,
241 1563 305 1602 cui
326 1563 394 1602 otii
415 1563 477 1603 sui
498 1568 536 1602 et
555 1573 703 1602 sensus
724 1568 804 1603 est:
825 1563 891 1602 hic
910 1574 1008 1602 vero
1025 1564 1257 1611 semivivus,
1276 1564 1340 1603 cui

12 1618 16 1623 “
51 1619 103 1657 ad
137 1617 430 1667 intellegendos
463 1620 647 1666 corporis
683 1619 747 1658 sui
780 1619 939 1659 habitus
970 1618 1103 1658 indice
1132 1630 1236 1668 opus
1266 1625 1340 1659 est.

53 1674 260 1723 quomodo
281 1679 414 1723 potest
433 1673 497 1712 hic
516 1674 636 1726 ullius
659 1675 851 1723 temporis
873 1674 1063 1714 dominus
1085 1680 1209 1714 esse?

132 1730 233 1768 XIII.
268 1729 459 1779 Persequi
497 1730 679 1778 singulos
706 1730 868 1778 longum
890 1735 971 1778 est,
1001 1742 1170 1780 quorum
1189 1735 1258 1770 aut
1276 1732 1340 1769 la·
1363 1740 1382 1773 1

50 1785 279 1825 trunculi
300 1790 366 1824 aut
386 1785 924 1835 pilaautexcoquendi
945 1786 992 1824 in
1015 1788 1130 1826 sole
1151 1797 1339 1835 corpo·

51 1842 122 1881 ris
151 1851 274 1881 cura
293 1851 587 1890 consumpsere
607 1842 739 1880 vitam.
777 1842 864 1881 Non
884 1847 978 1881 sunt
998 1842 1138 1889 otiosi,
1170 1853 1341 1891 quorum

52 1898 282 1946 voluptates
316 1899 482 1936 multum
514 1897 662 1946 negotii
695 1897 857 1936 habent.
900 1898 999 1936 Nam
1034 1899 1085 1937 de
1113 1897 1191 1936 illls
1222 1908 1340 1937 nemo

53 1953 258 2002 dubitabit,
279 1954 373 2003 quin
396 1963 572 2002 operose
589 1953 684 1992 nihil
699 1958 830 2001 agant,
848 1953 933 2003 qui
953 1954 1217 1992 literarum
1236 1954 1338 1992 inu-

52 2008 218 2048 tilium
239 2009 430 2048 studiis
451 2008 759 2056 detinentur,
782 2020 886 2058 quae
904 2009 981 2047 iam
1004 2009 1114 2058 apud
1133 2009 1339 2049 Romanos

55 2075 220 2114 quoque
250 2075 398 2114 magna
422 2076 568 2104 manus
599 2069 673 2103 est.
720 2064 965 2104 Graecorum
983 2065 1060 2103 iste
1079 2065 1246 2113 morbus
1269 2065 1341 2105 fuit
1361 2071 1382 2103 2

0 2156 3 2165 ,
56 2130 270 2168 quaerere,
318 2131 436 2170 quem
477 2131 687 2160 numerum
719 2120 858 2159 Ulixes
891 2120 1085 2168 remigum
1120 2120 1339 2160 habuisset.

54 2175 167 2224 prior
193 2177 345 2226 scripta
372 2181 484 2216 esset
501 2177 594 2216 Ilias
623 2187 672 2214 an
695 2175 895 2226 Odyssea.
932 2181 1143 2224 praeterea
1162 2187 1212 2215 an
1232 2176 1339 2216 eius-

57 2231 147 2270 dem
169 2237 278 2271 esset
297 2233 485 2272 auctoris.
515 2233 592 2271 alia
612 2232 807 2280 deinceps
827 2231 948 2271 huius
969 2237 1108 2281 notae,
1130 2243 1231 2281 quae
1251 2232 1339 2272 sive

18 2299 20 2302 ’
58 2287 285 2336 contineas,
312 2288 409 2327 nihil
427 2289 586 2328 tacitam
608 2286 894 2327 conscientiam
915 2288 1072 2336 iuvant,
1099 2288 1185 2327 sive
1203 2290 1336 2338 profe-

27 2369 28 2372 *
57 2352 145 2389 ras,
174 2353 252 2381 non
274 2344 430 2383 doctior
449 2345 643 2393 videaris,
666 2344 740 2384 sed
760 2343 978 2384 molestior.
1007 2344 1114 2384 Ecce
1132 2344 1336 2384 Romanos
1357 2350 1379 2383 3

115 2410 244 2436 SENECA
265 2412 353 2437 Pnu„
375 2402 400 2438 1.
1079 2405 1122 2441 14
