1624 2626
332 180 413 221 296
709 180 751 218 L.
777 180 965 218 ANNAEI
992 180 1216 221 SENECAE

334 290 426 318 num
441 280 562 326 levat,
587 283 626 318 et
644 280 835 319 severitas
846 309 855 326 ,
867 273 985 328 ‘quod
1000 280 1210 320 maximum
1226 279 1442 318 remedium
1458 279 1585 328 habet,

293 335 315 370 3
333 333 567 372 adsiduitate
597 334 732 372 amittit
758 334 1037 373 auctoritatem.
1083 334 1291 374 Constituit
1309 335 1436 374 bonos
1456 346 1584 374 mores

333 388 478 427 civitati
504 387 689 437 princeps
710 394 747 427 et
765 387 859 427 vitia
878 388 964 428 eius
984 389 1136 429 facilius
1154 389 1349 437 reprimit,
1381 390 1413 428 si
1434 389 1584 438 patiens

332 453 468 481 eorum
495 448 572 490 est,
601 454 680 482 non
707 448 903 490 tamquam
934 445 1093 492 probet,
1124 445 1196 483 sed
1224 449 1420 492 tamquam
1438 443 1584 483 invitus

333 502 371 536 et
390 508 479 536 cum
497 508 640 545 magno
656 502 848 536 tormento
865 499 915 536 ad
933 499 1204 547 castigandum
1223 498 1370 537 veniat:
1395 509 1584 536 verecun-

332 552 436 590 diam
452 552 645 600 peccandi
661 553 752 590 facit
767 552 855 600 ipsa
866 554 1072 592 clementia
1085 553 1270 601 regentis.
1299 552 1455 601 gravior
1465 553 1585 591 multo

330 617 463 654 poena
480 607 653 654 videtur,
685 617 787 655 quae
807 617 831 644 a
847 608 928 646 miti
947 608 1030 647 viro
1051 608 1307 647 constituitur.

290 694 309 726 1
409 688 545 726 XXIII.
589 687 797 726 Praeterea
828 688 983 727 videbis
1017 699 1063 727 ea
1095 699 1218 737 saepe
1245 687 1448 737 committi,
1484 699 1587 737 quae

330 753 454 791 saepe
472 743 732 781 vindicantur.
768 742 882 780 Pater
900 747 990 782 tuus
1011 744 1143 792 plures
1163 743 1262 782 intra
1280 743 1587 792 quInquennium

330 798 443 836 culeo
473 797 610 844 insuit,
641 807 759 845 quam
787 797 969 836 omnibus
998 798 1143 836 seculis
1170 798 1321 836 insutos
1349 799 1585 846 accepimus.

329 853 450 890 multo
484 852 612 890 minus
647 850 847 890 audebant
878 851 990 890 liberi
1022 853 1135 891 nefas
1166 852 1340 891 ultimum
1372 852 1584 899 admittere,

329 906 516 955 quamdiu
545 906 630 945 sine
657 907 745 954 lege
773 906 919 944 crimen
947 907 1029 946 suit.
1066 905 1219 946 summa
1245 908 1347 945 enim
1380 907 1587 956 prudentia

328 961 507 999 altissimi
527 961 598 999 viri
620 966 658 999 et
674 971 807 999 rerum
827 966 990 1000 naturae
1011 962 1235 1010 peritissimi
1250 963 1467 1001 maluerant
1481 962 1587 1000 velut

327 1015 556 1054 incredibile
583 1016 715 1053 scelus
743 1020 782 1054 et
806 1017 908 1054 ultra
934 1017 1139 1055 audaciam
1168 1017 1340 1065 positum
1372 1016 1586 1065 praeterire

286 1077 308 1110 2
329 1081 465 1118 quam,
496 1070 589 1108 dum
607 1069 826 1116 vindicant,
856 1071 1067 1109 ostendere
1088 1082 1209 1119 posse
1224 1071 1321 1110 fieri.
1349 1071 1481 1120 itaque
1496 1081 1583 1120 par-

325 1124 474 1163 ricidae
501 1133 525 1161 a
553 1124 641 1172 lege
671 1128 889 1172 coeperunt
908 1129 947 1163 et
972 1124 1048 1163 illis
1070 1126 1221 1164 facinus
1242 1136 1371 1174 poena
1392 1130 1583 1164 monstra-

325 1179 392 1217 vit.
426 1178 602 1226 pessimo
623 1188 718 1217 vero
739 1179 828 1217 loco
848 1179 974 1226 pietas
994 1179 1084 1228 suit,
1105 1184 1315 1228 postquam
1337 1181 1497 1228 saepius
1518 1186 1583 1218 cu-

324 1234 410 1271 leos
430 1233 600 1271 vidimus
621 1243 738 1280 quam
764 1243 916 1272 cruces.
958 1234 1002 1271 In
1025 1246 1102 1282 qua
1122 1233 1276 1272 civitate
1294 1245 1383 1272 raro
1403 1235 1584 1286 homines

326 1286 559 1336 puniuntur,
590 1288 628 1325 in
657 1298 705 1326 ea
731 1298 952 1326 consensus
979 1289 1022 1327 fit
1040 1288 1287 1328 innocentiae
1306 1294 1344 1327 et
1361 1288 1584 1337 indulgetur

326 1342 434 1380 velut
460 1342 619 1390 publico
646 1342 766 1380 bono.
807 1346 919 1391 putet
951 1353 996 1382 se
1022 1342 1270 1382 innocentem
1299 1353 1391 1382 esse
1424 1343 1581 1382 civitas:

325 1395 409 1434 erit.
439 1396 564 1444 magis
581 1395 772 1435 irascetur
787 1407 809 1435 a
819 1398 1016 1436 communi
1029 1398 1246 1446 frugalitate
1258 1397 1583 1446 desciscentibuS‚

325 1450 359 1488 si
381 1461 533 1498 paucos
554 1461 624 1489 eos
645 1461 738 1489 esse
758 1451 909 1497 viderit.
956 1451 1224 1491 Periculosum
1244 1456 1317 1501 est,
1342 1451 1581 1500 mihicrede,

325 1505 539 1544 ostendere
559 1506 721 1554 civitati,
750 1511 896 1555 quanto
915 1507 1051 1555 plures
1070 1506 1162 1545 mali
1183 1507 1272 1546 sint.
1300 1558 1302 1560 v

284 1595 303 1628 1
402 1587 540 1626 XXIV.
568 1587 680 1626 Dicta
695 1592 756 1626 est
770 1587 984 1636 aliquando
1001 1599 1024 1626 a
1045 1593 1185 1627 senatu
1201 1589 1413 1627 sententia:
1442 1593 1485 1628 ut
1499 1598 1580 1627 ser-

323 1653 398 1681 vos
418 1653 442 1681 a
459 1641 593 1680 liberis
616 1643 744 1681 cultus
765 1642 1034 1691 distingueret.
1072 1643 1216 1681 deinde
1234 1644 1435 1692 adparuit,
1457 1654 1578 1692 quan-

323 1702 405 1736 tum
435 1697 652 1745 periculum
678 1697 902 1746 inmineret,
941 1697 977 1736 si
1002 1697 1107 1736 servi
1135 1698 1259 1737 nostri
1279 1708 1485 1736 numerare
1504 1708 1579 1737 nos

324 1752 572 1800 coepissent:
610 1752 715 1790 idem
741 1751 840 1790 scito
870 1753 1121 1791 metuendum
1150 1762 1260 1800 esse,
1298 1753 1331 1791 si
1357 1753 1451 1790 nulli
1469 1753 1579 1800 igno-

323 1805 456 1845 scitur.
487 1807 563 1844 cito
581 1806 804 1854 adparebit,
828 1818 919 1855 pars
936 1807 1102 1845 civitatis
1118 1807 1288 1846 deterior
1304 1812 1448 1855 quanto
1465 1817 1578 1855 prae-

322 1865 470 1908 gravet.
518 1861 603 1899 Non
630 1861 759 1899 minus
784 1862 951 1910 principi
978 1862 1109 1910 turpia
1139 1865 1231 1900 sunt
1249 1862 1368 1900 multa
1384 1860 1579 1909 supplicia

324 1926 441 1963 quam
471 1915 626 1955 medico
654 1917 774 1954 multa
800 1917 949 1954 funera.
989 1915 1194 1955 remissius
1213 1916 1419 1964 imperanti
1438 1915 1577 1954 melius

282 1978 304 2011 2
323 1975 493 2018 paretur.
535 1971 681 2009 Natura
700 1975 986 2011 contumaxssest
1001 1971 1195 2010 humanus
1210 1971 1361 2009 animus
1378 1974 1415 2008 et
1429 1970 1466 2008 in
1483 1970 1576 2009 cen-

323 2025 483 2063 trarium
510 2029 629 2073 atque
657 2025 825 2064 arduum
851 2026 980 2064 nitens
1008 2026 1262 2074 sequiturque
1286 2025 1438 2062 facilius
1459 2035 1577 2072 quam

323 2079 487 2118 ducitur.
532 2084 570 2118 et
595 2085 638 2119 ut
664 2081 849 2128 generosi
876 2085 995 2128 atque
1022 2080 1175 2118 nobiles
1195 2078 1288 2127 equi
1313 2078 1452 2117 melius
1473 2079 1578 2122 facili

323 2133 433 2171 freno
458 2139 666 2182 reguntur,
695 2135 748 2174 ita
776 2135 1017 2174 clementiam
1036 2133 1256 2173 voluntaria
1277 2132 1499 2172 innocentia
1519 2134 1576 2171 in—

322 2192 416 2235 petu
443 2199 517 2227 suo
549 2189 727 2238 sequitur
753 2194 791 2228 et
818 2189 974 2238 dignam
993 2193 1103 2237 putat
1122 2189 1277 2233 civitas,
1308 2198 1424 2235 quam
1445 2193 1578 2226 servet

285 2241 407 2280 ssibi.
454 2242 546 2281 Plus
574 2246 706 2292 itaque
736 2244 811 2283 hac
838 2245 904 2282 via
931 2243 1143 2293 proficitur.
1180 2242 1390 2281 crudelitas
1418 2242 1575 2280 minime

322 2296 532 2336 humanum
551 2299 695 2337 malum
714 2303 775 2338 est
793 2298 1072 2347 indignumque
1090 2302 1167 2337 tam
1182 2296 1263 2336 miti
1279 2296 1422 2336 animo.
1451 2297 1575 2335 ferina
