1624 2626
171 161 242 202 AD
273 159 566 202 GALLIONEM
591 158 660 201 DE
686 159 809 199 VITA
833 158 1017 199 BEATA.
1044 164 1110 200 8-
1126 166 1180 200 11.
1240 155 1319 199 147

48 275 167 314 quam
184 264 288 303 ultra
307 262 440 302 finem.
467 263 607 312 Itaque
626 272 750 311 erras,
780 272 869 301 cum
888 261 1123 312 interrogas,
1154 262 1250 313 quid
1270 264 1322 302 sit
1338 275 1362 309 4

7 323 18 365 ἒ(
45 320 155 368 illud,
174 324 340 369 propter
355 318 465 368 quod
483 319 667 357 virtutem
688 323 841 368 petam:
863 319 1023 367 quaeris
1045 318 1148 357 enim
1169 319 1319 369 aliquid

46 386 169 425 supra
185 386 393 414 summum.
413 375 647 423 interrogas,
666 375 765 424 quid
780 378 910 423 petam
925 384 976 412 ex
991 374 1133 413 virtute
1145 379 1164 412 2
1177 374 1321 424 ipsam.

43 432 140 470 nihil
161 431 265 469 enim
284 430 403 470 habet
417 430 572 477 meliuS‚
597 429 689 479 ipsa
706 429 876 480 pretium
898 429 974 469 sui.
1002 430 1065 468 An
1087 429 1164 468 hoc
1180 441 1322 479 parum

44 497 232 536 magnum
252 490 336 535 est,
365 495 454 525 cum
472 485 542 524 tibi
562 486 711 524 dicam:
738 496 935 525 summum
952 484 1103 525 bonum
1122 491 1184 525 est
1203 486 1322 524 inl'ra-

44 543 135 592 gilis
155 542 276 582 animi
296 542 405 591 rigor
425 547 464 581 et
484 542 735 591 providentia
760 546 801 580 et
826 540 1022 581 subtilitas
1039 546 1079 580 et
1106 541 1256 580 sanitas
1285 545 1324 580 et

43 598 207 638 libertas
231 603 271 637 et
288 596 507 637 concordia
527 602 566 637 et
591 597 743 637 decor?
766 597 915 645 aliquid
943 598 1168 636 etiamnunc
1195 597 1323 646 exigis

45 655 186 702 maius,
214 654 266 693 ad
291 654 401 703 quod
428 653 506 692 ista
532 654 783 693 referantur?
831 652 931 701 Quid
957 653 1052 691 mihi
1078 655 1323 702 voluptatem

45 710 256 750 nominas?
281 709 454 749 hominis
472 708 622 748 bonum
643 719 805 760 quaero,
826 718 907 748 non
928 708 1088 759 ventris,
1113 710 1181 759 qui
1200 719 1322 759 pecu-

46 766 164 806 dibus
180 776 228 804 ac
248 765 378 804 beluis
398 765 526 804 laxior
546 769 621 806 est.

125 822 174 860 X.
203 821 480 870 „Dissimulas,
500 820 637 870 inquit,
661 820 760 870 quid
782 831 807 860 a
827 831 892 860 me
917 820 1086 860 dicatur.
1116 831 1192 871 ego
1219 821 1322 860 enim
1346 830 1365 864 1

46 888 151 926 nego
174 887 415 926 quemquam
436 887 561 925 posse
579 877 753 917 iucunde
773 877 926 925 vivere,
954 877 1033 916 nisi
1052 877 1169 916 simul
1195 881 1236 916 et
1254 877 1326 916 ho—

47 939 164 973 neste
180 933 290 972 vivit.
319 932 428 982 quod
447 943 527 972 non
543 937 677 982 potest
697 932 818 972 mutis
839 933 1070 981 contingere
1089 932 1327 972 animalibus

47 1000 124 1028 nec
145 989 292 1028 bonum
312 999 427 1028 suum
450 988 540 1027 cibo
563 988 833 1027 metientibus.
871 989 990 1035 clare,
1020 987 1160 1037 inquit,
1190 998 1238 1027 ac
1256 999 1327 1037 pa-

47 1046 127 1084 lam
145 1048 270 1083 testor
297 1044 400 1083 hanc
427 1044 565 1091 vitam,
594 1054 714 1092 quam
746 1053 822 1091 ego
849 1043 1063 1082 iucundam
1090 1054 1217 1091 voco,
1244 1055 1327 1083 non

49 1101 137 1140 sine
156 1100 312 1138 adiecta
329 1100 471 1138 virtute
489 1099 759 1147 contingere.“
802 1099 926 1148 Atqui
955 1099 1045 1148 quis
1064 1098 1223 1147 ignorat
1242 1100 1325 1148 ple·
1343 1105 1366 1138 2

47 1155 240 1196 nissimos
258 1165 353 1194 esse
370 1154 641 1204 voluptatibus
661 1153 808 1193 vestris
831 1154 1089 1194 stultissimos
1111 1160 1328 1205 quosque?

49 1216 90 1251 et
107 1211 322 1260 nequitiam
347 1210 554 1249 abundare
583 1210 769 1249 iucundis
794 1210 1051 1260 animumque
1078 1211 1210 1260 ipsum
1232 1215 1328 1259 [non

47 1270 212 1314 tantum]
235 1276 386 1315 genera
403 1266 619 1316 voluptatis
641 1277 766 1315 prava
782 1267 857 1306 sibi
872 1268 995 1305 multa
1015 1272 1261 1316 suggerere?
1289 1268 1328 1306 in

49 1323 186 1373 primis
217 1322 468 1362 insolentiam
497 1327 535 1361 et
566 1321 727 1361 nimiam
763 1323 1078 1362 aestimationem
1105 1324 1166 1362 sui
1201 1327 1328 1363 tumo-

47 1389 213 1428 remque
241 1379 386 1418 elatum
413 1389 537 1427 super
562 1383 718 1418 ceteros
744 1383 784 1417 et
806 1389 980 1418 amorem
1006 1389 1140 1417 rerum
1166 1390 1330 1419 suarum

51 1445 215 1474 caecum
236 1438 276 1473 et
294 1435 560 1483 inprovidum,
589 1434 754 1473 delicias
777 1434 939 1473 fluentis
959 1439 998 1473 et
1019 1445 1070 1473 ex
1089 1435 1260 1473 minimis
1282 1446 1330 1474 ac

50 1489 270 1540 puerilibus
293 1490 428 1529 causis
457 1490 774 1538 exsultationem,
806 1490 885 1529 iam
914 1491 1163 1530 dicacitatem
1191 1502 1237 1529 ac
1264 1502 1330 1530 su·

50 1546 231 1596 perbiam
250 1546 498 1585 contumeliis
519 1546 771 1594 gaudentem,
792 1546 988 1585 desidiam
1008 1546 1329 1586 dissolutionem-

53 1612 133 1651 que
163 1601 298 1650 segnis
330 1602 450 1640 animi
477 1601 759 1641 indormientis-
787 1602 884 1640 sibi:
919 1603 1020 1641 haec
1047 1603 1179 1641 omnia
1203 1603 1331 1642 virtus
1349 1613 1372 1647 3

51 1658 213 1697 discutit
239 1663 278 1696 et
300 1667 436 1696 aurem
465 1657 646 1706 pervellit
674 1662 713 1696 et
736 1658 962 1706 voluptates
992 1659 1193 1704 aestimat,
1222 1664 1331 1698 ante-

53 1724 172 1763 quam
192 1713 380 1761 admittat,
407 1723 482 1751 nec
503 1713 614 1763 [qua]
635 1712 670 1751 si
697 1713 893 1762 probavit,
919 1715 1052 1762 magni
1078 1715 1227 1764 pendit,
1257 1715 1331 1753 uti-

53 1779 132 1819 que
151 1768 256 1807 enim
274 1768 451 1818 admittit,
479 1778 554 1807 nec
571 1778 651 1807 usu
668 1778 817 1817 earum,
846 1769 920 1808 sed
939 1771 1202 1819 temperantia
1228 1771 1334 1809 laeta

53 1829 126 1864 est.
166 1825 427 1874 temperantia
453 1828 584 1863 autem
613 1834 704 1862 cum
729 1825 957 1874 voluptates
986 1827 1155 1874 minuat,
1190 1826 1333 1865 summi

51 1880 148 1920 boni
167 1879 310 1920 iniuria
338 1885 412 1919 est.
465 1881 522 1919 Tu
547 1880 792 1928 voluptatem
819 1881 1099 1930 conplecteris,
1132 1892 1208 1930 ego
1238 1893 1332 1920 con·

55 1947 191 1986 pesco.
226 1941 268 1976 tu
289 1937 491 1985 voluptate
513 1935 668 1982 frueris,
697 1946 772 1985 ego
799 1941 902 1976 utor.
933 1941 977 1975 tu
1001 1937 1107 1975 illam
1136 1949 1334 1976 summum

53 1991 202 2032 bonum
226 1997 355 2042 putas,
376 2002 452 2041 ego
474 2002 549 2031 nec
569 1992 732 2030 bonum.
760 1996 804 2031 tu
825 1992 958 2031 omnia
972 1993 1190 2042 voluptatis
1211 2003 1334 2032 causa

55 2047 167 2096 facis,
187 2058 263 2097 ego
285 2048 392 2086 nihil.

135 2104 200 2143 XI.
229 2104 324 2143 Cum
345 2103 436 2144 dico
458 2114 522 2142 me
541 2103 637 2142 nihil
650 2102 866 2152 voluptatis
883 2114 1008 2143 causa
1027 2105 1172 2151 facere,
1193 2104 1245 2144 de
1265 2105 1332 2145 illo
1354 2114 1373 2146 1

55 2159 200 2208 loquor
219 2158 412 2208 sapiente,
440 2159 506 2199 cui
525 2159 602 2199 soli
623 2159 814 2199 concedis
831 2160 1089 2208 voluptatem.
1127 2171 1208 2200 non
1227 2172 1332 2201 voco

57 2221 187 2254 autem
205 2215 438 2264 sapientem,
460 2226 584 2265 supra
612 2226 729 2264 quem
751 2214 964 2264 quicquam
991 2221 1063 2263 est,
1092 2217 1238 2256 nedum
1261 2228 1332 2257 vo-

56 2269 207 2319 luptas:
236 2271 346 2321 atqui
365 2271 416 2310 ab
435 2271 511 2310 hac
537 2276 758 2320 occupatus
787 2271 991 2320 quomodo
1018 2272 1180 2312 resistet
1203 2273 1333 2313 labori

57 2330 99 2365 et
111 2325 302 2376 periculo,
323 2327 491 2377 egestati
505 2332 544 2367 et
558 2332 616 2367 tot
630 2327 844 2368 humanam
861 2326 980 2367 vitam
1000 2326 1332 2379 circumstrepen-

1049 2382 1126 2424 10*
