1592 2580
284 160 364 205 280
652 161 695 198 L.
724 159 912 198 ANNAEI
940 158 1164 198 SENECAE

284 262 424 308 haesit,
440 259 667 298 absciditur.
696 257 839 296 deinde
852 267 939 295 cum
955 257 1191 305 ceciderunt,
1208 257 1335 296 solido
1349 261 1542 304 exceptae
1586 248 1588 258 ²

284 316 466 355 resiliunt
491 324 602 352 more
630 313 755 361 pilae,
785 321 888 360 quae
907 321 996 349 cum
1015 311 1172 363 cecidit,
1203 313 1372 349 exsultat
1390 321 1436 349 ac
1456 321 1541 348 sae·
1586 305 1588 309 ’

285 372 375 420 pius
397 368 564 419 pellitur,
591 368 735 407 totiens
755 377 779 404 a
798 366 885 404 solo
904 366 943 404 in
962 376 1108 404 novum
1125 366 1298 414 inpetum
1317 366 1453 406 missa,
1502 364 1543 402 Si

285 435 381 463 vero
410 422 747 470 instagnantibus
776 420 891 469 aquis
918 420 1048 458 delata
1075 425 1181 467 sunt,
1199 419 1277 458 ‘hic
1311 420 1397 467 ipse
1425 428 1542 457 casus

284 480 416 518 vicina
444 476 617 517 concutit
638 476 790 523 fluctu,
809 485 925 524 quem
947 474 1115 513 subitum
1138 479 1368 522 vastumque
1387 473 1543 511 inlisum

287 545 337 573 ex
358 534 436 572 alto
457 532 615 581 pondus
635 530 787 570 eiecit.“

366 589 429 627 XI.
460 586 662 635 Quidam
687 583 885 633 ignibus
910 582 1109 633 quidem
1131 580 1544 630 adsignanthunc

287 650 572 686 tremorem,
603 639 690 679 sed
721 639 881 677 aliter.
929 639 1025 677 Nam
1044 648 1132 676 cum
1151 637 1329 685 pluribus
1349 635 1446 674 locis
1467 636 1543 673 fer-

287 702 425 745 veant,
453 705 620 734 necesse
640 699 701 733 est
722 694 917 741 ingentem
935 703 1126 742 vaporem
1146 693 1231 730 sine
1249 691 1356 729 exitu
1373 690 1543 735 volvant,

289 753 356 800 qui
377 752 413 790 vi
431 761 507 790 sua
527 749 707 798 spiritum
727 747 892 787 intendit
909 753 967 796 et,
995 747 1029 786 si
1049 746 1178 785 acrius
1200 745 1334 793 instet,
1361 744 1546 793 opposita

290 806 480 852 diffindit,
510 805 543 843 si
563 809 658 842 vero
680 803 883 841 remissior
901 803 995 849 fuit,
1021 801 1116 840 nihil
1136 801 1303 848 amplius
1324 809 1441 848 quam
1462 809 1545 836 mo-

288 867 367 900 vet.
419 859 613 913 Videmus
639 868 786 906 aquam
813 862 998 906 spumare
1023 857 1113 904 igne
1141 855 1338 893 subiecto=
1370 852 1477 902 quod
1507 852 1547 890 in

288 917 364 954 hac
394 925 498 964 aqua
525 913 618 952 facit
635 913 789 951 inclusa
808 916 847 950 et
866 915 1051 960 angusta,
1081 910 1201 948 multo
1221 909 1346 957 magis
1367 908 1472 946 illum
1491 907 1546 944 sa-

291 981 381 1009 cere
409 969 638 1016 credamus,
668 977 756 1005 cum
783 967 979 1005 violentus
1003 975 1050 1003 ac
1067 963 1401 1011 vastus'ingentes
1423 972 1548 1010 aquas

291 1026 446 1063 excitat.
477 1029 567 1062 tunc
587 1023 652 1060 ille
666 1021 926 1069 vaporatione
944 1019 1212 1059 fluctuantium
1230 1018 1423 1057 undarum
1440 1016 1547 1065 quic-

293 1079 388 1129 quid
409 1077 643 1126 pulsaverit,
673 1076 849 1124 agitatur.

257 1142 274 1174 1
371 1134 453 1171 XII.
484 1131 722 1180 Spiritum
750 1140 884 1178 esse,
915 1130 1226 1178 quimoveat,
1255 1132 1302 1165 et
1320 1124 1550 1175 plurimis

293 1194 339 1226 et
369 1185 598 1224 maximis
636 1184 931 1223 auctoribus
972 1184 1158 1233 placet:
1205 1181 1425 1220 Archelaus
1453 1179 1549 1217 anti-

294 1241 452 1290 quitatis
480 1239 647 1286 diligens
676 1238 729 1276 ait
755 1239 827 1276 ita:
859 1237 1000 1286 „Venti
1019 1237 1058 1275 in
1079 1246 1253 1275 concava
1273 1239 1462 1274 terrarum
1482 1233 1549 1271 de-

294 1299 481 1334 seruntur.
525 1293 668 1331 deinde
695 1292 761 1330 ubi
789 1293 864 1330 iam
892 1293 1022 1331 omnia
1050 1291 1178 1339 spatia
1195 1290 1323 1338 plena
1346 1294 1436 1327 sunt
1455 1292 1492 1325 et
1511 1287 1549 1324 in

296 1354 484 1398 quantum
506 1358 573 1386 aer
593 1348 737 1396 potuit,
766 1347 955 1385 densatus
975 1351 1055 1392 est,
1085 1346 1119 1383 is
1141 1342 1454 1393 qui‘supervenit
1470 1341 1550 1389 spi-

293 1406 409 1451 ritus,
436 1404 610 1452 priorem
633 1401 772 1450 premit
789 1406 828 1439 et
845 1401 953 1439 elidit
974 1411 1021 1439 ac
1039 1398 1310 1447 frequentibus
1331 1398 1457 1445 plagis
1473 1396 1552 1444 pri-

258 1468 359 1502 2m0
387 1458 511 1506 cogit,
548 1455 693 1495 deinde
722 1455 935 1504 perturbat.
980 1456 1087 1493 Tunc
1114 1454 1179 1491 ille
1201 1453 1394 1501 quaerens
1422 1452 1552 1492 locum

297 1523 435 1552 omnes
465 1511 668 1559 angustias
695 1511 868 1548 dimovet
895 1515 934 1548 et
959 1510 1130 1547 claustra
1149 1518 1222 1545 sua
1241 1505 1552 1545 conatur-effrin-

295 1578 410 1616 gere:
440 1567 498 1605 sic
518 1565 668 1613 evenit,
695 1569 737 1603 ut
753 1569 880 1604 terrae
895 1564 1034 1612 spiritu
1048 1565 1218 1603 luctante
1233 1566 1271 1599 ct
1285 1562 1415 1608 sugam
1433 1569 1551 1608 quae-

296 1627 407 1661 rente
435 1623 679 1659 moveantur.
722 1619 859 1667 Itaque
889 1629 977 1657 cum
1004 1623 1132 1656 terrae
1155 1615 1284 1654 motus
1309 1616 1460 1653 futurus
1480 1618 1552 1659 est,

297 1676 500 1726 praecedit
518 1674 620 1713 aeris
647 1674 906 1724 tranquillitas
930 1677 968 1711 et
988 1674 1121 1721 quies:
1152 1670 1352 1717 videlicet,
1384 1667 1476 1717 quia
1491 1667 1552 1705 vis

298 1730 482 1780 spiritus,
501 1739 604 1778 quae
624 1728 821 1767 concitare
841 1732 982 1766 ventos
1002 1728 1123 1773 solet,
1148 1726 1187 1763 in
1207 1725 1358 1762 inferna
1378 1722 1474 1762 sede
1493 1732 1553 1759 re-

298 1786 479 1825 tinetur.“
524 1784 635 1822 Nunc
655 1783 814 1831 quoque
841 1793 926 1821 curn
949 1782 1012 1820 hic
1031 1786 1160 1819 motus
1181 1779 1219 1817 in'
1239 1777 1451 1826 Campania
1470 1775 1553 1821 suit,

300 1838 482 1889 quamvis
496 1838 661 1876 hiberno
679 1843 858 1885 tempore
873 1842 912 1875 et
926 1835 1119 1884 inquieto,
1141 1844 1212 1883 per
1226 1830 1453 1882 superiores
1468 1830 1553 1868 dies

264 1906 287 1940 3
303 1895 413 1934 coelo
434 1904 503 1932 aer
522 1893 639 1931 stetit.
686 1891 785 1938 Quid
806 1895 928 1940 ergo?
955 1900 1167 1938 numquam
1187 1888 1306 1926 flante
1323 1890 1439 1925 vento
1454 1889 1556 1922 terra

301 1958 501 1988 concussa
527 1951 614 1985 est?
657 1946 882 1984 Admodum
909 1955 999 1983 raro
1028 1945 1106 1983 duo
1131 1943 1245 1982 simul
1266 1941 1413 1979 flavere
1430 1939 1555 1976 venti:

301 2004 386 2042 fieri
412 2007 541 2041 tamen
574 2006 612 2040 et
637 2005 769 2049 potest
787 2005 826 2038 et
845 1999 956 2039 solet.
995 1999 1105 2047 quod
1124 1997 1158 2037 si
1176 1996 1384 2044 recipimus
1402 1992 1449 2032 et'
1463 2003 1554 2032 con-

302 2063 379 2096 stat
407 2058 508 2096 duos
527 2061 667 2094 ventos
689 2066 771 2093 rem
792 2055 907 2093 simul
928 2064 1084 2102 gerere:
1112 2051 1250 2100 quidm·
1266 2049 1444 2087 accidere
1462 2057 1555 2096 pos-

303 2113 372 2159 sit,
401 2116 444 2150 ut
463 2112 561 2149 alter
579 2108 823 2158 superiorem
843 2111 936 2147 aera
955 2109 1091 2156 agitet,
1119 2108 1215 2145 alter
1233 2105 1424 2142 inferum?

267 2173 286 2205 1
380 2165 480 2204 XIII.
508 2165 551 2203 In
571 2164 646 2203 hac
667 2164 858 2202 sententia
877 2163 967 2202 licet
984 2168 1112 2211 ponas
1125 2159 1373 2199 Aristotele-m
1389 2161 1426 2195 ct
1441 2155 1558 2194 disci-

303 2220 438 2268 pulum
464 2220 551 2258 eius
571 2219 884 2267 Theophrastum
897 2247 906 2264 ‚
934 2227 1013 2255 non
1033 2221 1076 2255 ut
1094 2214 1254 2253 Graecis
1276 2213 1402 2251 visum
1422 2215 1483 2249 est
1501 2209 1558 2248 di-

302 2275 402 2322 vini,
431 2275 560 2313 tamen
589 2278 627 2312 et
653 2273 778 2312 dulcis
808 2272 954 2321 eloquii
977 2271 1101 2310 virum
1122 2273 1161 2307 et
1178 2268 1288 2307 nitidi
1309 2267 1394 2306 sine
1411 2265 1568 2305 labore„
