1592 2580
296 172 377 213 242
670 172 711 209 L.
741 172 940 210 ΑΝΝΑΕΙ-
957 172 1181 212 SENECAE

296 272 492 312 adversus
514 271 688 309 minores
708 271 1006 317 humanitatem,
1036 272 1231 311 adversus
1248 273 1417 311 maiores
1437 284 1547 311 reve-

294 327 485 365 rentiam:
508 331 600 374 post
621 326 719 364 haee
740 325 828 373 ipse
850 330 887 363 te
909 326 1093 373 consule,
1113 337 1259 365 verane
1278 339 1326 365 an
1349 328 1447 365 falsa
1470 338 1548 365 me:

294 380 527 420 moraveris.
558 381 592 418 si
614 391 707 417 vera
723 385 832 426 sunt,
859 390 990 418 coram
1011 391 1151 428 magno
1171 386 1271 420 teste
1290 382 1471 420 laudatus
1492 393 1548 427 es,

242 435 330 473 19si
352 435 471 481 salsa,
507 434 662 473 derisus
691 445 747 472 es.
784 434 950 473 Possum
982 440 1020 473 et
1047 435 1133 482 ipse
1160 446 1264 474 nunc
1283 436 1408 474 videri
1427 441 1465 474 te
1485 441 1551 474 aut

295 495 456 538 captare
485 485 552 527 alit
578 489 768 537 expeririz,
812 489 1034 528 utrumlibet
1060 490 1179 528 crede
1197 495 1236 529 et
1257 501 1395 529 omnes
1415 490 1550 529 timere

294 555 318 582 a
338 554 400 583 me
418 543 561 591 incipe.
603 543 871 591 Vergilianum
889 544 984 581 illud
1005 544 1168 582 exaudi:

589 609 775 646 nusquam
796 604 876 637 tuta
891 599 1000 645 fides.

295 658 361 692 aut
381 652 633 692 OvidIanum:

588 719 663 756 qua
682 711 788 745 terra
802 712 926 755 patet,
942 707 1037 754 fera
1055 713 1193 756 remeat
1212 708 1353 756 Erinys
1363 722 1374 744 .-

459 764 499 802 in
515 763 677 810 facinus
695 764 844 800 iurasse
852 766 976 810 putes.

296 823 363 856 aut
382 817 476 855 illud
495 817 719 855 Menandri:
748 817 856 864 (quis
876 816 976 854 enim
998 828 1076 856 non
1098 818 1135 854 in
1155 816 1230 855 hoc
1249 816 1552 864 magnitudinem

295 871 441 919 ingenii
468 872 529 910 sui
552 871 778 916 concitavit,
806 871 1021 910 detestatus
1053 882 1290 910 consensum
1311 870 1468 909 humani
1487 881 1549 918 ge·

296 926 401 965 neris
430 926 624 965 tendentis
652 926 704 963 ad
731 925 874 971 vitia‘Q)
908 936 1034 965 omnes
1060 927 1112 964 ait
1143 929 1262 964 malos
1292 927 1416 964 vivere
1446 930 1484 963 et
1515 926 1551 962 in

296 991 457 1019 scenam
476 982 584 1020 velut
601 981 770 1018 rusticus
793 986 909 1028 poeta
926 981 1115 1028 prosiluit.
1137 991 1215 1019 non
1235 990 1370 1018 senem
1387 980 1552 1027 excepit,

295 1046 374 1074 non
395 1046 579 1083 puerum,
602 1046 680 1074 non
703 1034 901 1082 seminam,
922 1045 1000 1073 non
1024 1035 1166 1081 virum,
1187 1040 1225 1073 et
1243 1035 1360 1073 adicit
1375 1045 1452 1072 non
1475 1034 1552 1072 sin—

295 1091 411 1137 gulos
435 1100 622 1137 peccare,
651 1100 729 1127 non
751 1099 920 1137 paucos,
943 1091 1014 1128 sed
1034 1090 1110 1127 iam
1132 1090 1262 1127 scelus
1283 1100 1374 1127 esse
1395 1094 1553 1126 contex—

242 1150 387 1187 2otum.
430 1144 673 1191 Fugiendum
709 1155 803 1191 ergo
836 1148 874 1181 et
904 1144 943 1181 in
972 1155 1016 1182 se
1053 1144 1295 1182 redeundum
1323 1141 1552 1189 est,‘innno

297 1198 411 1236 etiam
441 1209 465 1237 a
492 1209 536 1236 se
563 1198 840 1236 recedendum.
883 1198 968 1235 Hoc
996 1198 1083 1245 tibi,
1117 1198 1190 1236 etsi
1217 1199 1311 1236 mari
1333 1198 1552 1244 dividimur,

296 1257 502 1301 praestare
520 1252 738 1300 temptabo,
757 1257 800 1290 ut
820 1251 980 1291 dubium
999 1253 1086 1290 viae
1107 1253 1249 1290 iniecta
1269 1263 1386 1290 manu
1406 1252 1455 1290 ad
1475 1262 1553 1288 me-

296 1308 395 1346 liora
425 1307 651 1355 perducam.
695 1311 733 1344 et
752 1317 802 1344 ne
828 1306 1080 1345 solitudinem
1110 1307 1278 1353 sentias,
1307 1307 1398 1344 hinc
1426 1311 1553 1344 tecum

297 1361 473 1400 miscebo
496 1371 712 1400 sermones.
741 1361 896 1400 Erimus
913 1368 1009 1408 una,
1031 1373 1110 1409 qua
1129 1366 1238 1410 parte
1255 1361 1390 1408 optimi
1405 1370 1552 1398 sumus.

298 1415 478 1454 dabimus
498 1415 666 1454 invicem
685 1415 868 1463 consilia,
889 1421 927 1454 et
945 1427 1022 1454 non
1046 1426 1097 1454 ex
1115 1417 1224 1454 voltu
1246 1414 1439 1453 audientis
1460 1425 1552 1462 pen—

243 1469 442 1516 21dentia.
488 1470 623 1517 Longe
652 1474 690 1508 te
716 1469 764 1507 ab
793 1471 867 1508 ista
897 1469 1099 1518 provincia
1128 1471 1340 1516 abducam,
1369 1481 1418 1508 ne
1457 1470 1555 1506 forte

298 1536 478 1572 magnam
504 1524 678 1562 historiis
706 1535 797 1563 esse
823 1525 942 1562 fidem
973 1526 1114 1563 credas
1145 1530 1182 1563 et
1202 1525 1357 1572 placere
1375 1524 1441 1562 tibi
1460 1523 1554 1561 ‘mci-

299 1579 407 1628 pias,
432 1579 615 1627 quotiens
636 1578 889 1627 cogitaveris:
917 1580 1017 1617 hanc
1036 1590 1109 1627 ego
1127 1579 1253 1618 habeo
1270 1578 1344 1617 sub
1364 1589 1451 1617 meo
1473 1578 1554 1616 iure

299 1634 563 1682 provincIam,
591 1644 693 1682 quae
712 1633 966 1672 maximarum
993 1634 1146 1673 urbium
1167 1634 1363 1672 exercitus
1383 1638 1422 1672 et
1440 1633 1553 1671 susti-

298 1689 382 1728 nuit
409 1694 447 1727 et
472 1687 603 1736 fregit,
635 1698 724 1726 cum
750 1690 848 1726 inter
873 1688 1144 1736 Carthaginem
1175 1693 1212 1727 et
1231 1689 1395 1726 Romam
1420 1688 1554 1734 ingen-

299 1743 349 1782 tis
369 1743 460 1781 belli
482 1742 647 1790 pretium
668 1743 804 1790 iacuit,
833 1754 920 1781 cum
940 1749 1108 1791 quatuor
1127 1744 1392 1781 Romanorum
1413 1740 1554 1790 princi-

301 1808 413 1846 pum,
442 1797 483 1835 id
509 1803 570 1835 est
596 1798 714 1835 totius
741 1797 893 1846 imperii
922 1797 1026 1836 vires
1054 1803 1274 1836 contractas
1301 1797 1340 1835 in
1359 1807 1477 1835 unum
1499 1795 1554 1833 lo-

301 1862 390 1891 cum
422 1850 519 1890 vidit
549 1853 746 1899 altamque
772 1852 947 1900 Pompeii
979 1853 1171 1891 fortunam
1205 1852 1347 1899 erexit,
1377 1849 1554 1889 Caesaris

248 1906 494 1954 22satigavit‚
528 1905 670 1954 Lepidi
702 1908 913 1953 transtulit,
945 1907 1116 1946 omnium
1145 1907 1259 1955 cepit.
1301 1915 1403 1955 quae
1424 1905 1477 1943 illi
1498 1904 1553 1941 in—

301 1960 405 2010 genti
424 1961 651 2008 spectaculo
671 1960 859 2009 interruit,
879 1972 930 2000 ex
949 1972 1027 2010 quo
1047 1962 1197 2010 liquere
1215 1959 1441 2000 mortalibus
1463 1969 1554 2006 pos-

302 2019 380 2061 set,
404 2026 521 2063 quam
542 2017 656 2053 velox
675 2015 775 2053 foret
793 2016 844 2054 ad
864 2017 981 2054 imum
1001 2017 1137 2065 lapsus
1158 2027 1208 2054 ex
1227 2024 1399 2060 summo,
1421 2023 1555 2061 quam-

303 2081 381 2117 que
410 2070 568 2108 diversa
595 2069 658 2108 via
683 2080 862 2118 magnam
892 2070 1103 2118 potentiam
1131 2072 1284 2109 fortuna
1312 2069 1553 2107 destrueret:

302 2135 382 2162 uno
411 2125 513 2163 enim
540 2129 717 2173 tempore
743 2124 840 2163 vidit
857 2125 1084 2173 Pompeium
1102 2125 1372 2173 Lepidumque
1399 2134 1449 2161 ex
1475 2133 1554 2160 ma>-

303 2179 411 2216 ximo
441 2179 595 2227 fastigio
623 2179 734 2217 aliter
756 2178 947 2227 aliterque
975 2180 1026 2218 ad
1045 2185 1218 2219 extrema
1244 2179 1442 2224 deiectos,
1466 2187 1554 2216 cum

304 2233 515 2282 Pompeius
535 2234 702 2272 alienum
722 2230 936 2272 exercitum
957 2235 1125 2282 fugeret,
1150 2233 1325 2282 Lepidus
1346 2243 1472 2271 suum.

267 2293 281 2325 1
385 2289 413 2325 1.
443 2288 598 2336 ltaque,
617 2294 658 2327 ut
677 2293 796 2327 totum
818 2294 854 2328 te
878 2289 968 2328 inde
994 2288 1205 2337 abducam,
1235 2287 1413 2337 quamvis
1435 2287 1553 2325 multa
