1624 2626
280 167 360 208 282
640 165 683 203 L.
708 163 898 203 ANNAEI
923 163 1148 204 SENECAE

279 268 433 308 tissima
458 266 597 305 itinera
615 265 701 304 sine
719 263 1009 303 intermissione
1028 264 1209 303 defluens
1233 263 1407 311 eliditur,
1439 274 1533 312 quo—

282 323 384 361 tiens
405 321 555 370 aliqum
582 319 747 367 obstitit,
777 318 885 367 quod
915 329 1072 357 cursum
1101 319 1186 357 eius
1213 319 1321 357 velut
1350 319 1535 357 torrentis

283 376 411 426 rapidi
431 379 669 422 moraretur,
699 374 737 411 in
767 384 845 421 qua
865 373 987 411 tribus
1011 374 1151 412 eodem
1175 378 1352 422 tempore
1375 373 1535 411 theatris

284 433 372 470 viae
394 430 660 479 postulantur,
690 429 728 466 in
750 439 829 476 qua
849 428 1090 466 consumitur
1111 428 1297 476 quicquid
1320 429 1432 466 terris
1454 439 1534 466 om-

284 486 400 524 nibus
424 490 576 523 aratur:
607 488 753 532 quanta
787 483 958 521 solitudo
991 486 1030 520 et
1054 482 1218 521 vastitas
1245 484 1375 521 futura
1399 483 1467 529 sit,
1502 482 1536 520 si

285 540 379 578 nihil
416 538 651 587 relinquitur
687 536 763 575 nisi
802 537 908 585 quod
946 535 1063 574 iudex
1099 547 1263 576 severus
1298 535 1537 575 absolverit?

244 603 266 635 2
286 596 436 642 Quotus
452 594 624 642 quisque
642 603 692 630 ex
713 591 989 640 quaestoribus
1005 595 1075 636 est,
1097 591 1163 640 qui
1183 602 1260 629 non
1277 602 1327 630 ex
1347 591 1436 640 ipsa
1450 592 1538 639 lege

284 653 481 694 tencatur,
514 659 592 695 qua
619 646 796 695 quaerit?
826 650 969 694 quotus
994 645 1164 694 quisque
1191 651 1399 684 accusator
1423 650 1539 684 vacat

286 705 429 751 culpa?
454 707 492 740 et
510 701 646 740 nescio
667 712 716 739 an
744 711 859 741 nemo
880 701 931 738 ad
959 700 1129 738 dandam
1161 701 1314 738 veniam
1343 699 1538 738 difficilior

243 762 266 795 3
286 759 335 797 sit
356 768 474 806 quam
503 757 570 805 qui
596 757 700 794 illam
731 760 864 804 petere
898 755 1058 803 saepius
1086 755 1237 793 meruit.
1282 754 1538 792 Peccavimus

285 822 446 851 omnes:
485 812 549 849 alii
582 810 735 859 gravia,
766 810 830 848 alii
862 809 1028 855 leviora,
1059 810 1120 848 alii
1151 819 1201 847 ex
1224 808 1438 856 destinato,
1474 808 1540 846 alii

284 868 385 905 sorte
403 865 550 914 inpulsi
571 871 638 917 aut
659 865 787 903 aliena
806 864 981 912 nequitia
998 864 1135 909 ablati,
1162 864 1226 902 alii
1247 865 1284 902 in
1309 863 1424 902 bonis
1445 873 1538 902 con-

284 921 382 959 siliis
406 932 544 969 parum
563 921 719 959 sortiter
734 919 911 958 stetimus
932 924 970 956 et
990 918 1250 957 innocentiam
1270 918 1377 957 inviti
1405 928 1451 956 ac
1477 928 1538 956 re-

284 977 452 1014 nitentes
473 974 731 1023 perdidimus.
771 983 845 1011 nec
872 973 1109 1021 deliquimus
1130 978 1296 1019 tantum,
1321 973 1393 1011 sed
1411 982 1540 1020 usque

242 1035 264 1067 4
284 1031 331 1068 ad
354 1035 571 1068 extremum
592 1028 679 1066 aevi
700 1029 989 1075 delinquemus.
1034 1028 1158 1065 Etiam
1181 1028 1215 1066 si
1235 1028 1324 1076 quis
1342 1032 1419 1066 tam
1437 1027 1540 1065 bene

284 1084 361 1122 iam
396 1083 579 1132 purgavit
604 1083 794 1128 animum,
822 1087 865 1120 ut
894 1082 986 1119 nihil
1016 1082 1226 1121 obturbare
1254 1093 1343 1120 eum
1371 1081 1539 1130 amplius

286 1139 470 1186 possitae
486 1138 639 1184 fallere,
657 1137 707 1175 ad
717 1137 976 1174 innocentiam
988 1141 1115 1174 tamen
1129 1137 1331 1184 peccando
1350 1136 1539 1184 pervenit.

245 1200 262 1231 1
391 1193 476 1230 Vll.
507 1192 697 1239 Quoniam
728 1191 891 1229 deorum
916 1191 990 1228 feci
1016 1191 1270 1237 mentionem,
1297 1191 1443 1238 optime
1463 1190 1540 1228 hoc

285 1248 507 1296 exemplum
530 1246 694 1295 principi
714 1245 966 1292 constituam,
995 1245 1047 1283 ad
1071 1245 1177 1293 quod
1201 1246 1404 1291 formetur,
1434 1249 1476 1282 ut
1496 1254 1541 1282 se

284 1303 401 1340 talem
423 1311 514 1340 esse
536 1300 687 1339 civibus
709 1301 846 1348 quales
866 1299 940 1337 sibi
969 1300 1067 1337 deos
1093 1299 1197 1338 velit.
1253 1299 1425 1348 Expedit
1443 1309 1538 1347 ergo

285 1357 434 1394 habere
469 1355 727 1394 inexorabilia
759 1354 934 1402 peccatis
967 1359 1087 1402 atque
1119 1353 1320 1392 erroribus
1354 1353 1541 1392 numina?

284 1411 448 1458 expedit
466 1420 595 1459 usque
614 1410 662 1448 ad
684 1409 856 1448 ultimam
876 1409 1019 1447 infesta
1037 1409 1277 1456 perniciem?
1304 1412 1342 1446 et
1369 1409 1458 1456 quis
1477 1418 1539 1445 re-

285 1476 378 1513 gum
398 1466 472 1503 erit
494 1470 621 1511 tutus,
652 1464 764 1502 cuius
784 1474 863 1501 non
883 1463 1058 1502 membra
1077 1463 1311 1511 haruspices
1332 1462 1542 1510 colligant?

244 1524 265 1556 2
286 1520 399 1567 Quod
420 1520 453 1557 si
474 1519 514 1557 di
536 1518 750 1568 placabiles
770 1523 809 1556 et
828 1518 945 1566 aequi
965 1518 1107 1556 delicta
1127 1517 1342 1566 potentium
1361 1527 1438 1555 non
1460 1521 1540 1555 sta-

284 1576 350 1613 tim
373 1574 600 1612 fulminibus
624 1578 934 1622 persequuntur,
966 1577 1112 1620 quanto
1139 1573 1305 1620 aeqqus
1333 1577 1393 1610 est
1417 1571 1540 1610 homi-

285 1640 375 1667 nem
401 1629 623 1667 hominibus
652 1627 922 1676 praepositum
949 1627 1029 1665 miti
1057 1626 1186 1665 animo
1207 1636 1394 1665 exercere
1418 1626 1540 1674 impe-

284 1684 384 1722 rium
404 1688 443 1722 et
463 1684 657 1731 cogitare,
686 1686 816 1721 utrum
835 1682 971 1720 mundi
991 1686 1115 1720 status
1143 1682 1289 1729 gratior
1309 1680 1434 1720 oculis
1453 1682 1541 1728 pul-

286 1738 496 1787 chriorque
516 1738 566 1776 sit
585 1747 727 1775 sereno
748 1741 787 1775 et
807 1747 905 1784 puro
925 1737 988 1775 die
1008 1747 1056 1774 an
1078 1747 1196 1784 quum
1217 1734 1437 1783 fragoribus
1458 1745 1539 1773 cre<

287 1792 366 1831 bris
389 1792 518 1832 omnia
540 1792 766 1840 quatiuntur
791 1795 830 1830 et
856 1792 968 1839 ignes
995 1791 1086 1829 hinc
1105 1795 1223 1838 atque
1247 1789 1352 1828 illinc
1372 1789 1541 1827 micant?

286 1847 393 1895 atqui
413 1857 493 1886 non
514 1846 590 1885 alia
617 1847 739 1884 facies
768 1850 830 1884 est
853 1846 972 1893 quieti
998 1845 1216 1893 moratique
1242 1843 1393 1892 imperii
1423 1854 1541 1892 quam

246 1909 267 1942 3
288 1902 418 1940 sereni
438 1902 537 1940 coeli
557 1906 596 1939 et
615 1900 784 1939 nitentis.
843 1901 1008 1939 Crudele
1025 1910 1190 1948 regnum
1216 1898 1411 1937 turbidum
1432 1903 1538 1936 tene-

287 1957 451 2004 brisque
474 1957 687 1995 obscurum
707 1960 786 2002 est,
809 1955 910 1994 inter
928 1960 1138 1993 trementes
1158 1958 1197 1992 et
1222 1953 1271 1991 ad
1292 1952 1540 2001 repentinum

287 2012 458 2049 sonitum
477 2015 791 2059 expavescentes
819 2020 869 2047 ne
896 2020 944 2049 eo
973 2010 1131 2058 quidem
1152 2008 1218 2056 qui
1237 2007 1368 2045 omnia
1388 2011 1540 2054 pertur-

284 2065 351 2102 bat
370 2066 623 2104 inconcusso.
668 2064 839 2103 Facilius
860 2065 1023 2113 privatis
1045 2063 1262 2111 ignoscitur
1291 2060 1540 2110 pertinaciter

287 2129 331 2157 se
349 2120 653 2158 vindicantibus.
680 2124 851 2168 possunt
871 2119 971 2157 enim
991 2118 1094 2156 laedi
1116 2117 1307 2165 dolorque
1334 2126 1467 2154 eorum
1489 2115 1539 2153 ab

285 2173 428 2212 iniuria
445 2175 562 2213 venit.
600 2174 735 2213 timent
762 2178 968 2222 praeterea
993 2175 1277 2219 contemptum,
1307 2174 1345 2208 et
1371 2181 1451 2208 non
1477 2180 1539 2207 re-

285 2228 424 2266 tulisse
449 2229 696 2267 laedentibus
723 2228 887 2277 gratiam
911 2227 1115 2266 infirmitas
1146 2225 1318 2273 videtur,
1353 2235 1430 2263 non
1461 2224 1540 2262 cle·

286 2283 448 2321 mentiaz
477 2287 517 2322 at
545 2284 607 2322 cui
633 2284 728 2322 ultio
756 2283 796 2321 in
828 2281 933 2321 facili
960 2285 1038 2329 est,
1065 2280 1101 2319 is
1129 2280 1279 2319 omissa
1313 2289 1362 2318 ea
1393 2283 1538 2318 certam
