1624 2626
342 184 395 225 70
714 185 757 222 L.
783 183 972 222 ANNAEI
1002 181 1227 221 SENECAE

342 296 477 324 musca
495 294 633 334 parum
657 285 812 323 curiose
831 285 962 330 fugata
983 282 1020 320 in
1044 282 1192 319 rabiem
1213 286 1304 329 agat
1323 287 1390 322 aut
1413 283 1598 322 obversa-

342 346 404 378 tus
431 341 539 377 canis
570 345 638 378 aut
674 340 795 378 clavis
827 336 1067 384 neglegentis
1098 336 1201 373 servi
1233 337 1411 375 manibus
1437 339 1600 386 elapsa?

306 394 329 427 4
342 395 455 432 Feret
473 395 546 432 iste
562 404 690 442 aequo
708 394 836 431 animo
854 391 966 429 civile
982 390 1200 428 convicium
1220 395 1259 428 et
1282 390 1487 438 ingestam
1505 403 1599 431 con-

343 449 455 486 cione
475 449 632 486 curiave
650 448 865 491 maledicta,
878 445 989 483 cuius
1005 454 1120 482 aures
1137 444 1247 482 tracti
1266 445 1440 483 subsellii
1457 446 1599 485 stridor

343 502 533 540 offendit?
571 501 812 550 perpetietur
834 500 896 537 hic
918 499 1058 536 famem
1081 503 1120 536 et
1146 499 1319 536 aestivae
1337 500 1598 547 expeditionis

344 556 457 602 sitim,
483 556 550 604 qui
569 567 691 604 puero
709 557 810 593 male
828 552 987 592 diluenti
1005 553 1133 590 nivem
1150 553 1356 591 irascitur?
1395 555 1507 592 Nulla
1529 556 1597 592 ita-

344 620 421 658 que
437 621 500 648 res
519 611 643 658 magis
662 609 902 648 iracundiam
927 607 994 645 alit
1015 617 1132 655 quam
1153 607 1307 645 luxuria
1335 609 1599 656 intemperans

342 670 381 703 et
395 664 607 712 inpatiens:
624 665 721 702 dure
737 662 962 702 tractandus
977 662 1129 700 animus
1145 666 1216 708 est,
1233 667 1275 700 ut
1290 662 1405 700 ictum
1416 674 1494 701 non
1510 673 1599 701 sen-

342 718 411 757 tiat
434 719 508 756 nisi
533 729 704 768 gravem.

305 777 324 809 1
418 772 555 810 XXVI.
584 771 857 810 Irascimur
881 775 965 808 aut
986 771 1068 818 iis,
1093 781 1117 808 a
1144 770 1321 818 quibus
1346 781 1434 809 nec
1463 773 1596 810 acci-

342 836 456 874 pere
482 826 715 864 iniuriam
744 824 1033 873 potuimuss
1052 830 1134 863 aut
1155 825 1237 870 iis,
1264 836 1287 863 a
1312 826 1492 872 quibus
1517 837 1596 863 ac—

304 880 510 927 2cipere
539 880 771 918 iniuriam
800 879 1060 927 potuimus.
1102 879 1163 916 Ex
1187 879 1380 927 prioribus
1406 881 1598 927 quaedam

343 933 427 972 sine
444 944 567 972 sensu
591 938 693 978 sunt,
717 939 759 972 ut
782 935 890 981 liber,
918 944 1034 981 quem
1058 933 1331 972 minutioribus
1353 934 1475 972 literis
1502 935 1597 972 scri-

342 993 448 1036 ptum
467 999 588 1036 saepe
606 988 843 1036 proiecimus
861 992 900 1025 et
923 988 1155 1026 mendosum
1179 988 1454 1034 laceravimus‚
1472 992 1515 1026 ut
1532 999 1598 1026 ve-

344 1043 534 1089 stimenta,
568 1053 681 1090 quae,
712 1043 804 1090 quia
831 1042 1103 1089 displicebant,
1134 1042 1335 1080 scidimus.
1394 1042 1455 1080 his
1483 1043 1599 1081 irasci

344 1107 460 1144 quam
483 1099 639 1135 stultum
661 1103 732 1143 est,
757 1106 859 1144 quae
882 1097 978 1134 iram
1000 1101 1174 1134 nostram
1190 1107 1263 1134 nec
1278 1101 1500 1135 meruerunt
1525 1107 1599 1134 nec

304 1153 326 1186 3
343 1151 537 1189 sentiunt?
578 1151 683 1198 „Sed
701 1151 906 1189 offendunt
921 1161 996 1188 nos
1012 1151 1194 1189 videlicet
1214 1151 1280 1198 qui
1298 1152 1362 1189 illa
1387 1152 1600 1189 fecerunt.“

340 1205 508 1244 Primum
528 1216 649 1252 saepe
668 1210 874 1253 antequam
897 1205 972 1243 hoc
995 1205 1098 1252 apud
1126 1216 1200 1242 nos
1226 1206 1508 1252 distinguamus
1525 1205 1599 1243 ira-

341 1260 498 1297 scimur.
554 1260 697 1297 deinde
720 1260 889 1298 fortasse
915 1259 992 1307 ipsi
1018 1269 1176 1307 quoque
1195 1259 1364 1297 artifices
1381 1259 1600 1297 excusatio-

340 1323 412 1352 nes
433 1314 555 1352 iustas
577 1314 772 1351 adferent:
796 1314 895 1351 alius
922 1325 1000 1352 non
1026 1314 1150 1361 potuit
1168 1312 1308 1351 melius
1331 1315 1461 1351 facere
1483 1325 1600 1360 quam

341 1368 442 1414 fecit,
465 1378 538 1405 nec
557 1369 609 1406 ad
626 1373 731 1406 tuam
754 1367 1027 1406 contumeliam
1053 1378 1190 1415 parum
1209 1367 1354 1405 didicit.
1394 1367 1494 1405 alius
1519 1379 1598 1405 non

341 1422 379 1460 in
395 1422 471 1460 hoc
490 1427 532 1460 ut
554 1427 592 1460 te
610 1422 828 1461 offenderet
843 1421 944 1460 fecit.
984 1423 1032 1460 ad
1051 1422 1225 1460 ultimum
1246 1422 1338 1469 quid
1364 1425 1425 1459 est
1440 1422 1598 1458 demen-

344 1476 417 1514 tius
445 1487 562 1524 quam
586 1476 702 1515 bilem
729 1478 766 1515 in
791 1476 969 1515 homines
1000 1477 1202 1514 collectam
1221 1476 1260 1513 in
1287 1487 1352 1513 res
1370 1475 1600 1514 effundere?

305 1531 462 1578 4Atqui
485 1536 527 1569 ut
546 1531 606 1568 his
630 1531 748 1570 irasci
766 1530 957 1570 dementis
985 1535 1064 1578 est,
1095 1541 1196 1578 quae
1217 1531 1344 1567 anima
1367 1535 1519 1576 carent,
1541 1530 1598 1567 sic

341 1585 456 1622 mutis
489 1585 740 1633 animalibus,
784 1595 885 1633 quae
913 1586 1056 1623 nullam
1094 1584 1271 1623 iniuriam
1299 1584 1414 1622 nobis
1443 1585 1598 1630 faciunt,

342 1638 435 1686 quia
449 1640 548 1676 velle
566 1650 643 1677 non
660 1644 848 1687 possunt:
870 1650 948 1677 non
973 1644 1034 1677 est
1056 1639 1159 1676 enim
1183 1639 1320 1676 iniuria
1337 1639 1411 1676 nisi
1432 1649 1454 1676 a
1470 1638 1598 1676 consi-

340 1693 392 1731 lio
409 1694 596 1740 prosecta.
636 1704 781 1733 nocere
806 1694 939 1741 itaque
965 1693 1080 1731 nobis
1108 1698 1276 1741 possunt
1297 1698 1340 1730 ut
1361 1694 1503 1730 ferrum
1533 1697 1599 1730 aut

305 1747 454 1794 stapis,
483 1748 659 1785 iniuriam
681 1748 838 1796 quidem
868 1749 998 1785 facere
1028 1759 1105 1786 non
1135 1752 1313 1795 possunt.
1355 1747 1475 1793 Atqui
1504 1757 1597 1785 con-

342 1801 457 1838 temni
471 1811 515 1839 se
534 1802 691 1849 quidam
706 1806 852 1850 putant,
875 1802 941 1839 ubi
963 1802 1080 1840 iidem
1099 1803 1190 1850 equi
1208 1802 1472 1848 obsequentes
1489 1801 1598 1839 alteri

341 1855 481 1902 equiti,
512 1856 622 1893 alteri
651 1862 902 1895 contumaces
935 1861 1043 1902 sunt,
1080 1861 1276 1904 tamquam
1306 1855 1474 1901 iudic10‚
1517 1866 1595 1892 nou

343 1910 628 1948 consuetudine
657 1916 696 1949 et
719 1916 799 1948 arte
821 1912 1011 1949 tractandi
1037 1911 1228 1958 quaedam
1249 1910 1483 1957 quibusdam
1507 1909 1598 1947 sub-

303 1966 324 2000 6
341 1963 500 2001 iectiora
523 1964 612 2002 sint.
651 1965 772 2012 Atqui
791 1971 833 2003 ut
847 1965 907 2002 his
933 1965 1048 2003 irasci
1066 1965 1220 2003 stultum
1237 1968 1315 2010 est,
1337 1964 1390 2002 ita
1407 1964 1540 2011 pueris
1560 1970 1598 2002 et

342 2027 421 2054 non
449 2019 610 2056 multum
636 2030 660 2057 a
688 2029 899 2066 puerorum
928 2019 1133 2066 prudentia
1162 2018 1409 2056 distantibus.
1467 2017 1597 2056 omnia

342 2071 445 2113 enim
473 2071 547 2109 ista
575 2078 738 2120 peccata
767 2073 874 2122 apud
903 2083 1070 2121 aequum
1088 2073 1255 2111 iudicem
1280 2083 1351 2120 pro
1375 2072 1597 2111 innocentia

342 2124 487 2164 habent
506 2126 804 2173 inprudentiam.

310 2185 329 2219 l
423 2179 576 2219 XXVII.
622 2181 819 2227 Quaedam
840 2187 929 2220 sunt
949 2191 1049 2230 quae
1067 2190 1210 2220 nocere
1228 2192 1307 2219 non
1331 2186 1497 2229 possunt
1511 2181 1594 2218 nul-

341 2234 497 2281 lamque
516 2235 594 2271 vim
611 2236 686 2274 nisi
701 2237 917 2274 beneficam
940 2241 978 2275 et
998 2236 1206 2273 salutarem
1229 2235 1385 2283 habent,
1409 2239 1451 2273 ut
1472 2235 1511 2273 di
1538 2234 1594 2272 in-

341 2287 538 2337 mortales,
555 2290 621 2336 qui
637 2301 710 2328 nec
725 2292 861 2330 volunt
876 2291 1020 2330 obesse
1033 2300 1107 2328 nec
1126 2294 1305 2337 possunt.
1340 2294 1479 2328 natura
1493 2289 1596 2327 enim
