1592 2580
273 171 353 212 254
543 191 545 193 >
647 172 688 208 L.
718 170 905 208 ANNAEI
934 169 1157 213 SENECAE

274 271 450 319 frigoriS,
481 281 598 318 quam
625 275 667 309 ut
692 270 730 308 in
751 280 894 318 aquam
915 270 975 307 vel
994 269 1156 308 imbrem
1175 274 1368 316 transeat,
1394 275 1432 307 et
1458 270 1525 306 mi-

273 337 366 372 nus,
395 336 511 373 quam
538 330 580 363 ut
605 325 765 362 duretur
792 325 831 362 in
853 324 1099 371 grandinem:
1137 324 1213 363 hoc
1234 324 1361 362 medio
1385 324 1528 371 frigore

275 391 351 418 non
373 379 491 423 nimis
507 380 654 418 intento
676 379 786 416 nives
806 379 904 416 siunt
922 378 1070 419 coactis
1090 379 1216 427 aquis.

233 443 250 474 1.
353 434 452 472 X111.
482 434 617 482 „Quid
637 434 753 479 istas,
782 433 1150 481 inquis„ineptias‚
1181 432 1323 481 quibus
1342 433 1529 471 literatior

273 494 334 528 est
354 490 542 537 quisque,
564 499 643 527 non
658 488 820 535 melior,
840 493 916 526 tam
934 492 1108 535 operose
1123 487 1404 536 persequeris?
1432 498 1525 534 quo-

271 544 390 583 modo
418 543 514 582 fiant
541 544 652 582 nives
682 542 802 590 dicis,
835 553 922 580 cum
950 543 1068 580 multo
1096 541 1225 589 magis·
1248 542 1299 579 ad
1318 552 1392 580 nos
1413 541 1531 579 dicia

272 604 310 639 te
329 599 540 647 pertineat,
570 608 723 646 quare
750 597 988 635 emendae
1016 606 1111 634 non
1139 595 1440 642 sintpives.“
1469 596 1529 634 lu-

273 654 344 692 bes
371 664 434 692 me
465 657 505 692 tu
534 663 636 691 cum
666 652 864 690 luxuria
891 651 1068 699 litigare?
1108 651 1343 689 cotidianum
1364 650 1470 689 istud
1493 655 1531 689 et

272 707 360 746 sine
379 708 522 746 effectu
540 707 706 754 iurgium
728 710 801 744 est.
837 706 1094 753 litigemus
1115 710 1262 752 tamen,
1283 710 1340 752 et,
1361 704 1396 743 si
1412 715 1527 752 supe-

230 763 350 803 2rior
381 763 512 801 futura
545 767 623 808 est,
657 766 877 809 pugnantes
909 771 956 798 ac
982 761 1217 798 reluctantes
1246 759 1388 798 vincat.
1433 758 1531 805 Quid

272 821 420 866 porro?
459 817 561 855 hanc
589 817 716 865 ipsam
743 815 1029 863 inspectionem
1057 820 1219 852 naturae
1248 813 1342 852 nihil
1375 813 1529 851 iudicas

272 873 323 910 ad
336 872 394 918 id,
416 872 522 920 quod
540 871 621 918 vis,
641 871 848 909 conferre?
876 881 964 908 cum
982 869 1227 918 quaerimus,
1249 868 1447 917 quomodo
1464 868 1531 905 nix

272 927 358 973 fiat,
391 932 430 965 et
462 927 628 964 dicimus
649 926 753 964 illam
782 925 946 973 pruinae
973 923 1119 962 habere
1149 923 1312 961 similem
1341 928 1530 969 naturam,

274 983 362 1029 plus
390 982 443 1019 illi
471 980 632 1029 spiritus
663 991 782 1028 quam
804 989 931 1028 aquae
952 979 1107 1023 inesse,
1137 988 1216 1016 non
1246 982 1359 1026 putas
1388 987 1530 1025 expro-

271 1036 375 1074 brari
396 1036 491 1082 illis,
512 1046 602 1075 cum
621 1045 752 1072 emere
772 1045 915 1083 aquam
936 1038 1050 1081 turpe
1070 1033 1137 1078 sit,
1162 1033 1195 1071 si
1214 1043 1264 1070 ne
1283 1042 1425 1080 aquam
1447 1032 1530 1079 qui-

230 1099 253 1133 3
273 1092 361 1129 dem
382 1095 541 1128 emunt?
564 1090 646 1128 Nos
664 1099 761 1128 vero
783 1099 1020 1137 quaeramus
1042 1087 1193 1135 potiuS,
1216 1087 1416 1135 quomodo
1437 1086 1532 1124 fiant

274 1147 384 1184 nives
413 1155 530 1192 quam
559 1145 760 1192 quomodo
794 1148 1029 1190 serventur„
1049 1142 1235 1190 quoniam
1261 1153 1341 1180 non
1360 1141 1531 1180 contenti

271 1200 364 1238 vina
381 1198 624 1246 diffundere,
654 1198 846 1236 veteraria
866 1207 937 1245 per
956 1207 1125 1244 sapores
1145 1201 1375 1244 aetatesque
1396 1195 1530 1243 dispo-

274 1265 368 1293 nere
390 1255 630 1300 invenimus,
660 1252 860 1300 quomodo
887 1251 1123 1299 stiparemus
1152 1250 1301 1297 nivem,
1329 1255 1371 1289 ut
1400 1260 1447 1288 ea
1466 1260 1530 1288 ae-

273 1315 412 1348 statem
442 1308 639 1346 evinceret
671 1312 709 1346 et
742 1312 879 1345 contra
910 1306 1000 1344 anni
1031 1306 1226 1343 servorem
1255 1305 1531 1343 defenderetur

273 1364 349 1403 loci
371 1363 526 1410 frigore.
557 1361 658 1410 Quid
677 1361 752 1399 hac
771 1360 972 1408 diligentia
986 1360 1189 1398 consecuti
1205 1370 1341 1397 sumus
1354 1364 1372 1396 ’ἒ
1390 1369 1531 1406 nempe
1589 1354 1592 1400 l

274 1423 316 1458 ut
335 1418 541 1466 gratuitam
560 1426 780 1456 mercemur
799 1426 955 1463 aquam.
984 1414 1104 1453 Nobis
1126 1415 1251 1461 dolet,
1287 1414 1396 1462 quod
1416 1412 1529 1462 spiri—

272 1478 374 1519 tum,
408 1472 517 1520 quod
545 1481 675 1511 emere
705 1472 830 1510 solem
860 1481 939 1508 non
968 1479 1200 1517 possumus,
1240 1469 1349 1517 quod
1375 1468 1437 1506 hic
1465 1478 1532 1505 aer
1587 1494 1592 1512 t

273 1529 390 1567 etiam
409 1527 586 1566 delicatis
606 1525 873 1573 divitibusque
892 1535 941 1563 ex
963 1524 1083 1570 sacili,
1113 1534 1192 1562 non
1211 1528 1387 1571 emptus,
1415 1522 1530 1561 venit.
1586 1541 1588 1547 ι

275 1583 305 1620 Ο
327 1593 444 1631 quam
463 1581 580 1620 nobis
599 1581 700 1620 male
723 1585 801 1626 est,
831 1579 939 1627 quod
960 1578 1171 1627 quicquam
1199 1590 1223 1616 a
1243 1588 1373 1616 rerum
1393 1581 1532 1615 natura

232 1643 255 1676 4
274 1638 312 1676 in
346 1637 475 1676 medio
509 1637 686 1675 relictum
717 1639 797 1673 est!
842 1635 928 1673 Hoc
952 1634 1058 1682 quod
1092 1632 1158 1671 illa
1185 1632 1309 1671 fluere
1335 1637 1374 1670 et
1399 1636 1532 1680 patere

275 1692 457 1731 omnibus
476 1692 618 1738 voluit,
638 1690 750 1729 cuius
770 1689 952 1728 haustum
979 1688 1080 1726 vitae
1104 1687 1302 1735 publicum
1326 1687 1435 1734 fecit,
1456 1685 1533 1724 hoc
1584 1728 1585 1731 Ἴ

276 1747 381 1796 quod
417 1751 496 1784 tam
530 1744 677 1783 homini
711 1754 828 1793 quam
856 1744 948 1782 feris
976 1743 1196 1790 avibusque
1223 1747 1261 1780 et
1287 1741 1532 1779 inertissimis
1583 1750 1584 1777 1

275 1800 508 1840 animalibus
530 1800 567 1838 in
591 1811 705 1839 usum
724 1800 831 1846 large
852 1809 898 1836 ac
916 1798 1029 1835 beate
1045 1797 1236 1845 profudit,
1257 1801 1393 1834 contra
1412 1806 1457 1834 se
1476 1795 1528 1832 in-

275 1857 442 1905 geniosa
466 1855 622 1894 luxuria
647 1853 801 1901 redegit
827 1853 879 1890 ad
907 1853 1094 1902 pretium:
1125 1851 1226 1890 adeo
1254 1851 1307 1888 illi
1335 1850 1429 1888 nihil
1450 1850 1529 1909 pla-

276 1922 367 1950 cere
390 1914 520 1958 potest
538 1909 614 1948 nisi
633 1919 778 1947 carum.
821 1908 951 1946 Unum
979 1907 1055 1945 hoc
1075 1911 1176 1952 erat,
1207 1905 1314 1954 quod
1334 1903 1473 1942 divites
1492 1903 1529 1940 in

275 1976 447 2014 aequum
475 1964 614 2003 turbae
641 1963 871 2010 deduceret,
901 1973 979 2010 quo
1006 1972 1083 1999 non
1106 1965 1271 2008 possent
1295 1958 1530 1997 antecedere
1579 1961 1581 1975 ¹

276 2019 587 2069 pauperrimum:
622 2018 677 2056 illi
707 2018 768 2055 cui
796 2017 953 2055 divitiae
982 2017 1170 2054 molestae
1187 2018 1298 2062 sunt,
1332 2013 1529 2060 excogita-

276 2082 357 2114 tum
385 2080 463 2122 est,
498 2072 829 2121 quemadmodum
861 2072 975 2110 etiam
1009 2075 1168 2118 caperet
1194 2079 1296 2116 aqua
1324 2067 1529 2106 luxuriam.
1576 2072 1578 2119 J

236 2138 257 2171 5
278 2130 442 2178 Quando
469 2128 520 2167 ad
546 2128 624 2167 hoc
647 2131 878 2175 perventum
900 2126 967 2172 sit,
995 2131 1038 2164 ut
1055 2125 1160 2164 nulla
1180 2123 1294 2162 nobis
1314 2133 1416 2171 aqua
1435 2121 1530 2160 satis
1575 2122 1577 2176 f

277 2184 419 2233 frigida
439 2183 636 2222 videretur
655 2191 756 2230 quae
774 2180 933 2228 flueret,
961 2180 1101 2218 dicam.
1140 2178 1331 2226 Quamdiu
1350 2186 1472 2216 sanus
1495 2182 1533 2214 et
1574 2177 1580 2227 J⁴

279 2238 447 2279 salubris
474 2237 549 2277 cibi
575 2246 704 2286 capax
728 2235 953 2274 stomachus
973 2239 1034 2273 est
1051 2234 1316 2282 inpleturque,
1344 2243 1421 2270 non
1443 2241 1531 2279 pre·
1573 2240 1575 2268 ς

280 2293 415 2343 mitur,
444 2292 686 2333 naturalibus
703 2290 885 2329 fomentis
906 2294 1110 2329 contentus
1130 2293 1207 2327 est.
1238 2287 1304 2326 ubi
1325 2284 1531 2326 cotidianis
1572 2302 1573 2307 ¹
