<?xml version="1.0" encoding="UTF-8"?>
<!DOCTYPE html PUBLIC "-//W3C//DTD XHTML 1.0 Transitional//EN"
    "http://www.w3.org/TR/xhtml1/DTD/xhtml1-transitional.dtd">
<html xmlns="http://www.w3.org/1999/xhtml" xml:lang="en" lang="en">
 <head>
  <title>
</title>
<meta http-equiv="Content-Type" content="text/html;charset=utf-8" />
  <meta name='ocr-system' content='tesseract 3.04.00' />
  <meta name='ocr-capabilities' content='ocr_page ocr_carea ocr_par ocr_line ocrx_word'/>
</head>
<body>
  <div class='ocr_page' id='page_1' title='image "./operaquaesupersu01seneuoft/operaquaesupersu01seneuoft_0049.png"; bbox 0 0 1624 2626; ppageno 0'>
   <div class='ocr_carea' id='block_1_1' title="bbox 283 353 1160 522">
    <p class='ocr_par' dir='ltr' id='par_1_1' title="bbox 283 353 1160 522">
     <span class='ocr_line' id='line_1_1' title="bbox 463 353 974 412; baseline -0.004 -1"><span class='ocrx_word' id='word_1_1' title='bbox 463 358 508 411; x_wconf 76' lang='lat'><strong>¹1·</strong></span> <span class='ocrx_word' id='word_1_2' title='bbox 535 355 721 412; x_wconf 73' lang='lat' dir='ltr'><strong>ANNAEI</strong></span> <span class='ocrx_word' id='word_1_3' title='bbox 749 353 974 410; x_wconf 71' lang='lat' dir='ltr'>SENECAE</span> 
     </span>
     <span class='ocr_line' id='line_1_2' title="bbox 283 452 1160 522; baseline -0.007 -2"><span class='ocrx_word' id='word_1_4' title='bbox 283 456 769 522; x_wconf 74' lang='lat' dir='ltr'><strong>nlALOGtJRUM</strong></span> <span class='ocrx_word' id='word_1_5' title='bbox 807 453 1034 519; x_wconf 86' lang='lat' dir='ltr'><strong>LIBER</strong></span> <span class='ocrx_word' id='word_1_6' title='bbox 1072 452 1160 516; x_wconf 85' lang='grc' dir='ltr'><strong>ΙΙΙ.</strong></span> 
     </span>
    </p>
   </div>
   <div class='ocr_carea' id='block_1_2' title="bbox 572 582 861 616">
    <p class='ocr_par' dir='ltr' id='par_1_2' title="bbox 572 582 861 616">
     <span class='ocr_line' id='line_1_3' title="bbox 572 582 861 616; baseline -0.003 0"><span class='ocrx_word' id='word_1_7' title='bbox 572 584 630 616; x_wconf 87' lang='lat' dir='ltr'><strong>AD</strong></span> <span class='ocrx_word' id='word_1_8' title='bbox 652 582 861 616; x_wconf 75' lang='lat' dir='ltr'>NOVATUM</span> 
     </span>
    </p>
   </div>
   <div class='ocr_carea' id='block_1_3' title="bbox 545 651 901 775">
    <p class='ocr_par' dir='ltr' id='par_1_3' title="bbox 545 651 901 775">
     <span class='ocr_line' id='line_1_4' title="bbox 545 651 901 706; baseline -0.006 -1"><span class='ocrx_word' id='word_1_9' title='bbox 545 663 574 705; x_wconf 83' lang='lat' dir='ltr'><strong>n</strong></span> <span class='ocrx_word' id='word_1_10' title='bbox 620 661 648 706; x_wconf 73' lang='grc' dir='ltr'><strong>Ε</strong></span> <span class='ocrx_word' id='word_1_11' title='bbox 731 661 750 705; x_wconf 92' lang='lat'>1</span> <span class='ocrx_word' id='word_1_12' title='bbox 793 651 901 704; x_wconf 52' lang='grc' dir='ltr'><strong>Β]</strong></span> 
     </span>
     <span class='ocr_line' id='line_1_5' title="bbox 641 740 818 775; baseline 0 -1"><span class='ocrx_word' id='word_1_13' title='bbox 641 740 818 775; x_wconf 83' lang='lat' dir='ltr'><strong>LIBERI.</strong></span> 
     </span>
    </p>
   </div>
   <div class='ocr_carea' id='block_1_4' title="bbox 635 824 820 830">
    <p class='ocr_par' dir='ltr' id='par_1_4' title="bbox 635 824 820 830">
     <span class='ocr_line' id='line_1_6' title="bbox 635 824 820 830; baseline 0 0"><span class='ocrx_word' id='word_1_14' title='bbox 635 824 820 830; x_wconf 95' lang='lat' dir='ltr'><strong> </strong></span> 
     </span>
    </p>
   </div>
   <div class='ocr_carea' id='block_1_5' title="bbox 0 457 59 2163">
    <p class='ocr_par' dir='ltr' id='par_1_5' title="bbox 0 457 59 2163">
     <span class='ocr_line' id='line_1_7' title="bbox 0 457 17 1103; baseline 0 -56"><span class='ocrx_word' id='word_1_15' title='bbox 0 457 17 1103; x_wconf 95' lang='lat' dir='ltr'><strong>   </strong></span> 
     </span>
     <span class='ocr_line' id='line_1_8' title="bbox 0 1103 19 1265; baseline 0 -112"><span class='ocrx_word' id='word_1_16' title='bbox 0 1103 19 1265; x_wconf 95' lang='lat' dir='ltr'><strong>   </strong></span> 
     </span>
     <span class='ocr_line' id='line_1_9' title="bbox 0 1265 20 1437; baseline 0 -160"><span class='ocrx_word' id='word_1_17' title='bbox 0 1265 20 1437; x_wconf 95' lang='lat' dir='ltr'><strong>   </strong></span> 
     </span>
     <span class='ocr_line' id='line_1_10' title="bbox 5 1437 22 1601; baseline 0 -111"><span class='ocrx_word' id='word_1_18' title='bbox 5 1437 22 1601; x_wconf 95' lang='lat' dir='ltr'><strong>   </strong></span> 
     </span>
     <span class='ocr_line' id='line_1_11' title="bbox 8 1601 26 1768; baseline 0 -53"><span class='ocrx_word' id='word_1_19' title='bbox 8 1601 26 1768; x_wconf 95' lang='lat' dir='ltr'><strong>   </strong></span> 
     </span>
     <span class='ocr_line' id='line_1_12' title="bbox 9 1768 28 1993; baseline 0 -183"><span class='ocrx_word' id='word_1_20' title='bbox 9 1768 28 1993; x_wconf 95' lang='lat' dir='ltr'><strong>    </strong></span> 
     </span>
     <span class='ocr_line' id='line_1_13' title="bbox 12 1993 59 2163; baseline 0 -162"><span class='ocrx_word' id='word_1_21' title='bbox 12 1993 59 2163; x_wconf 95' lang='lat' dir='ltr'><strong>   </strong></span> 
     </span>
    </p>
   </div>
   <div class='ocr_carea' id='block_1_6' title="bbox 41 889 1458 2405">
    <p class='ocr_par' dir='ltr' id='par_1_6' title="bbox 87 889 1458 1967">
     <span class='ocr_line' id='line_1_14' title="bbox 170 889 1458 962; baseline -0.003 -9"><span class='ocrx_word' id='word_1_22' title='bbox 170 915 201 953; x_wconf 90' lang='grc' dir='ltr'><strong>Ι.</strong></span> <span class='ocrx_word' id='word_1_23' title='bbox 238 889 427 962; x_wconf 75' lang='lat' dir='ltr'>Exegisti</span> <span class='ocrx_word' id='word_1_24' title='bbox 446 922 470 950; x_wconf 83' lang='lat' dir='ltr'><strong>a</strong></span> <span class='ocrx_word' id='word_1_25' title='bbox 490 921 573 960; x_wconf 90' lang='lat' dir='ltr'><strong>me,</strong></span> <span class='ocrx_word' id='word_1_26' title='bbox 598 911 773 959; x_wconf 88' lang='lat' dir='ltr'><strong>Novate,</strong></span> <span class='ocrx_word' id='word_1_27' title='bbox 801 916 846 950; x_wconf 91' lang='lat' dir='ltr'><strong>ut</strong></span> <span class='ocrx_word' id='word_1_28' title='bbox 873 910 1092 950; x_wconf 83' lang='lat' dir='ltr'><strong>scriberem</strong></span> <span class='ocrx_word' id='word_1_29' title='bbox 1121 910 1379 960; x_wconf 87' lang='lat' dir='ltr'><strong>quemadmo</strong></span> <span class='ocrx_word' id='word_1_30' title='bbox 1399 917 1458 949; x_wconf 85' lang='lat'><strong>1-</strong></span> 
     </span>
     <span class='ocr_line' id='line_1_15' title="bbox 90 965 1381 1020; baseline -0.005 -9"><span class='ocrx_word' id='word_1_31' title='bbox 90 971 185 1011; x_wconf 91' lang='lat' dir='ltr'><strong>dum</strong></span> <span class='ocrx_word' id='word_1_32' title='bbox 217 974 359 1020; x_wconf 88' lang='lat' dir='ltr'><strong>posset</strong></span> <span class='ocrx_word' id='word_1_33' title='bbox 390 969 450 1006; x_wconf 91' lang='lat' dir='ltr'><strong>ira</strong></span> <span class='ocrx_word' id='word_1_34' title='bbox 482 967 616 1014; x_wconf 90' lang='lat' dir='ltr'><strong>leniri,</strong></span> <span class='ocrx_word' id='word_1_35' title='bbox 659 977 735 1005; x_wconf 90' lang='lat' dir='ltr'><strong>nec</strong></span> <span class='ocrx_word' id='word_1_36' title='bbox 762 966 944 1006; x_wconf 83' lang='lat' dir='ltr'><strong>inmerito</strong></span> <span class='ocrx_word' id='word_1_37' title='bbox 971 966 1067 1005; x_wconf 90' lang='lat' dir='ltr'><strong>mihi</strong></span> <span class='ocrx_word' id='word_1_38' title='bbox 1094 966 1246 1005; x_wconf 91' lang='lat' dir='ltr'><strong>videris</strong></span> <span class='ocrx_word' id='word_1_39' title='bbox 1274 965 1381 1004; x_wconf 86' lang='lat' dir='ltr'><strong>hunc</strong></span> 
     </span>
     <span class='ocr_line' id='line_1_16' title="bbox 88 1020 1380 1076; baseline -0.005 -10"><span class='ocrx_word' id='word_1_40' title='bbox 88 1026 306 1076; x_wconf 84' lang='lat' dir='ltr'><strong>praecipue</strong></span> <span class='ocrx_word' id='word_1_41' title='bbox 327 1025 526 1063; x_wconf 80' lang='lat' dir='ltr'><strong>adfectum</strong></span> <span class='ocrx_word' id='word_1_42' title='bbox 553 1022 809 1072; x_wconf 83' lang='lat' dir='ltr'><strong>pertimuisse</strong></span> <span class='ocrx_word' id='word_1_43' title='bbox 838 1022 1012 1061; x_wconf 83' lang='lat' dir='ltr'><strong>maxime</strong></span> <span class='ocrx_word' id='word_1_44' title='bbox 1040 1033 1092 1060; x_wconf 90' lang='lat' dir='ltr'><strong>ex</strong></span> <span class='ocrx_word' id='word_1_45' title='bbox 1118 1020 1304 1062; x_wconf 89' lang='lat' dir='ltr'><strong>omnibus</strong></span> <span class='ocrx_word' id='word_1_46' title='bbox 1324 1026 1380 1061; x_wconf 91' lang='lat' dir='ltr'><strong>te-</strong></span> 
     </span>
     <span class='ocr_line' id='line_1_17' title="bbox 87 1078 1382 1128; baseline -0.004 -6"><span class='ocrx_word' id='word_1_47' title='bbox 87 1088 193 1122; x_wconf 86' lang='lat' dir='ltr'><strong>trum</strong></span> <span class='ocrx_word' id='word_1_48' title='bbox 212 1092 260 1120; x_wconf 85' lang='lat' dir='ltr'><strong>ac</strong></span> <span class='ocrx_word' id='word_1_49' title='bbox 279 1080 476 1119; x_wconf 89' lang='lat' dir='ltr'><strong>rabidum.</strong></span> <span class='ocrx_word' id='word_1_50' title='bbox 523 1079 668 1117; x_wconf 86' lang='lat' dir='ltr'><strong>ceteris</strong></span> <span class='ocrx_word' id='word_1_51' title='bbox 695 1079 799 1117; x_wconf 90' lang='lat' dir='ltr'><strong>enim</strong></span> <span class='ocrx_word' id='word_1_52' title='bbox 827 1078 978 1127; x_wconf 88' lang='lat' dir='ltr'><strong>aliquid</strong></span> <span class='ocrx_word' id='word_1_53' title='bbox 1010 1078 1133 1126; x_wconf 77' lang='lat' dir='ltr'><strong>quieti</strong></span> <span class='ocrx_word' id='word_1_54' title='bbox 1151 1078 1382 1128; x_wconf 88' lang='lat' dir='ltr'><strong>placidique</strong></span> 
     </span>
     <span class='ocr_line' id='line_1_18' title="bbox 88 1133 1380 1187; baseline -0.005 -9"><span class='ocrx_word' id='word_1_55' title='bbox 88 1138 213 1187; x_wconf 86' lang='lat' dir='ltr'><strong>inest,</strong></span> <span class='ocrx_word' id='word_1_56' title='bbox 234 1137 299 1176; x_wconf 87' lang='lat' dir='ltr'><strong>hic</strong></span> <span class='ocrx_word' id='word_1_57' title='bbox 318 1140 426 1176; x_wconf 88' lang='lat' dir='ltr'><strong>totus</strong></span> <span class='ocrx_word' id='word_1_58' title='bbox 447 1135 669 1175; x_wconf 85' lang='lat' dir='ltr'><strong>concitatus</strong></span> <span class='ocrx_word' id='word_1_59' title='bbox 693 1139 733 1173; x_wconf 86' lang='lat' dir='ltr'><strong>et</strong></span> <span class='ocrx_word' id='word_1_60' title='bbox 751 1134 792 1173; x_wconf 90' lang='lat' dir='ltr'><strong>in</strong></span> <span class='ocrx_word' id='word_1_61' title='bbox 813 1134 953 1183; x_wconf 89' lang='lat' dir='ltr'><strong>inpetu</strong></span> <span class='ocrx_word' id='word_1_62' title='bbox 973 1140 1035 1173; x_wconf 92' lang='lat' dir='ltr'><strong>est</strong></span> <span class='ocrx_word' id='word_1_63' title='bbox 1055 1133 1230 1182; x_wconf 88' lang='lat' dir='ltr'><strong>doloris,</strong></span> <span class='ocrx_word' id='word_1_64' title='bbox 1250 1144 1380 1173; x_wconf 90' lang='lat' dir='ltr'><strong>armo-</strong></span> 
     </span>
     <span class='ocr_line' id='line_1_19' title="bbox 89 1190 1382 1242; baseline -0.004 -9"><span class='ocrx_word' id='word_1_65' title='bbox 89 1205 196 1242; x_wconf 84' lang='lat' dir='ltr'><strong>rum,</strong></span> <span class='ocrx_word' id='word_1_66' title='bbox 216 1193 443 1242; x_wconf 82' lang='lat' dir='ltr'><strong>sanguinis,</strong></span> <span class='ocrx_word' id='word_1_67' title='bbox 465 1191 756 1240; x_wconf 82' lang='lat' dir='ltr'><strong>suppliciorum</strong></span> <span class='ocrx_word' id='word_1_68' title='bbox 782 1190 943 1229; x_wconf 89' lang='lat' dir='ltr'><strong>minime</strong></span> <span class='ocrx_word' id='word_1_69' title='bbox 962 1190 1136 1229; x_wconf 83' lang='lat' dir='ltr'><strong>humana</strong></span> <span class='ocrx_word' id='word_1_70' title='bbox 1156 1191 1293 1228; x_wconf 82' lang='lat' dir='ltr'><strong>furens</strong></span> <span class='ocrx_word' id='word_1_71' title='bbox 1314 1201 1382 1229; x_wconf 93' lang='lat' dir='ltr'><strong>cu-</strong></span> 
     </span>
     <span class='ocr_line' id='line_1_20' title="bbox 89 1246 1381 1300; baseline -0.004 -11"><span class='ocrx_word' id='word_1_72' title='bbox 89 1250 274 1300; x_wconf 88' lang='lat' dir='ltr'><strong>piditate,</strong></span> <span class='ocrx_word' id='word_1_73' title='bbox 303 1249 396 1287; x_wconf 93' lang='lat' dir='ltr'><strong>dum</strong></span> <span class='ocrx_word' id='word_1_74' title='bbox 418 1247 532 1286; x_wconf 87' lang='lat' dir='ltr'><strong>alteri</strong></span> <span class='ocrx_word' id='word_1_75' title='bbox 550 1250 706 1293; x_wconf 87' lang='lat' dir='ltr'><strong>noceat,</strong></span> <span class='ocrx_word' id='word_1_76' title='bbox 729 1246 763 1285; x_wconf 89' lang='lat' dir='ltr'><strong>si</strong></span> <span class='ocrx_word' id='word_1_77' title='bbox 784 1247 1024 1295; x_wconf 83' lang='lat' dir='ltr'><strong>neglegens,</strong></span> <span class='ocrx_word' id='word_1_78' title='bbox 1046 1247 1085 1284; x_wconf 92' lang='lat' dir='ltr'><strong>in</strong></span> <span class='ocrx_word' id='word_1_79' title='bbox 1106 1246 1198 1295; x_wconf 86' lang='lat' dir='ltr'><strong>ipsa</strong></span> <span class='ocrx_word' id='word_1_80' title='bbox 1217 1247 1381 1284; x_wconf 90' lang='lat' dir='ltr'><strong>inruens</strong></span> 
     </span>
     <span class='ocr_line' id='line_1_21' title="bbox 88 1301 1421 1350; baseline -0.005 -5"><span class='ocrx_word' id='word_1_81' title='bbox 88 1307 169 1346; x_wconf 85' lang='lat' dir='ltr'><strong>tela</strong></span> <span class='ocrx_word' id='word_1_82' title='bbox 187 1310 227 1344; x_wconf 89' lang='lat' dir='ltr'><strong>et</strong></span> <span class='ocrx_word' id='word_1_83' title='bbox 245 1304 408 1344; x_wconf 91' lang='lat' dir='ltr'><strong>ultionis</strong></span> <span class='ocrx_word' id='word_1_84' title='bbox 428 1314 569 1343; x_wconf 89' lang='lat' dir='ltr'><strong>secum</strong></span> <span class='ocrx_word' id='word_1_85' title='bbox 597 1304 765 1342; x_wconf 91' lang='lat' dir='ltr'><strong>ultorem</strong></span> <span class='ocrx_word' id='word_1_86' title='bbox 785 1307 986 1341; x_wconf 83' lang='lat' dir='ltr'><strong>tracturae</strong></span> <span class='ocrx_word' id='word_1_87' title='bbox 1006 1302 1164 1341; x_wconf 88' lang='lat' dir='ltr'><strong>avidus.</strong></span> <span class='ocrx_word' id='word_1_88' title='bbox 1214 1301 1382 1350; x_wconf 80' lang='lat' dir='ltr'><strong>Quidam</strong></span> <span class='ocrx_word' id='word_1_89' title='bbox 1399 1306 1421 1339; x_wconf 78' lang='lat'><strong>2</strong></span> 
     </span>
     <span class='ocr_line' id='line_1_22' title="bbox 90 1357 1381 1411; baseline -0.004 -10"><span class='ocrx_word' id='word_1_90' title='bbox 90 1361 227 1411; x_wconf 84' lang='lat' dir='ltr'><strong>itaque</strong></span> <span class='ocrx_word' id='word_1_91' title='bbox 254 1371 305 1399; x_wconf 90' lang='lat' dir='ltr'><strong>ex</strong></span> <span class='ocrx_word' id='word_1_92' title='bbox 333 1360 584 1409; x_wconf 75' lang='lat' dir='ltr'><strong>sapientibus</strong></span> <span class='ocrx_word' id='word_1_93' title='bbox 613 1359 708 1397; x_wconf 88' lang='lat' dir='ltr'><strong>viris</strong></span> <span class='ocrx_word' id='word_1_94' title='bbox 736 1357 837 1397; x_wconf 82' lang='lat' dir='ltr'><strong>iram</strong></span> <span class='ocrx_word' id='word_1_95' title='bbox 865 1358 1053 1396; x_wconf 90' lang='lat' dir='ltr'><strong>dixerunt</strong></span> <span class='ocrx_word' id='word_1_96' title='bbox 1081 1358 1246 1396; x_wconf 81' lang='lat' dir='ltr'><strong>brevem</strong></span> <span class='ocrx_word' id='word_1_97' title='bbox 1274 1358 1381 1397; x_wconf 87' lang='lat' dir='ltr'><strong>insa-</strong></span> 
     </span>
     <span class='ocr_line' id='line_1_23' title="bbox 91 1414 1384 1465; baseline -0.003 -10"><span class='ocrx_word' id='word_1_98' title='bbox 91 1417 211 1455; x_wconf 82' lang='lat' dir='ltr'><strong>niam.</strong></span> <span class='ocrx_word' id='word_1_99' title='bbox 241 1427 371 1465; x_wconf 84' lang='lat' dir='ltr'><strong>aeque</strong></span> <span class='ocrx_word' id='word_1_100' title='bbox 396 1415 500 1454; x_wconf 89' lang='lat' dir='ltr'><strong>enim</strong></span> <span class='ocrx_word' id='word_1_101' title='bbox 520 1416 708 1464; x_wconf 81' lang='lat' dir='ltr'><strong>inpotens</strong></span> <span class='ocrx_word' id='word_1_102' title='bbox 729 1414 792 1453; x_wconf 88' lang='lat' dir='ltr'><strong>sui</strong></span> <span class='ocrx_word' id='word_1_103' title='bbox 812 1419 886 1462; x_wconf 88' lang='lat' dir='ltr'><strong>est,</strong></span> <span class='ocrx_word' id='word_1_104' title='bbox 906 1414 1066 1453; x_wconf 88' lang='lat' dir='ltr'><strong>decoris</strong></span> <span class='ocrx_word' id='word_1_105' title='bbox 1090 1414 1223 1462; x_wconf 86' lang='lat' dir='ltr'><strong>oblita,</strong></span> <span class='ocrx_word' id='word_1_106' title='bbox 1243 1424 1384 1452; x_wconf 86' lang='lat' dir='ltr'><strong>neces-</strong></span> 
     </span>
     <span class='ocr_line' id='line_1_24' title="bbox 92 1467 1383 1533; baseline -0.003 -22"><span class='ocrx_word' id='word_1_107' title='bbox 92 1472 310 1512; x_wconf 75' lang='lat' dir='ltr'><strong>situdInum</strong></span> <span class='ocrx_word' id='word_1_108' title='bbox 335 1467 547 1518; x_wconf 82' lang='lat' dir='ltr'><strong>inmemor,</strong></span> <span class='ocrx_word' id='word_1_109' title='bbox 576 1471 615 1509; x_wconf 92' lang='lat' dir='ltr'><strong>in</strong></span> <span class='ocrx_word' id='word_1_110' title='bbox 646 1470 757 1520; x_wconf 93' lang='lat' dir='ltr'><strong>quod</strong></span> <span class='ocrx_word' id='word_1_111' title='bbox 784 1470 919 1533; x_wconf 87' lang='lat' dir='ltr'><strong>coepit</strong></span> <span class='ocrx_word' id='word_1_112' title='bbox 947 1470 1128 1519; x_wconf 72' lang='lat' dir='ltr'><strong>pertinax</strong></span> <span class='ocrx_word' id='word_1_113' title='bbox 1157 1475 1197 1508; x_wconf 90' lang='lat' dir='ltr'><strong>et</strong></span> <span class='ocrx_word' id='word_1_114' title='bbox 1222 1470 1383 1516; x_wconf 87' lang='lat' dir='ltr'><strong>intenta,</strong></span> 
     </span>
     <span class='ocr_line' id='line_1_25' title="bbox 91 1525 1382 1590; baseline -0.002 -24"><span class='ocrx_word' id='word_1_115' title='bbox 91 1528 236 1567; x_wconf 89' lang='lat' dir='ltr'><strong>rationi</strong></span> <span class='ocrx_word' id='word_1_116' title='bbox 257 1527 516 1590; x_wconf 80' lang='lat' dir='ltr'><strong>consiliisque</strong></span> <span class='ocrx_word' id='word_1_117' title='bbox 536 1527 760 1589; x_wconf 85' lang='lat' dir='ltr'><strong>praeclusa,</strong></span> <span class='ocrx_word' id='word_1_118' title='bbox 773 1527 896 1565; x_wconf 55' lang='lat' dir='ltr'><strong>vanis</strong></span> <span class='ocrx_word' id='word_1_119' title='bbox 917 1526 1064 1575; x_wconf 82' lang='lat' dir='ltr'><strong>agitata</strong></span> <span class='ocrx_word' id='word_1_120' title='bbox 1084 1526 1231 1573; x_wconf 81' lang='lat' dir='ltr'><strong>causis,</strong></span> <span class='ocrx_word' id='word_1_121' title='bbox 1253 1525 1304 1564; x_wconf 81' lang='lat' dir='ltr'><strong>ad</strong></span> <span class='ocrx_word' id='word_1_122' title='bbox 1326 1525 1382 1563; x_wconf 89' lang='lat' dir='ltr'><strong>di-</strong></span> 
     </span>
     <span class='ocr_line' id='line_1_26' title="bbox 94 1581 1383 1636; baseline -0.003 -14"><span class='ocrx_word' id='word_1_123' title='bbox 94 1589 278 1633; x_wconf 77' lang='lat' dir='ltr'><strong>spectum</strong></span> <span class='ocrx_word' id='word_1_124' title='bbox 311 1582 432 1636; x_wconf 87' lang='lat' dir='ltr'><strong>aequi</strong></span> <span class='ocrx_word' id='word_1_125' title='bbox 464 1583 631 1631; x_wconf 87' lang='lat' dir='ltr'><strong>verique</strong></span> <span class='ocrx_word' id='word_1_126' title='bbox 654 1582 861 1630; x_wconf 85' lang='lat' dir='ltr'><strong>inhabilis,</strong></span> <span class='ocrx_word' id='word_1_127' title='bbox 889 1582 1014 1620; x_wconf 89' lang='lat' dir='ltr'><strong>ruinis</strong></span> <span class='ocrx_word' id='word_1_128' title='bbox 1037 1581 1254 1629; x_wconf 85' lang='lat' dir='ltr'><strong>simillima,</strong></span> <span class='ocrx_word' id='word_1_129' title='bbox 1278 1591 1383 1630; x_wconf 88' lang='lat' dir='ltr'><strong>quae</strong></span> 
     </span>
     <span class='ocr_line' id='line_1_27' title="bbox 93 1633 1421 1700; baseline -0.001 -22"><span class='ocrx_word' id='word_1_130' title='bbox 93 1650 218 1688; x_wconf 88' lang='lat' dir='ltr'><strong>super</strong></span> <span class='ocrx_word' id='word_1_131' title='bbox 246 1638 290 1677; x_wconf 89' lang='lat' dir='ltr'><strong>id</strong></span> <span class='ocrx_word' id='word_1_132' title='bbox 326 1638 436 1687; x_wconf 88' lang='lat' dir='ltr'><strong>quod</strong></span> <span class='ocrx_word' id='word_1_133' title='bbox 470 1648 712 1700; x_wconf 86' lang='lat' dir='ltr'><strong>oppressere</strong></span> <span class='ocrx_word' id='word_1_134' title='bbox 742 1633 988 1687; x_wconf 73' lang='lat' dir='ltr'><strong>franguntur</strong></span> <span class='ocrx_word' id='word_1_135' title='bbox 1035 1638 1088 1676; x_wconf 89' lang='lat' dir='ltr'><strong>Ut</strong></span> <span class='ocrx_word' id='word_1_136' title='bbox 1116 1637 1223 1676; x_wconf 83' lang='lat' dir='ltr'><strong>scias</strong></span> <span class='ocrx_word' id='word_1_137' title='bbox 1252 1641 1421 1677; x_wconf 85' lang='lat' dir='ltr'><strong>autem3</strong></span> 
     </span>
     <span class='ocr_line' id='line_1_28' title="bbox 93 1693 1384 1743; baseline -0.003 -9"><span class='ocrx_word' id='word_1_138' title='bbox 93 1706 175 1735; x_wconf 92' lang='lat' dir='ltr'><strong>non</strong></span> <span class='ocrx_word' id='word_1_139' title='bbox 192 1705 286 1734; x_wconf 90' lang='lat' dir='ltr'><strong>esse</strong></span> <span class='ocrx_word' id='word_1_140' title='bbox 306 1705 430 1734; x_wconf 85' lang='lat' dir='ltr'><strong>sanos</strong></span> <span class='ocrx_word' id='word_1_141' title='bbox 452 1705 556 1743; x_wconf 90' lang='lat' dir='ltr'><strong>quos</strong></span> <span class='ocrx_word' id='word_1_142' title='bbox 578 1693 636 1732; x_wconf 83' lang='lat' dir='ltr'><strong>ira</strong></span> <span class='ocrx_word' id='word_1_143' title='bbox 656 1694 857 1742; x_wconf 86' lang='lat' dir='ltr'><strong>possedit,</strong></span> <span class='ocrx_word' id='word_1_144' title='bbox 879 1693 1014 1742; x_wconf 89' lang='lat' dir='ltr'><strong>ipsum</strong></span> <span class='ocrx_word' id='word_1_145' title='bbox 1028 1693 1188 1732; x_wconf 90' lang='lat' dir='ltr'><strong>illorum</strong></span> <span class='ocrx_word' id='word_1_146' title='bbox 1207 1693 1384 1732; x_wconf 89' lang='lat' dir='ltr'><strong>habitum</strong></span> 
     </span>
     <span class='ocr_line' id='line_1_29' title="bbox 93 1749 1386 1797; baseline -0.002 -7"><span class='ocrx_word' id='word_1_147' title='bbox 93 1753 262 1790; x_wconf 87' lang='lat' dir='ltr'><strong>intuere.</strong></span> <span class='ocrx_word' id='word_1_148' title='bbox 306 1761 398 1789; x_wconf 89' lang='lat' dir='ltr'><strong>nam</strong></span> <span class='ocrx_word' id='word_1_149' title='bbox 428 1754 472 1789; x_wconf 93' lang='lat' dir='ltr'><strong>ut</strong></span> <span class='ocrx_word' id='word_1_150' title='bbox 499 1750 708 1788; x_wconf 81' lang='lat' dir='ltr'><strong>furentium</strong></span> <span class='ocrx_word' id='word_1_151' title='bbox 731 1755 840 1788; x_wconf 89' lang='lat' dir='ltr'><strong>certa</strong></span> <span class='ocrx_word' id='word_1_152' title='bbox 866 1750 1013 1789; x_wconf 88' lang='lat' dir='ltr'><strong>indicia</strong></span> <span class='ocrx_word' id='word_1_153' title='bbox 1037 1754 1151 1797; x_wconf 83' lang='lat' dir='ltr'><strong>sunt,</strong></span> <span class='ocrx_word' id='word_1_154' title='bbox 1185 1749 1319 1788; x_wconf 88' lang='lat' dir='ltr'><strong>audax</strong></span> <span class='ocrx_word' id='word_1_155' title='bbox 1347 1754 1386 1787; x_wconf 88' lang='lat' dir='ltr'><strong>et</strong></span> 
     </span>
     <span class='ocr_line' id='line_1_30' title="bbox 93 1805 1384 1854; baseline -0.004 -8"><span class='ocrx_word' id='word_1_156' title='bbox 93 1807 230 1846; x_wconf 86' lang='lat' dir='ltr'><strong>minax</strong></span> <span class='ocrx_word' id='word_1_157' title='bbox 248 1808 403 1854; x_wconf 88' lang='lat' dir='ltr'><strong>voltus,</strong></span> <span class='ocrx_word' id='word_1_158' title='bbox 431 1805 556 1844; x_wconf 89' lang='lat' dir='ltr'><strong>tristis</strong></span> <span class='ocrx_word' id='word_1_159' title='bbox 584 1805 715 1853; x_wconf 84' lang='lat' dir='ltr'><strong>frons,</strong></span> <span class='ocrx_word' id='word_1_160' title='bbox 744 1810 858 1844; x_wconf 84' lang='lat' dir='ltr'><strong>torva</strong></span> <span class='ocrx_word' id='word_1_161' title='bbox 883 1806 1028 1854; x_wconf 81' lang='lat' dir='ltr'><strong>facies,</strong></span> <span class='ocrx_word' id='word_1_162' title='bbox 1057 1806 1200 1844; x_wconf 82' lang='lat' dir='ltr'><strong>citatus</strong></span> <span class='ocrx_word' id='word_1_163' title='bbox 1222 1805 1384 1853; x_wconf 83' lang='lat' dir='ltr'><strong>gradus,</strong></span> 
     </span>
     <span class='ocr_line' id='line_1_31' title="bbox 94 1860 1385 1913; baseline -0.005 -10"><span class='ocrx_word' id='word_1_164' title='bbox 94 1864 298 1913; x_wconf 81' lang='lat' dir='ltr'><strong>inquietae</strong></span> <span class='ocrx_word' id='word_1_165' title='bbox 333 1873 497 1909; x_wconf 84' lang='lat' dir='ltr'><strong>manus,</strong></span> <span class='ocrx_word' id='word_1_166' title='bbox 533 1861 645 1901; x_wconf 90' lang='lat' dir='ltr'><strong>color</strong></span> <span class='ocrx_word' id='word_1_167' title='bbox 662 1871 829 1908; x_wconf 84' lang='lat' dir='ltr'><strong>versus,</strong></span> <span class='ocrx_word' id='word_1_168' title='bbox 864 1861 1005 1900; x_wconf 86' lang='lat' dir='ltr'><strong>crebra</strong></span> <span class='ocrx_word' id='word_1_169' title='bbox 1038 1865 1077 1899; x_wconf 79' lang='lat' dir='ltr'><strong>et</strong></span> <span class='ocrx_word' id='word_1_170' title='bbox 1108 1860 1385 1899; x_wconf 76' lang='lat' dir='ltr'><strong>vehementius</strong></span> 
     </span>
     <span class='ocr_line' id='line_1_32' title="bbox 95 1915 1422 1967; baseline -0.002 -8"><span class='ocrx_word' id='word_1_171' title='bbox 95 1924 186 1959; x_wconf 87' lang='lat' dir='ltr'><strong>acta</strong></span> <span class='ocrx_word' id='word_1_172' title='bbox 205 1917 400 1967; x_wconf 80' lang='lat' dir='ltr'><strong>suspiria,</strong></span> <span class='ocrx_word' id='word_1_173' title='bbox 422 1917 477 1956; x_wconf 88' lang='lat' dir='ltr'><strong>ita</strong></span> <span class='ocrx_word' id='word_1_174' title='bbox 497 1916 752 1955; x_wconf 85' lang='lat' dir='ltr'><strong>irascentium</strong></span> <span class='ocrx_word' id='word_1_175' title='bbox 770 1916 911 1955; x_wconf 87' lang='lat' dir='ltr'><strong>eadem</strong></span> <span class='ocrx_word' id='word_1_176' title='bbox 931 1918 1047 1966; x_wconf 81' lang='lat' dir='ltr'><strong>signa</strong></span> <span class='ocrx_word' id='word_1_177' title='bbox 1063 1921 1174 1954; x_wconf 88' lang='lat' dir='ltr'><strong>sunt:</strong></span> <span class='ocrx_word' id='word_1_178' title='bbox 1215 1915 1385 1963; x_wconf 84' lang='lat' dir='ltr'><strong>flagrant</strong></span> <span class='ocrx_word' id='word_1_179' title='bbox 1399 1924 1422 1957; x_wconf 68' lang='grc' dir='ltr'><strong>-ι</strong></span> 
     </span>
    </p>

    <p class='ocr_par' dir='ltr' id='par_1_7' title="bbox 33 1971 1384 2080">
     <span class='ocr_line' id='line_1_33' title="bbox 97 1971 1384 2021; baseline -0.004 -7.237"><span class='ocrx_word' id='word_1_180' title='bbox 97 1986 145 2015; x_wconf 89' lang='lat' dir='ltr'><strong>ac</strong></span> <span class='ocrx_word' id='word_1_181' title='bbox 178 1974 325 2013; x_wconf 79' lang='lat' dir='ltr'><strong>micant</strong></span> <span class='ocrx_word' id='word_1_182' title='bbox 358 1973 482 2021; x_wconf 92' lang='lat' dir='ltr'><strong>oculi,</strong></span> <span class='ocrx_word' id='word_1_183' title='bbox 514 1973 662 2011; x_wconf 86' lang='lat' dir='ltr'><strong>multus</strong></span> <span class='ocrx_word' id='word_1_184' title='bbox 689 1983 758 2011; x_wconf 90' lang='lat' dir='ltr'><strong>ore</strong></span> <span class='ocrx_word' id='word_1_185' title='bbox 785 1977 868 2012; x_wconf 92' lang='lat' dir='ltr'><strong>toto</strong></span> <span class='ocrx_word' id='word_1_186' title='bbox 895 1972 1021 2012; x_wconf 89' lang='lat' dir='ltr'><strong>rubor</strong></span> <span class='ocrx_word' id='word_1_187' title='bbox 1047 1976 1308 2010; x_wconf 86' lang='lat' dir='ltr'><strong>exaestuante</strong></span> <span class='ocrx_word' id='word_1_188' title='bbox 1335 1971 1384 2010; x_wconf 85' lang='lat' dir='ltr'><strong>ab</strong></span> 
     </span>
     <span class='ocr_line' id='line_1_34' title="bbox 41 2027 1383 2080; baseline -0.003 -10"><span class='ocrx_word' id='word_1_189' title='bbox 41 2032 46 2038; x_wconf 81' lang='grc'><em>”</em></span> <span class='ocrx_word' id='word_1_190' title='bbox 69 2074 77 2079; x_wconf 60' lang='lat'><strong>,</strong></span> <span class='ocrx_word' id='word_1_191' title='bbox 96 2032 186 2071; x_wconf 90' lang='lat' dir='ltr'><strong>imis</strong></span> <span class='ocrx_word' id='word_1_192' title='bbox 207 2030 454 2080; x_wconf 86' lang='lat' dir='ltr'><strong>praecordiis</strong></span> <span class='ocrx_word' id='word_1_193' title='bbox 475 2039 574 2077; x_wconf 83' lang='lat' dir='ltr'><strong>sang</strong></span> <span class='ocrx_word' id='word_1_194' title='bbox 578 2028 681 2067; x_wconf 89' lang='lat' dir='ltr'><strong>uine.</strong></span> <span class='ocrx_word' id='word_1_195' title='bbox 727 2027 839 2067; x_wconf 83' lang='lat' dir='ltr'><strong>labra</strong></span> <span class='ocrx_word' id='word_1_196' title='bbox 858 2029 1107 2077; x_wconf 84' lang='lat' dir='ltr'><strong>quatiuntur,</strong></span> <span class='ocrx_word' id='word_1_197' title='bbox 1129 2027 1269 2066; x_wconf 89' lang='lat' dir='ltr'><strong>dentes</strong></span> <span class='ocrx_word' id='word_1_198' title='bbox 1290 2038 1383 2066; x_wconf 92' lang='lat' dir='ltr'><strong>con-</strong></span> 
     </span>
    </p>

    <p class='ocr_par' dir='ltr' id='par_1_8' title="bbox 96 2082 1401 2360">
     <span class='ocr_line' id='line_1_35' title="bbox 96 2082 1384 2137; baseline -0.003 -11"><span class='ocrx_word' id='word_1_199' title='bbox 96 2087 330 2137; x_wconf 88' lang='lat' dir='ltr'><strong>primuntur,</strong></span> <span class='ocrx_word' id='word_1_200' title='bbox 350 2085 515 2125; x_wconf 87' lang='lat' dir='ltr'><strong>horrent</strong></span> <span class='ocrx_word' id='word_1_201' title='bbox 532 2095 579 2123; x_wconf 91' lang='lat' dir='ltr'><strong>ac</strong></span> <span class='ocrx_word' id='word_1_202' title='bbox 599 2084 856 2132; x_wconf 82' lang='lat' dir='ltr'><strong>subriguntur</strong></span> <span class='ocrx_word' id='word_1_203' title='bbox 875 2084 1019 2133; x_wconf 89' lang='lat' dir='ltr'><strong>capilli,</strong></span> <span class='ocrx_word' id='word_1_204' title='bbox 1039 2082 1202 2131; x_wconf 87' lang='lat' dir='ltr'><strong>spiritus</strong></span> <span class='ocrx_word' id='word_1_205' title='bbox 1218 2088 1384 2122; x_wconf 88' lang='lat' dir='ltr'><strong>coactus</strong></span> 
     </span>
     <span class='ocr_line' id='line_1_36' title="bbox 99 2138 1382 2189; baseline -0.003 -7"><span class='ocrx_word' id='word_1_206' title='bbox 99 2154 148 2182; x_wconf 82' lang='lat' dir='ltr'><strong>ac</strong></span> <span class='ocrx_word' id='word_1_207' title='bbox 168 2143 363 2189; x_wconf 83' lang='lat' dir='ltr'><strong>stridens,</strong></span> <span class='ocrx_word' id='word_1_208' title='bbox 382 2142 636 2180; x_wconf 88' lang='lat' dir='ltr'><strong>articulorum</strong></span> <span class='ocrx_word' id='word_1_209' title='bbox 657 2151 702 2178; x_wconf 89' lang='lat' dir='ltr'><strong>se</strong></span> <span class='ocrx_word' id='word_1_210' title='bbox 721 2140 836 2189; x_wconf 85' lang='lat' dir='ltr'><strong>ipsos</strong></span> <span class='ocrx_word' id='word_1_211' title='bbox 855 2138 1126 2189; x_wconf 84' lang='lat' dir='ltr'><strong>torquentium</strong></span> <span class='ocrx_word' id='word_1_212' title='bbox 1146 2150 1293 2187; x_wconf 89' lang='lat' dir='ltr'><strong>sonus,</strong></span> <span class='ocrx_word' id='word_1_213' title='bbox 1315 2150 1382 2188; x_wconf 83' lang='lat' dir='ltr'><strong>ge-</strong></span> 
     </span>
     <span class='ocr_line' id='line_1_37' title="bbox 99 2194 1401 2246; baseline -0.004 -8"><span class='ocrx_word' id='word_1_214' title='bbox 99 2199 218 2238; x_wconf 88' lang='lat' dir='ltr'><strong>mitus</strong></span> <span class='ocrx_word' id='word_1_215' title='bbox 249 2198 506 2246; x_wconf 84' lang='lat' dir='ltr'><strong>mugitusque</strong></span> <span class='ocrx_word' id='word_1_216' title='bbox 539 2202 579 2235; x_wconf 90' lang='lat' dir='ltr'><strong>et</strong></span> <span class='ocrx_word' id='word_1_217' title='bbox 611 2207 755 2245; x_wconf 86' lang='lat' dir='ltr'><strong>parum</strong></span> <span class='ocrx_word' id='word_1_218' title='bbox 789 2195 1014 2244; x_wconf 86' lang='lat' dir='ltr'><strong>explanatis</strong></span> <span class='ocrx_word' id='word_1_219' title='bbox 1048 2194 1216 2234; x_wconf 88' lang='lat' dir='ltr'><strong>vocibus</strong></span> <span class='ocrx_word' id='word_1_220' title='bbox 1251 2196 1401 2234; x_wconf 73' lang='lat' dir='ltr'><strong>sermo‘</strong></span> 
     </span>
     <span class='ocr_line' id='line_1_38' title="bbox 99 2251 1384 2304; baseline -0.003 -11"><span class='ocrx_word' id='word_1_221' title='bbox 99 2258 343 2304; x_wconf 88' lang='lat' dir='ltr'><strong>praeruptus</strong></span> <span class='ocrx_word' id='word_1_222' title='bbox 364 2259 403 2294; x_wconf 90' lang='lat' dir='ltr'><strong>et</strong></span> <span class='ocrx_word' id='word_1_223' title='bbox 421 2254 641 2303; x_wconf 88' lang='lat' dir='ltr'><strong>conplosae</strong></span> <span class='ocrx_word' id='word_1_224' title='bbox 660 2252 825 2301; x_wconf 86' lang='lat' dir='ltr'><strong>saepius</strong></span> <span class='ocrx_word' id='word_1_225' title='bbox 844 2262 986 2291; x_wconf 83' lang='lat' dir='ltr'><strong>manus</strong></span> <span class='ocrx_word' id='word_1_226' title='bbox 1006 2256 1045 2291; x_wconf 92' lang='lat' dir='ltr'><strong>et</strong></span> <span class='ocrx_word' id='word_1_227' title='bbox 1062 2251 1222 2300; x_wconf 82' lang='lat' dir='ltr'><strong>pulsata</strong></span> <span class='ocrx_word' id='word_1_228' title='bbox 1239 2251 1384 2290; x_wconf 90' lang='lat' dir='ltr'><strong>humus</strong></span> 
     </span>
     <span class='ocr_line' id='line_1_39' title="bbox 100 2307 1385 2360; baseline -0.004 -10"><span class='ocrx_word' id='word_1_229' title='bbox 100 2310 272 2360; x_wconf 85' lang='lat' dir='ltr'><strong>pedibus</strong></span> <span class='ocrx_word' id='word_1_230' title='bbox 293 2315 333 2350; x_wconf 88' lang='lat' dir='ltr'><strong>et</strong></span> <span class='ocrx_word' id='word_1_231' title='bbox 350 2314 476 2350; x_wconf 89' lang='lat' dir='ltr'><strong>totum</strong></span> <span class='ocrx_word' id='word_1_232' title='bbox 495 2309 694 2350; x_wconf 88' lang='lat' dir='ltr'><strong>concitum</strong></span> <span class='ocrx_word' id='word_1_233' title='bbox 715 2318 864 2358; x_wconf 89' lang='lat' dir='ltr'><strong>corpus</strong></span> <span class='ocrx_word' id='word_1_234' title='bbox 884 2317 1134 2358; x_wconf 81' lang='lat' dir='ltr'><strong>magnasque</strong></span> <span class='ocrx_word' id='word_1_235' title='bbox 1154 2307 1236 2347; x_wconf 87' lang='lat' dir='ltr'><strong>irae</strong></span> <span class='ocrx_word' id='word_1_236' title='bbox 1256 2308 1385 2346; x_wconf 88' lang='lat' dir='ltr'><strong>minas</strong></span> 
     </span>
    </p>

    <p class='ocr_par' dir='ltr' id='par_1_9' title="bbox 1114 2363 1167 2405">
     <span class='ocr_line' id='line_1_40' title="bbox 1114 2363 1167 2405; baseline 0 -17"><span class='ocrx_word' id='word_1_237' title='bbox 1114 2363 1167 2405; x_wconf 76' lang='lat'><strong>3*</strong></span> 
     </span>
    </p>
   </div>
  </div>
 </body>
</html>
