1592 2580
245 159 324 202 278
644 162 686 199 L.
715 161 903 200 ANNAEI
932 161 1155 200 SENECAE

205 269 226 304 6
245 259 406 299 liberius
434 259 552 299 undis
580 263 735 298 vacant.
779 270 879 307 quas
910 259 1005 308 quid
1026 264 1133 300 vetat
1159 260 1235 298 illic
1256 259 1446 300 fluctuare
1466 267 1504 301 et

245 315 392 362 ventis,
426 325 529 362 quos
563 325 679 353 omne
712 314 957 352 intervallum
986 319 1173 353 terrarum
1205 320 1244 353 et
1274 316 1401 354 omnis
1435 326 1503 354 aer

246 374 371 415 creat,
391 369 553 417 inpelli?
581 373 713 417 potest
731 378 826 416 ergo
847 371 972 407 maior
991 368 1107 408 solito
1128 374 1265 407 exorta
1285 375 1501 418 tempestas

246 423 416 472 aliquam
446 428 598 471 partem
625 429 816 462 terrarum
837 423 1033 471 inpulsam
1052 423 1321 463 vehementius
1342 434 1500 463 conmo-

244 487 351 515 vere.
390 489 481 516 nam
509 478 614 526 apud
642 489 716 516 nos
737 488 898 526 quoque
916 478 1054 522 multa,
1084 488 1186 526 quae
1206 479 1343 526 procul
1363 489 1387 517 a
1406 480 1502 516 mari

245 532 418 578 fuerant,
455 533 585 571 subito
613 533 698 571 eius
725 542 893 571 accessu
928 532 1215 579 vapulaverunt
1247 537 1286 571 et
1315 533 1429 571 villas
1461 534 1500 571 in

243 592 461 635 prospectu
487 588 715 626 conlocatas
742 586 906 633 fluctus,
942 585 1009 634 qui
1028 587 1144 634 longe
1163 586 1409 634 audiebatur,
1444 588 1500 626 in·

243 642 359 680 vasit.
396 642 479 680 Illic
500 652 661 690 quoque
682 646 814 689 potest
838 641 1026 679 recedere
1045 651 1091 679 ac
1111 651 1316 689 resurgere
1334 642 1501 690 pelagus

245 695 459 742 infernum,
482 707 649 744 quorum
665 702 842 735 neutrum
862 696 904 734 fit
923 696 1009 734 sine
1028 700 1135 734 motu
1155 696 1501 743 superstantium.“

206 760 223 791 1
324 750 428 789 VlII.
472 750 559 789 Non
588 751 746 798 quidem
774 750 955 788 existimo
984 749 1051 788 diu
1076 755 1115 788 te
1141 749 1421 788 haesitaturum
1449 761 1499 788 an

246 805 387 844 credas
415 815 506 844 esse
533 805 814 843 subterraneos
843 815 978 843 amnes
1002 809 1040 843 et
1071 814 1178 842 mare
1206 804 1500 843 absconditum:

244 859 352 898 unde
383 859 488 898 enim
514 860 591 898 ista
624 864 860 908 prorepunt,
892 860 997 898 unde
1028 859 1080 897 ad
1112 869 1186 897 nos
1220 859 1399 906 veniunt,
1424 858 1501 897 nisi

203 922 225 954 2
246 914 353 963 quod
380 914 492 961 origo
519 914 694 953 humoris
714 915 866 952 inclusa
886 917 973 952 est?
999 914 1105 961 Age,
1140 923 1228 952 cum
1253 913 1499 966 vides'inter-

243 974 400 1017 ruptum
418 969 561 1016 Tigrim
586 968 626 1007 in
646 969 776 1008 medio
793 969 931 1007 itinere
957 968 1097 1006 siccari
1117 972 1154 1006 et
1172 978 1250 1006 non
1271 968 1501 1007 universum

245 1023 386 1071 averti,
415 1024 488 1061 sed
508 1024 693 1072 paulatim
712 1034 791 1062 non
812 1023 1093 1071 adparentibus
1111 1022 1264 1061 damnis
1283 1023 1402 1061 mInui
1422 1022 1500 1070 pri-

244 1089 369 1125 mum,
398 1078 541 1116 deinde
561 1077 760 1125 consumi,
790 1087 870 1126 quo
886 1078 991 1115 illum
1013 1082 1128 1126 putas
1150 1077 1258 1115 abire
1277 1076 1352 1115 nisi
1371 1077 1409 1114 in
1431 1077 1496 1115 ob-

244 1143 362 1170 scura
380 1137 589 1181 terrarum,
615 1133 751 1180 utique
773 1142 862 1170 cum
884 1132 1022 1170 videas
1043 1141 1244 1179 emergere
1262 1132 1401 1171 iterum
1421 1142 1500 1170 non

244 1187 432 1225 minorem
449 1197 515 1234 eo,
536 1188 602 1235 qui
621 1188 727 1235 prior
742 1186 938 1225 fluxerat?
958 1186 1057 1233 Quid
1073 1196 1161 1225 cum
1175 1186 1288 1224 vides
1303 1185 1500 1234 Alpheon,

246 1241 483 1279 celebratum
513 1241 663 1289 poetis,
693 1241 730 1278 in
759 1240 911 1278 Achaia
940 1239 1063 1287 mergi
1089 1244 1128 1278 et
1151 1239 1190 1277 in
1211 1239 1345 1278 Sicilia
1362 1250 1500 1278 rursus

244 1295 457 1334 transiecto
477 1296 574 1333 mari
595 1295 798 1333 effundere
817 1294 1138 1333 amoenissimum
1165 1294 1311 1332 sontem
1332 1294 1498 1332 Arethu—

207 1352 358 1388 3sam2
397 1350 535 1388 Nescis
567 1354 697 1387 autem
730 1349 830 1387 inter
863 1347 1091 1396 opiniones,
1123 1348 1265 1396 quibus
1297 1353 1500 1386 enarratur

243 1404 317 1442 Nili
339 1404 490 1442 aestiva
512 1404 736 1450 inundatio,
764 1408 802 1442 et
819 1403 921 1441 hanc
941 1412 1055 1449 esse,
1083 1413 1106 1440 a
1126 1407 1229 1440 terra
1247 1403 1354 1440 illum
1373 1413 1498 1440 erum-

244 1469 340 1506 pere
368 1464 406 1497 et
427 1458 561 1506 augeri
586 1469 664 1496 non
688 1456 872 1506 supernis
891 1457 1026 1505 aquiS‚
1051 1457 1123 1495 sed
1149 1467 1198 1494 ex
1218 1457 1351 1495 intimo
1369 1457 1499 1495 reddi-

243 1514 322 1552 tis?
357 1512 441 1561 Ego
466 1513 624 1561 quidem
652 1512 903 1551 centuriones
932 1511 1054 1559 duos,
1083 1522 1185 1559 quos
1211 1512 1314 1550 Nero
1343 1511 1499 1559 Caesar,

243 1572 286 1606 ut
312 1567 472 1606 aliarum
501 1567 682 1606 virtutum
712 1568 764 1606 ita
789 1566 963 1604 veritatis
980 1566 1019 1604 in
1038 1565 1175 1614 primis
1195 1566 1499 1612 amantissimus,

245 1623 294 1660 ad
323 1622 638 1670 investigandum
674 1627 794 1670 caput
818 1620 893 1659 Nili
923 1621 1100 1667 miserat,
1134 1620 1265 1659 audivi
1295 1625 1498 1658 narrantes

243 1678 404 1725 longum
429 1677 519 1715 illos
547 1677 619 1716 iter
646 1675 869 1725 peregisse,
903 1685 991 1713 cum
1017 1686 1040 1713 a
1064 1685 1158 1723 rege
1181 1675 1415 1723 Aethiopiae
1442 1674 1499 1712 in-

245 1732 381 1770 structi
413 1731 558 1770 auxilio
593 1730 935 1778 commendatique
962 1729 1153 1778 proximis
1185 1730 1346 1778 regibus
1378 1738 1498 1777 pene-

202 1784 225 1818 4
244 1790 416 1824 trassent
428 1785 486 1825 ad
505 1786 702 1824 ulteriora.
725 1786 829 1835 ,‚[Et]
852 1785 1029 1832 quidem,
1048 1783 1225 1831 aiebant,
1246 1783 1498 1832 pervenimus

245 1841 296 1879 ad
311 1841 510 1879 inmensas
539 1841 727 1889 paludes,
757 1849 922 1887 quarum
942 1839 1087 1877 exitum
1107 1849 1180 1877 nec
1199 1838 1352 1877 incolae
1378 1847 1497 1875 nove-

243 1900 332 1934 rant
356 1905 430 1933 nec
460 1905 622 1943 sperare
649 1894 859 1942 quisquam
885 1897 1035 1942 potest:
1070 1892 1124 1932 ita
1149 1893 1358 1941 inplicatae
1382 1890 1497 1939 aquis

243 1950 391 1988 herbae
418 1955 509 1988 sunt
534 1955 572 1988 et
597 1959 725 1997 aquae
752 1959 882 1996 neque
910 1948 1029 1996 pediti
1050 1948 1276 1986 eluctabiles
1297 1957 1369 1985 nec
1388 1945 1496 1983 navi-

244 2004 329 2052 gio,
366 2005 471 2052 quod
499 2004 575 2042 nisi
600 2014 764 2052 parvum
791 2008 830 2041 et
855 2003 971 2041 unius
999 2013 1127 2050 capax
1153 2002 1293 2040 limosa
1312 2006 1350 2040 et
1369 2000 1499 2038 obsita

247 2059 359 2105 palus
393 2069 471 2097 non
489 2059 598 2097 ferat.
641 2058 718 2105 Ibi,
753 2057 896 2106 inquit,
931 2057 1099 2095 vidimus
1128 2056 1227 2094 duas
1261 2059 1412 2104 petras,
1446 2064 1497 2092 ex

204 2118 224 2150 5
249 2112 392 2159 quibus
419 2114 558 2161 ingens
585 2111 647 2151 vis
672 2112 843 2151 fluminis
871 2112 1119 2151 excidebat.“
1161 2110 1239 2149 Sed
1268 2110 1352 2147 sive
1379 2113 1498 2156 caput

244 2168 309 2205 illa
327 2168 413 2206 sive
432 2166 612 2206 accessio
633 2171 694 2206 est
710 2167 802 2212 Nili,
831 2167 915 2205 sive
941 2171 1034 2205 tunc
1063 2166 1234 2204 nascitur
1261 2165 1344 2202 sive
1363 2164 1400 2202 in
1419 2168 1494 2201 ter-

244 2231 310 2259 ras
332 2232 382 2260 ex
405 2221 537 2270 priore
555 2227 717 2271 recepta
744 2232 863 2260 cursu
879 2221 1000 2260 redit:
1023 2229 1154 2260 nonne
1175 2225 1213 2258 tu
1231 2218 1359 2257 credis
1378 2219 1502 2261 inam,

246 2275 438 2324 quicquid
474 2281 557 2323 est,
600 2287 651 2315 ex
694 2286 837 2325 magno
871 2281 1061 2315 terrarum
1099 2274 1188 2312 lacu
1231 2273 1497 2312 adscendere?
