1592 2580
258 182 443 223 NATUR.
465 181 678 232 QUAEST.
707 182 801 221 LIB.
817 181 903 221 V11.
933 186 1107 223 27-30-
1246 179 1328 222 315

154 287 194 324 in
212 285 313 324 sicco
331 284 471 323 ludunt
484 283 638 331 fulicae
655 287 839 331 notasque
855 282 1022 331 paludes

153 341 298 379 deserit
313 344 428 389 alque
447 342 568 378 altam
585 350 709 388 supra
728 340 830 377 volat
848 339 974 376 ardea
993 337 1142 384 nubem,

43 396 116 436 sed
136 395 215 443 sic,
239 395 444 444 quomodo
465 394 762 444 aequinoctium
782 393 821 432 in
843 394 1015 432 calorem
1033 393 1241 442 frigusque
1256 392 1327 431 sse-

43 451 184 491 ctentis
212 452 324 498 anni,
356 450 561 500 quomodo
587 449 670 498 illa,
700 460 805 498 quae
829 448 1017 487 Chaldaei
1028 453 1203 504 canunt,
1231 448 1327 497 quid

41 508 155 546 stella
175 506 435 546 nascentibus
452 507 562 546 triste
577 506 775 544 laetumve
791 505 1016 549 constituat,
1061 504 1148 543 Hoc
1163 509 1206 543 ut
1219 506 1326 543 scias
1343 508 1364 541 2

38 562 93 602 ita
119 572 235 610 esse,
265 573 346 601 non
374 563 505 601 statim
526 566 704 601 cometes
724 565 836 600 ortus
856 565 999 600 ventos
1020 564 1058 598 et
1077 559 1236 609 pluvias
1256 561 1327 598 mi-

38 622 164 665 natur,
186 623 227 657 ut
243 618 480 657 Aristoteles
498 617 561 664 ait,
578 617 653 656 sed
669 627 815 655 annum
832 621 955 656 totum
973 621 1207 665 suspectum
1222 616 1327 654 facit.

39 683 88 713 ex
111 684 191 723 quo
220 674 389 722 adparet
408 674 516 712 illum
536 684 615 712 non
637 684 690 711 ex
711 672 894 721 proximo
917 682 1022 721 quae
1041 671 1080 710 in
1103 672 1328 721 proximum

39 729 152 769 daret
171 729 287 778 signa
307 730 500 776 traxisse,
528 729 602 767 sed
622 728 771 767 habere
788 728 967 776 reposita
981 731 1020 766 et
1035 738 1258 777 conpressa
1273 727 1327 766 le-

38 785 156 834 gibus
172 785 322 823 mundi.
361 784 470 823 Fecit
486 784 549 823 hic
566 789 763 831 cometes,
785 784 853 832 qui
868 782 1076 822 Paterculo
1094 789 1132 821 et
1145 783 1327 833 VopiSco

40 840 275 880 consulibus
296 840 500 890 adparuit,
532 851 636 889 quae
659 840 709 878 ab
734 839 948 878 Aristotele
966 839 1327 888 Theophrastoque
1343 845 1366 880 3

39 901 133 935 sunt
160 895 376 946 praedicta.
417 897 576 934 suerunt
594 894 696 934 enim
721 895 919 934 maximae
939 900 978 934 et
997 894 1209 934 continuae
1231 900 1327 935 tem-

38 956 216 1002 pestates
245 951 413 1001 ubique:
452 956 492 990 at
520 951 559 990 in
579 951 732 990 Achaia
752 950 1072 1001 Macedoniaque
1098 951 1220 990 urbes
1250 955 1326 990 ter-

39 1018 174 1047 rarum
196 1012 306 1046 motu
325 1013 515 1056 prorutae
536 1012 642 1046 sunt.

123 1063 262 1102 XXIX.
303 1062 510 1111 „Tarditas
525 1093 535 1110 ,
578 1062 726 1111 inquit,
770 1063 924 1102 illorum
958 1066 1230 1110 argumentum
1268 1067 1330 1101 est
1347 1069 1364 1102 l

40 1119 248 1168 graviores
266 1129 359 1158 esse
376 1120 623 1167 multumque
639 1119 677 1156 in
695 1129 739 1157 se
755 1118 903 1156 habere
918 1117 1087 1165 terreni,
1106 1117 1196 1167 ipse
1214 1127 1327 1166 prae-

40 1179 149 1213 terea
165 1185 330 1213 cursus:
352 1175 435 1213 sere
453 1175 555 1213 enim
572 1175 853 1223 conpelluntur
868 1173 906 1212 in
920 1173 1144 1213 cardines.“
1170 1173 1327 1212 Utrum-

42 1239 121 1279 que
142 1230 286 1268 l'alsum
306 1235 379 1269 est.
423 1230 481 1268 De
502 1230 635 1278 priore
652 1230 780 1268 dicam
800 1230 922 1278 prius.
968 1227 1100 1276 Quid?
1131 1239 1235 1278 quae
1252 1233 1328 1267 tar-

41 1285 131 1324 dius
162 1286 359 1333 feruntur‚
395 1285 532 1334 gravia
561 1290 681 1324 sunt?
725 1285 818 1334 quid
851 1289 975 1333 ergo?
1017 1285 1131 1323 stella
1155 1283 1327 1332 Saturni,

41 1351 145 1390 quae
165 1351 216 1380 ex
237 1340 423 1380 omnibus
444 1341 517 1379 iter
534 1352 651 1380 snum
674 1341 892 1379 lentissime
914 1340 1054 1387 efficit,
1083 1340 1217 1389 gravis
1239 1343 1330 1378 est?

40 1396 150 1446 atqui
183 1395 354 1435 levitatis
383 1401 658 1444 argumentum
691 1394 830 1444 habet,
871 1395 979 1445 quod
1014 1406 1138 1444 supra
1171 1398 1327 1434 ceteras

41 1456 115 1490 est.
163 1450 272 1499 „Sed
300 1450 470 1499 maiore,
501 1452 654 1501 inquis,
684 1451 834 1490 ambitu
863 1451 1003 1490 circuit
1030 1461 1104 1489 nec
1127 1450 1280 1490 tardius
1301 1449 1365 1489 it2

42 1517 162 1556 quam
196 1512 352 1546 ceterae
367 1537 377 1555 ,
416 1507 489 1546 sed
523 1507 725 1556 longius.“
781 1506 999 1546 Succurrat
1034 1506 1104 1545 tibi
1138 1507 1243 1545 idem
1276 1505 1327 1545 de

41 1561 208 1602 cometis
229 1573 291 1601 me
313 1573 437 1610 posse
457 1562 611 1610 dicere,
640 1562 797 1601 etiamsi
817 1561 980 1612 segnior
998 1561 1076 1601 illis
1097 1572 1242 1601 cursus
1263 1562 1326 1601 sit.

42 1618 116 1656 sed
149 1618 400 1657 mendacium
429 1623 489 1657 est
517 1618 574 1657 ire
602 1629 674 1657 eos
703 1618 869 1657 tardius.
918 1629 1009 1656 nam
1037 1617 1140 1657 intra
1169 1622 1324 1656 sextum

42 1683 220 1712 mensem
254 1673 457 1712 dimidiam
491 1674 593 1713 coeli
626 1679 780 1723 partem
815 1673 971 1712 transiit
1003 1673 1067 1712 hic
1101 1673 1324 1723 proximus,

42 1728 151 1778 prior
177 1728 280 1781 intra
300 1730 513 1778 pauciores
534 1740 695 1768 menses
715 1729 869 1778 recepit
889 1739 947 1768 se.
991 1728 1099 1777 „Sed
1123 1730 1216 1778 quia
1235 1739 1324 1778 gra·
1340 1733 1364 1768 3

41 1794 114 1823 ves
144 1790 255 1832 sunt,
294 1784 460 1823 inferius
497 1785 771 1824 deferuntur.“
827 1784 999 1826 Primum
1021 1792 1114 1824 ‘non
1149 1785 1326 1824 defertur

42 1841 151 1889 quod
172 1841 458 1880 circumfertur.
506 1841 659 1879 Deinde
678 1840 741 1879 hic
765 1841 973 1889 proximus
993 1851 1017 1878 a
1038 1839 1325 1890 septemtrione

41 1901 174 1934 motus
204 1896 265 1935 sui
294 1896 443 1934 initium
474 1895 567 1935 fecit
594 1902 633 1935 et
660 1907 732 1945 per
759 1897 1007 1935 occidentem
1042 1897 1080 1934 in
1107 1896 1325 1935 meridiana

41 1952 224 1999 pervenit
242 1953 482 2000 erigensque
503 1962 663 1990 cursum
685 1962 801 1990 suum
823 1952 986 1991 oblituit.
1017 1953 1116 1990 alter
1130 1953 1195 1990 ille
1212 1952 1323 1990 Clau-

43 2006 186 2045 dianus
207 2018 230 2045 a
251 2007 535 2055 septemtrione
554 2007 723 2056 primum
744 2007 855 2047 visus
876 2018 954 2046 non
975 2006 1093 2046 desiit
1109 2007 1150 2045 in
1172 2013 1324 2047 rectum

43 2061 212 2101 adsidue
246 2063 391 2101 celsior
436 2062 555 2110 ferri,
601 2063 731 2102 donec
763 2063 951 2102 excessit.
1012 2063 1144 2102 Haec
1188 2068 1322 2111 sunt,

45 2127 172 2165 quae
202 2123 284 2157 aut
320 2117 453 2157 alios
483 2128 685 2156 movere
714 2119 773 2157 ad
804 2124 1027 2158 cometas
1058 2118 1322 2168 pertinen·

45 2172 114 2210 tia
149 2179 234 2212 aut
269 2184 352 2212 me.
401 2184 504 2222 quae
533 2184 582 2212 an
604 2185 699 2212 vera
721 2175 821 2222 sint,
851 2175 889 2213 di
914 2175 1063 2221 sciunt,
1095 2175 1241 2223 quibus
1261 2179 1322 2214 est

47 2226 210 2267 scientia
229 2229 330 2267 veri:
361 2229 476 2267 nobis
498 2229 629 2267 rimari
649 2229 716 2268 illa
735 2235 774 2268 ct
789 2230 1017 2269 coniectura
1036 2229 1093 2269 ire
1111 2231 1148 2268 in
1166 2230 1319 2270 occulta

46 2286 194 2321 tantum
218 2284 310 2323 licet
337 2295 411 2323 nec
440 2296 526 2323 cum
555 2284 702 2324 fiducia
722 2286 948 2324 inveniendi
970 2297 1100 2335 neque
1122 2287 1208 2326 sine
1231 2297 1318 2336 spe.

127 2337 243 2377 XXX.
279 2339 448 2388 Egregie
468 2340 705 2380 Aristoteles
725 2340 778 2381 ait
797 2352 1012 2392 numquam
1030 2353 1105 2381 nos
1129 2353 1318 2382 verecun·
1338 2350 1352 2382 l
