1624 2626
0 0 6 138 ἶ

0 191 3 224 Ι

0 226 2 246 ι

276 164 652 207 EPIGRAMMATA
682 164 848 206 SUPER
873 164 1059 205 EXILIO.

140 278 212 306 vn.
341 277 397 306 nn
427 276 709 312 ouAm‘rA'rr:
737 275 999 305 TEMPORIS.

88 323 226 363 Omnia
244 327 404 372 tempus
424 323 530 361 edax
549 322 802 372 depascitur,
832 321 966 361 omnia
985 321 1133 372 carpit,

141 379 281 418 Omnia
300 379 398 418 sede
417 382 571 427 movet,
599 379 654 417 nil
676 377 772 417 sinit
789 388 883 417 esse
902 378 982 417 diu.

84 435 263 475 Flumina
283 435 490 483 deficiunt,
521 434 734 484 profugum
754 444 864 473 mare
883 433 1014 473 littora
1034 433 1174 482 siccat,

139 489 362 530 Subsidunt
381 495 537 530 montes
558 495 598 529 et
616 491 709 540 iuga
729 491 839 529 celsa
855 493 989 529 ruunt.

84 546 187 596 Quid
203 552 289 586 tam*
302 557 429 596 parva
447 547 622 596 loquor?
648 546 777 585 moles
797 545 1065 595 pulcherrima
1084 545 1187 585 coeli

137 602 306 642 Ardebit
324 602 496 641 flammis
515 607 599 642 tota
616 607 784 651 repente
804 602 902 641 suis.

83 657 225 698 Omnia
241 669 352 698 mors
372 659 518 708 poscit.
561 658 647 697 Lex
667 663 748 707 est,
774 669 856 697 non
877 667 1028 707 poena,
1057 656 1212 707 perire:

136 715 210 754 Hic
231 714 367 764 aliquo
388 714 561 754 mundus
580 719 764 763 tempore
783 714 916 754 nullus
938 713 1024 753 erit.

135 781 226 808 vm.
573 782 599 809 v
610 780 634 809 o
645 781 667 808 τ
675 781 700 808 u
709 780 752 808 Μ.

16 818 21 821 ”
84 825 152 866 Sic
171 826 266 864 mihi
286 826 338 865 sit
356 826 478 864 frater
495 824 706 875 maiorque
725 826 938 875 minorque
956 829 1185 875 superstes,

137 882 187 921 Et
205 882 256 921 de
274 892 338 920 me
358 881 494 921 doleat
512 882 566 920 nil
585 882 662 921 nisi
682 887 809 921 morte
827 892 929 921 mea.

85 937 153 977 Sic
171 939 263 977 ilios
284 938 458 985 vineam,
491 939 550 977 sie
568 938 708 977 vinear
725 948 867 977 rursus
888 937 1084 977 amando:

137 994 299 1033 Mutuus
320 993 422 1032 inter
441 1005 516 1033 nos
539 994 599 1033 sic
618 994 722 1033 bene
742 998 867 1033 certet
888 1004 1014 1032 amor.

82 1049 150 1089 Sic
172 1050 279 1089 dulci
300 1049 479 1097 Marcus,
512 1050 580 1099 qui
600 1059 707 1088 nune
726 1059 914 1088 sermone
933 1049 1117 1096 fritinnit,

134 1106 327 1145 Facundo
347 1110 513 1155 patruos
537 1109 733 1154 provocet
752 1115 823 1144 ore
842 1105 960 1144 duos.

137 1172 194 1200 1x.
475 1172 536 1199 An
566 1171 847 1200 connussmu.

82 1216 271 1257 Corduba
290 1217 406 1257 solve
424 1228 562 1257 eomas
582 1222 621 1256 et
639 1217 775 1256 tristes
796 1216 919 1256 indue
935 1217 1092 1257 voltus:

137 1273 396 1312 Inlacrimans
418 1273 541 1312 cineri
561 1283 727 1312 munera
746 1273 855 1312 mitte
874 1283 978 1312 meo.

81 1329 196 1368 Nune
214 1329 435 1379 longinqua
453 1334 565 1368 tuum
585 1329 770 1378 deplora,
802 1329 1010 1378 Corduba,
1039 1333 1191 1378 vatem,

139 1384 346 1434 Corduba,
365 1397 445 1424 non
465 1386 543 1424 alio
561 1389 744 1434 tempore
763 1389 921 1425 moesta
939 1384 1092 1434 magis:

81 1440 277 1490 Tempore
296 1452 376 1480 non
395 1440 484 1490 ilio,
513 1452 594 1490 quo
611 1442 720 1480 versi
740 1439 896 1481 viribus
917 1441 1029 1480 orbis

137 1495 321 1535 Incubuit
337 1496 433 1536 belli
451 1501 535 1536 tota
551 1497 669 1536 ruina
685 1497 775 1546 tibi,

85 1551 180 1591 Cum
200 1552 368 1600 geminis
389 1563 589 1602 oppressa
605 1552 721 1591 malis
740 1552 940 1602 utrimque
959 1551 1142 1601 peribas:

137 1607 188 1646 Et
203 1607 272 1646 tibi
291 1607 525 1657 Pompeius,
556 1609 704 1647 Caesar
722 1613 762 1648 et
779 1608 909 1648 hostis
929 1613 1027 1648 erat.

83 1664 281 1712 Tempore
300 1674 377 1715 non
398 1664 484 1712 illo,
514 1675 595 1712 quo
615 1669 676 1704 ter
694 1664 764 1702 tibi
783 1665 924 1703 funera
943 1670 1103 1704 eentum

139 1719 228 1758 Heu
248 1730 330 1759 nox
349 1729 429 1758 una
448 1719 575 1768 dedit,
602 1730 707 1771 quae
725 1719 795 1758 tibi
816 1730 973 1759 summa
993 1721 1078 1760 fuit.

84 1775 190 1823 Non,
218 1774 435 1814 Lusitanus
456 1780 638 1824 quateret
658 1785 748 1814 cum
766 1774 928 1815 moenia
945 1776 1068 1826 latro,

139 1830 298 1880 Figeret
317 1835 357 1870 et
374 1835 513 1880 portas
533 1831 674 1870 lancea
690 1835 795 1870 torta
813 1836 917 1871 tuas.

83 1887 154 1926 llle
170 1892 264 1927 tuus
284 1886 487 1936 quondam
505 1897 696 1935 magnus,
721 1891 790 1926 tua
807 1886 955 1936 gloria,
985 1888 1085 1928 civis

140 1943 290 1992 Infigar
307 1944 492 1992 scopulo.
541 1942 732 1984 Corduba
750 1944 865 1982 solve
886 1954 1043 1994 eomas,

85 1999 134 2037 Et
151 2004 308 2048 gratare
326 1999 396 2038 tibi
408 2030 417 2047 ,
448 1998 558 2048 quod
579 2003 618 2037 te
636 2003 778 2038 natura
801 2009 994 2048 supremo

141 2055 265 2095 Alluit
283 2065 455 2095 oceano:
486 2054 640 2094 tardius
660 2055 739 2094 ista
758 2054 888 2094 doles.

529 2226 804 2234 .-.---..

1229 163 1311 206 263

1270 1727 1313 1761 10

1270 2005 1313 2040 15
