1592 2580
347 172 415 212 DE
442 170 724 211 BENEFlcssS
754 170 850 210 LlB.
867 171 954 210 VII.
985 176 1019 210 1.
1038 176 1073 210 2.
1270 168 1352 211 135

67 276 159 317 sint.
188 285 260 314 cur
276 272 426 324 pariter
443 273 547 312 natis
567 273 648 312 fata
664 272 826 312 diversa
845 272 923 312 sint
937 272 1204 322 maximisque
1217 282 1351 312 rerum

67 330 210 382 spatiis
231 329 390 377 distent,
412 340 583 379 quorum
597 329 698 368 inter
715 334 826 368 ortus
841 328 1043 367 minimum
1058 328 1236 368 interest.
1262 329 1350 368 Non
1366 333 1390 369 6

66 388 232 428 multum
256 386 326 424 tibi
351 385 514 424 nocebit
543 384 760 432 transisse,
789 395 894 434 quae
921 394 998 423 nec
1024 385 1117 423 licet
1144 385 1249 424 scire
1268 395 1345 424 nec

65 443 246 493 prodest.
284 441 462 480 involuta
480 441 629 480 veritas
649 441 689 479 in
709 441 789 480 alto
809 441 914 480 latet.
943 451 1020 479 nec
1038 440 1090 478 de
1108 440 1352 489 malignitate

65 502 232 538 naturae
252 496 367 547 queri
385 507 625 546 possumus,
657 496 755 545 quia
770 496 917 535 nullius
935 496 995 535 rei
1015 495 1190 535 difficilis
1211 497 1350 535 inven-

64 555 121 595 tio
149 559 230 602 est,
260 553 339 592 nisi
367 553 483 592 cuius
509 552 574 591 hic
601 563 706 591 unus
734 551 920 592 inventae
947 553 1101 591 fructus
1129 556 1210 600 est,
1237 551 1350 591 inve-

66 610 198 650 nisse:
237 608 431 659 quicquid
459 618 537 647 nos
570 609 759 648 meliores
791 608 1016 656 beatosque
1047 608 1244 647 facturum
1276 612 1350 656 est,

65 671 134 705 aut
158 665 199 704 in
218 670 357 714 aperto
385 668 454 704 aut
478 664 518 702 in
545 664 730 713 proximo
752 664 899 714 posuit.
946 663 989 702 Si
1014 664 1169 703 animus
1189 664 1350 703 fortuita
1365 661 1386 698 7

66 721 327 769 contempsit,
354 721 390 759 si
410 730 456 759 se
475 731 600 769 supra
618 724 765 758 metum
786 719 946 759 sustulit
963 729 1038 758 nec
1057 719 1178 758 avida
1196 731 1272 769 spe
1290 720 1348 758 in-

66 777 178 816 finita
194 776 475 825 conplectitur,
505 776 577 814 sed
597 775 734 814 didicit
748 787 772 814 a
787 786 833 814 se
848 780 985 824 petere
998 773 1172 814 divitias.
1202 776 1237 815 si
1253 776 1349 816 deo-

65 843 155 872 rum
181 831 468 881 hominumque
494 831 745 875 formidinem
774 830 891 870 eiecit
918 835 958 870 et
985 830 1061 869 scit
1082 841 1164 870 non
1184 833 1350 871 multum

66 899 162 928 esse
194 888 245 926 ab
271 887 433 927 homine
460 887 696 935 timendum,
732 898 757 925 a
782 887 860 926 deo
889 886 997 924 nihil.
1033 886 1068 925 si
1101 893 1352 937 contemptor

69 943 264 991 omnium,
301 943 448 992 quibus
475 948 683 992 torquetur
709 942 808 990 vita,
846 942 939 981 dum
968 947 1150 990 ornatur,
1182 953 1231 982 eo
1261 954 1350 993 per-

68 1000 214 1039 ductus
244 1003 326 1047 est,
355 1004 398 1038 ut
424 998 479 1037 illi
505 1000 656 1048 liqueat
674 1003 842 1038 mortem
864 999 1011 1037 nullius
1031 999 1124 1037 mati
1144 999 1351 1038 materiam

68 1064 182 1104 esse,
211 1055 425 1094 multorum
451 1054 584 1093 finem.
628 1054 662 1093 si
690 1055 864 1093 animum
885 1053 1019 1093 virtuti
1041 1055 1295 1094 consecravit
1313 1060 1352 1093 et

68 1116 323 1159 quacumque
349 1114 470 1150 vocat
498 1111 584 1159 illa,
622 1111 785 1159 planum
812 1114 936 1159 putat.
959 1110 1013 1149 -si
1033 1111 1186 1149 sociale
1205 1111 1351 1150 animal

67 1170 108 1205 et
125 1167 165 1204 in
185 1176 394 1205 commune
412 1166 568 1214 genitus
586 1166 780 1205 mundum
800 1171 844 1205 ut
862 1176 979 1204 unam
997 1166 1172 1205 omnium
1187 1167 1351 1205 domum

67 1226 235 1271 spectat,
255 1226 295 1260 et
309 1222 595 1260 conscientiam
611 1232 724 1261 suam
742 1222 804 1260 dis
821 1222 978 1270 aperuit
994 1232 1237 1272 semperque
1251 1227 1349 1261 tam-

68 1288 188 1326 quam
214 1277 253 1316 in
279 1277 441 1326 publico
466 1278 562 1316 vivit
581 1287 628 1316 se
645 1276 773 1326 magis
793 1278 944 1317 veritus
965 1289 1084 1326 quam
1105 1279 1227 1317 alios:
1256 1278 1350 1318 sub-

67 1333 213 1372 ductus
240 1333 306 1371 ille
332 1332 635 1382 tempestatibus
664 1334 703 1371 in
731 1333 862 1373 solido
889 1344 937 1372 ac
961 1344 1107 1373 sereno
1128 1335 1235 1373 stetit
1254 1345 1350 1374 con-

67 1389 360 1437 summavitque
386 1389 592 1427 scientiam
618 1389 753 1427 utilem
784 1399 832 1427 ac
865 1389 1151 1428 necessariam.
1196 1390 1352 1438 reliqua

67 1444 360 1483 oblectamenta
379 1444 447 1482 otii
467 1449 573 1483 sunt.
618 1444 728 1483 Licet
747 1445 851 1483 enim
870 1445 948 1483 iam
970 1445 1009 1483 in
1028 1450 1154 1485 tutum
1175 1450 1350 1485 retracto

69 1499 203 1538 animo
223 1499 275 1538 ad
293 1499 394 1537 haec
414 1509 577 1548 quoque
595 1510 830 1549 excurrere,
856 1501 1025 1550 cultum,
1052 1511 1133 1540 non
1153 1501 1278 1541 robur
1290 1501 1349 1540 in-

69 1554 197 1604 geniis
216 1554 448 1593 adserentia.

151 1610 199 1648 ΙΙ.
233 1610 342 1648 Haec
362 1610 586 1649 Demetrius
613 1616 750 1650 noster
767 1617 938 1660 utraque
959 1623 1080 1652 manu
1098 1617 1235 1652 tenere
1256 1624 1348 1663 pro·
1367 1618 1387 1651 1

69 1665 268 1706 finientem
288 1664 407 1704 iubet.
443 1665 545 1705 haec
564 1677 762 1715 nusquam
785 1667 999 1714 dimittere,
1030 1669 1150 1708 immo
1172 1669 1350 1718 adfigere

70 1726 112 1760 et
129 1726 282 1770 partem
302 1721 365 1759 sui
384 1721 518 1759 facere
531 1732 664 1770 eoque
680 1723 880 1762 cotidiana
895 1723 1153 1764 meditatione
1167 1725 1349 1773 perduci,

68 1781 113 1816 ut
138 1787 213 1815 sua
232 1780 378 1825 sponte
397 1783 608 1816 occurrant
626 1778 814 1816 salutaria
832 1784 871 1818 et
889 1779 1040 1828 ubique
1060 1790 1107 1818 ac
1128 1781 1259 1820 statim
1280 1781 1344 1820 de-

70 1832 247 1871 siderata
273 1837 434 1881 praesto
463 1832 542 1871 sint
568 1837 607 1871 et
633 1833 720 1872 sine
749 1844 862 1873 mora
879 1835 962 1873 ulla
980 1836 1114 1875 veniat
1132 1836 1200 1875 illa
1221 1838 1349 1886 turpis

69 1887 312 1937 honestique
341 1887 562 1936 distinctio,
593 1889 694 1928 sciat
717 1899 792 1928 nec
820 1890 967 1929 malum
995 1901 1089 1930 esse
1120 1893 1245 1930 ullum
1271 1893 1348 1932 nisi

69 1948 187 1992 turpe
206 1954 282 1982 nec
302 1943 452 1982 bonum
470 1943 547 1982 nisi
565 1943 791 1983 honestum.
836 1946 923 1984 Hac
941 1948 1080 1994 regula
1097 1947 1204 1986 vitae
1224 1958 1349 1996 opera
1364 1952 1386 1986 2

70 1999 292 2039 distribuat.
327 1999 378 2037 ad
397 1999 501 2037 hanc
520 1999 650 2047 legem
669 2006 708 2040 et
725 2005 818 2049 agat
836 2006 980 2040 cuncta
998 2007 1037 2041 et
1056 2003 1190 2050 exigat
1208 2004 1348 2043 miser-

69 2054 276 2103 rimosque
304 2054 527 2093 mortalium
560 2055 725 2103 iudicet,
761 2056 800 2094 in
830 2056 1164 2108 quantiscumque
1200 2059 1346 2107 opibus

68 2109 341 2158 refulgebunt,
363 2110 493 2149 ventri
513 2119 560 2148 ac
581 2110 732 2149 libidini
748 2110 915 2151 deditos*
924 2123 1175 2162 quorumque
1191 2115 1347 2155 animus

69 2165 185 2204 inerti
211 2165 292 2204 otio
320 2170 462 2214 torpet.
509 2165 623 2204 Dicat
648 2166 724 2205 sibi
751 2166 859 2215 ipse:
887 2168 1076 2217 voluptas
1099 2170 1251 2218 fragilis
1272 2177 1346 2221 est,

70 2219 226 2269 brevis,
262 2221 423 2260 fastidio
454 2220 629 2270 obiecta,
661 2232 742 2270 quo
767 2222 925 2261 avidius
952 2223 1097 2263 hausta
1119 2230 1199 2274 est,
1228 2225 1346 2266 citius

71 2275 112 2314 in
141 2277 379 2316 contrarium
404 2277 610 2323 recidens,
646 2277 760 2316 cuius
794 2277 965 2317 subinde
990 2289 1161 2320 necesse
1187 2285 1250 2320 est
1279 2288 1348 2322 aut

72 2331 274 2379 poeniteat
298 2337 367 2371 aut
395 2333 562 2381 pudeat,
599 2331 640 2372 in
670 2343 751 2381 qua
775 2332 871 2371 nihil
899 2338 961 2372 est
990 2336 1245 2384 magnificum
1278 2343 1348 2376 aut

75 2385 184 2434 quod
212 2391 391 2427 naturam
414 2387 586 2428 homInis
614 2388 677 2428 d1s
705 2387 878 2438 proximi
897 2389 1051 2430 deceat.
1085 2401 1153 2432 res
1171 2390 1346 2442 humilis,
