1624 2626
186 182 230 221 L.
248 181 364 221 ANN.
385 181 558 221 SENEC.
580 182 648 221 DE
673 181 963 222 CLEMENTIA
987 183 1082 223 LIB.
1099 184 1128 222 Ι.
1159 191 1192 224 1.
1248 183 1332 239 277

50 284 229 323 strictum
256 283 366 332 apud
392 292 456 321 me
484 282 630 322 ferrum
658 287 739 329 est,
777 293 930 322 summa
949 283 1196 332 parsimonia
1214 283 1333 324 etiam

51 339 231 378 vilissimi
260 338 481 388 sanguinis.
518 349 637 377 nemo
666 350 768 387 non,
799 339 863 378 cui
882 339 960 377 alia
979 340 1130 388 desint,
1157 340 1332 380 hominis

49 395 208 434 nomine
228 394 337 443 apud
356 404 419 433 me
438 395 639 443 gratiosus
661 399 735 433 est.
783 394 1046 434 Severitatem
1067 395 1265 444 abditam,
1295 403 1334 436 at
1352 401 1375 436 4

50 450 296 490 clementiam
312 448 352 488 in
369 449 579 499 procinctu
594 449 739 490 habeo.
768 450 827 489 sic
838 461 902 489 me
914 451 1111 498 custodio,
1128 456 1330 502 tamquam

49 506 224 555 legibus,
253 516 355 555 quas
375 516 428 545 ex
446 506 525 545 situ
544 517 592 545 ac
611 506 786 545 tenebris
802 506 840 544 in
856 506 986 545 lucem
1002 508 1190 556 evocavi,
1211 508 1331 548 ratio·

48 573 139 601 nem
164 561 395 601 redditurus
423 561 511 601 sim.
567 562 744 601 Alterius
772 567 902 601 aetate
929 560 1063 611 prima‘
1075 568 1208 602 motus
1229 575 1332 612 suni,

49 617 212 657 alterius
238 617 388 656 ultima.
418 618 538 656 alium
568 616 749 666 dignitati
769 617 935 664 donavi,
967 618 1088 658 alium
1107 619 1332 659 humilitati.

49 673 236 723 quotiens
264 674 414 712 nullam
439 673 672 712 inveneram
699 672 1001 713 misericordIae
1026 685 1211 724 causam,
1238 675 1332 714 mihi

48 730 225 779 peperci.
272 730 400 768 Hodie
420 729 483 768 dis
502 730 799 778 inmortalibus,
819 729 855 768 si
874 741 898 768 a
917 740 981 769 me
999 730 1194 770 rationem
1215 742 1332 780 repe-

47 789 152 834 tant,
190 785 454 824 adnumerare
481 795 610 834 genus
636 785 854 824 humanum
877 790 1040 835 paratus
1064 797 1167 825 sum.
1212 787 1332 827 Potes
1353 788 1375 822 5

46 841 145 888 hoc,
176 841 344 888 Caesar,
375 841 567 880 audacter
587 842 843 890 praedicare,
872 842 1005 880 omnia
1027 853 1131 891 quae
1151 843 1190 881 in
1211 843 1334 882 fidem

47 897 301 945 tutelani[que
336 901 443 935 tuam
474 901 679 945 venerunt,
720 899 1012 946 diligentissime
1039 898 1204 945 fovJeri,
1236 898 1334 938 nihil

47 962 122 1001 per
149 957 187 991 te
216 962 349 1001 neque
375 953 415 991 vi
441 962 574 1001 neque
604 953 706 992 clam
730 954 883 1000 [damni
890 954 1051 1002 par]ari
1071 954 1332 1003 reipublicae.

46 1007 307 1047 Rarissimam
332 1008 494 1047 laudem
513 1013 552 1048 et
577 1009 672 1048 nulli
694 1009 827 1047 adhuc
849 1008 1073 1057 principum
1094 1019 1333 1049 concessam

49 1063 291 1113 concupisti,
321 1064 600 1104 innocentiam.
636 1064 724 1104 Non
743 1064 880 1113 perdis
897 1074 1062 1113 operam
1077 1075 1153 1104 nec
1172 1065 1332 1105 bonitas

47 1120 126 1159 ista
162 1124 229 1158 tua
264 1118 478 1168 singularis
505 1119 684 1169 ingratos
719 1124 788 1159 aut
820 1120 1018 1168 malignos
1052 1121 1332 1161 aestimatores

47 1180 164 1214 nacta
191 1179 265 1214 est.
302 1176 474 1214 refertur
502 1176 570 1215 tibi
589 1176 736 1225 gratia:
765 1186 882 1214 nemo
904 1186 1009 1215 unus
1028 1175 1150 1215 homo
1170 1178 1236 1216 uni
1259 1177 1332 1216 ho-

47 1231 142 1270 mini
169 1235 247 1270 tam
279 1241 396 1270 carus
424 1227 615 1281 uniquam
643 1232 715 1271 suit
743 1242 863 1280 quam
893 1236 935 1270 tu
963 1233 1114 1281 populo
1134 1233 1330 1281 Romano,

48 1297 231 1335 magnum
261 1287 507 1337 longumque
535 1287 623 1327 eius
651 1288 815 1327 bonum.
861 1286 942 1326 Sed
969 1287 1111 1336 ingens
1135 1288 1205 1327 tibi
1227 1300 1331 1328 onus
1351 1297 1374 1332 6

47 1341 280 1392 inposuisti:
317 1353 436 1382 nemo
463 1343 541 1382 iam
569 1343 705 1382 divum
724 1346 951 1392 Augustum
973 1354 1048 1382 nee
1068 1344 1212 1383 Tiberii
1233 1344 1330 1384 Cae-

50 1399 152 1437 saris
174 1399 301 1447 prima
318 1403 501 1448 tempora
520 1400 709 1449 loquitur.
744 1410 862 1438 nemo
884 1399 996 1448 quod
1017 1405 1055 1438 te-
1074 1400 1217 1438 imitari
1235 1401 1332 1440 velit

49 1454 273 1503 exemplar,
302 1460 415 1494 extra
441 1460 478 1494 te
507 1456 681 1504 quaerit:
720 1453 970 1505 principatus
997 1459 1091 1494 tuus
1120 1456 1172 1493 ad
1198 1454 1334 1494 obrus-

48 1518 134 1547 sam
173 1509 355 1557 exigitur.
402 1510 573 1550 Difficile
600 1511 678 1551 hoc
699 1511 859 1559 fuisset,
890 1511 925 1550 si
946 1521 1025 1549 non
1047 1511 1240 1550 naturalis
1261 1511 1331 1550 tibi

49 1564 126 1603 ista
152 1563 309 1604 bonitas
337 1571 464 1612 esset,
496 1567 570 1605 sed
597 1567 648 1605 ad
678 1571 834 1615 tempus
865 1571 1038 1615 sumpta.
1075 1577 1193 1606 nemo
1225 1566 1331 1606 enim

49 1625 185 1670 potest
213 1631 427 1669 personam
454 1621 523 1661 diu
550 1622 666 1661 ferre.
709 1623 803 1662 ficta
829 1623 907 1662 cito
936 1623 974 1661 in
1003 1627 1186 1662 naturam
1215 1633 1330 1662 suam

47 1676 245 1715 recidunt.
285 1675 431 1725 quibus
458 1678 605 1717 veritas
626 1678 783 1726 subest,
815 1689 1020 1727 quaeque,
1049 1683 1092 1718 ut
1111 1679 1165 1717 ita
1185 1679 1329 1726 dicam,

49 1742 102 1772 ex
128 1731 259 1771 solido
287 1737 550 1781 enascuntur,
578 1739 760 1782 tempore
779 1733 870 1781 ipso
891 1734 930 1772 in
951 1734 1079 1778 maius
1102 1734 1329 1783 meliusque

49 1787 287 1836 procedunt.
340 1787 526 1836 Magnam
567 1789 703 1828 adibat
738 1789 866 1828 aleam
899 1791 1076 1838 populus
1108 1790 1327 1837 Romanus,
1349 1800 1369 1836 7

50 1854 139 1882 cum
166 1843 360 1883 incertum
388 1849 517 1892 esset,
549 1856 629 1893 quo
659 1855 704 1884 se
723 1847 797 1884 ista
819 1849 886 1884 tua
910 1846 1054 1884 nobilis
1076 1845 1234 1884 indoles
1259 1846 1328 1884 da·

49 1904 129 1939 ret:
158 1899 235 1938 iam
261 1905 357 1939 vota
385 1899 548 1949 publica
573 1901 613 1938 in
637 1904 720 1940 tuto
740 1906 844 1940 sunt.
884 1911 959 1940 nec
979 1902 1083 1941 enim
1105 1901 1329 1950 periculum

49 1960 130 2002 est,
157 1965 208 1994 ne
229 1959 266 1994 te
285 1955 417 1995 subita
440 1955 494 1994 tui
518 1956 649 2004 capiat
669 1956 829 1996 oblivio.
870 1956 981 1996 Facit
1001 1957 1163 2005 quidem
1183 1956 1328 1996 avidos

48 2009 169 2049 nimia
194 2010 361 2051 felicitas
389 2021 465 2050 nec
493 2015 572 2050 tam
600 2017 844 2060 temperatae
871 2013 1110 2061 cupiditates
1132 2016 1225 2051 sunt
1243 2023 1328 2051 um-

0 2086 2 2092 =
51 2077 182 2114 quam,
202 2071 247 2106 ut
265 2067 303 2105 in
320 2078 382 2116 eo,
400 2068 510 2116 quod
526 2068 729 2116 contingit,
745 2067 942 2106 desinant.
968 2068 1117 2116 gradus
1134 2079 1159 2107 a
1171 2068 1328 2116 magnis

50 2122 102 2160 ad
129 2122 281 2161 maiora
300 2122 345 2161 fit
364 2127 404 2162 et
424 2134 520 2172 spes
541 2122 848 2172 inprobissimas
869 2124 1174 2172 conplectuntur
1193 2123 1329 2173 inspe-

47 2182 135 2216 rata
161 2178 362 2217 adsecuti:
393 2179 578 2219 omnibus
607 2184 739 2218 tamen
765 2189 870 2217 nunc
892 2178 1047 2218 civibus
1069 2180 1147 2218 tuis
1169 2184 1209 2219 et
1226 2179 1328 2219 haec

51 2233 254 2273 consessio
284 2234 534 2284 exprimitur,
561 2236 655 2274 esse
683 2235 840 2282 felices,
872 2239 911 2274 et
937 2235 1022 2282 illa,
1049 2235 1144 2273 nihil
1165 2235 1243 2274 iam
1263 2235 1326 2274 his

50 2288 245 2328 accedere
271 2288 390 2330 bonis
412 2301 556 2340 posse,
585 2291 662 2329 nisi
683 2295 726 2329 ut
743 2294 939 2339 perpetua
958 2290 1050 2329 sint.
1094 2290 1218 2330 Multa
1236 2291 1326 2330 illos
1345 2296 1369 2332 8

52 2349 199 2392 cogunt
225 2345 277 2384 ad
301 2345 404 2386 hanc
431 2347 748 2395 confessionem,
778 2357 859 2395 qua
879 2347 989 2385 nulla
1010 2346 1049 2385 in
1068 2345 1229 2386 homine
1247 2351 1324 2386 tar-
