1624 2626
323 172 404 214 176
557 168 600 211 L.
629 171 817 212 ANNAEI
849 171 1074 212 SENECAE
1105 173 1236 212 DIAL.
1259 174 1323 212 IX.

321 273 435 321 ipsos
453 270 602 309 habere
628 270 735 319 quod
757 273 886 317 agant,
911 275 951 308 et
968 269 1105 309 alienis
1124 269 1374 310 incrementis
1397 270 1581 311 inimicis-

320 326 421 365 sima
440 325 600 364 invidia.
642 325 710 364 alit
734 326 838 362 enim
865 323 1030 363 livorem
1057 325 1193 363 infelix
1217 326 1357 364 inertia
1380 331 1419 366 et
1444 336 1581 365 omnes

266 384 307 416 11
320 381 469 419 destrui
491 381 665 427 cupiunt,
697 379 790 427 quia
809 390 854 417 se
872 388 951 416 non
977 383 1140 427 potuere
1159 380 1393 428 provehere.
1430 391 1481 419 ex
1507 380 1583 419 hac

319 435 463 472 deinde
490 433 742 472 aversatione
768 432 985 471 alienorum
1001 442 1261 481 processuum
1279 439 1318 472 et
1336 445 1496 473 suorum
1515 435 1581 472 de-

319 490 547 537 speratione
569 487 800 526 obirascens
819 488 998 526 fortunae
1024 487 1176 526 animus
1197 493 1235 526 et
1254 489 1305 526 de
1322 489 1457 527 seculo
1488 499 1584 537 que-

318 554 412 582 rens
432 548 470 580 et
487 543 527 580 in
547 543 716 590 angulos
739 552 784 580 se
801 541 1007 580 retrahens
1026 547 1066 580 et
1087 552 1242 589 poenae
1261 543 1453 581 incubans
1473 553 1583 590 suae,

320 598 414 636 dum
432 598 539 635 illum
558 597 691 635 taedet
709 596 771 635 sui
786 596 984 644 pigetque.
1017 601 1156 635 natura
1171 596 1275 635 enim
1290 597 1485 635 humanus
1502 597 1584 635 ani-

326 662 414 690 mus
436 651 549 699 agilis
570 654 684 689 estet
703 660 855 698 pronus
871 650 923 688 ad
942 655 1085 689 motus.
1123 656 1234 698 grata
1252 652 1379 690 omn1s
1405 651 1458 690 illi
1480 651 1583 689 exci-

321 705 434 744 tandi
453 716 498 744 se
513 705 849 753 abstrahendique
863 704 1026 745 materia
1043 709 1116 751 est,
1136 704 1284 753 gratior
1298 705 1483 753 pessimis
1500 704 1583 753 qui-

319 760 479 808 busque
497 759 676 807 ingeniis,
698 769 802 807 quae
821 759 1145 807 occupationibus
1164 760 1329 798 libenter
1348 760 1585 806 deteruntur,

319 819 364 853 ut
380 816 517 853 ulcera
530 813 726 862 quaedam
740 814 941 852 nocituras
954 824 1093 851 manus
1110 814 1299 861 adpetunt
1317 818 1472 852 et·tactu
1491 823 1584 861 gau-

322 869 416 907 dent
434 873 473 906 et
493 868 652 907 foedam
669 878 879 915 corporum
898 868 1071 906 scabiem
1087 868 1265 915 delectat,
1288 868 1476 916 quicquid
1495 878 1585 906 exa-

269 930 312 964 12
323 928 478 971 sperat:
509 933 589 961 non
609 921 721 960 aliter
741 922 907 960 dixerim
927 922 989 960 his
1008 922 1217 970 mentibus,
1237 922 1276 960 in
1305 933 1406 970 quas
1436 922 1584 970 cupidi—

321 981 423 1015 tates
445 977 550 1015 velut
566 978 670 1014 mala
690 977 825 1014 ulcera
839 980 1064 1024 eruperunt,
1094 977 1284 1024 voluptati
1300 987 1394 1015 esse
1411 976 1586 1014 laborem

322 1029 668 1078 vexationemque.
708 1034 799 1068 sunt
827 1030 929 1068 enim
951 1031 1158 1078 quaedam,
1181 1041 1284 1079 quae
1312 1041 1459 1079 corpus
1488 1041 1584 1079 quo-

325 1095 403 1133 que
422 1089 598 1122 nostrum
615 1094 703 1121 cum
721 1084 894 1131 quodam
914 1085 1053 1123 dolore
1072 1085 1279 1131 delectent,
1299 1090 1342 1123 ut
1360 1095 1522 1123 versare
1542 1094 1586 1122 se

324 1143 363 1177 et
380 1143 531 1177 mutare
553 1138 728 1177 nondum
752 1138 900 1176 fessum
920 1139 1035 1185 latus,
1057 1143 1096 1176 et
1114 1139 1189 1177 alio
1210 1144 1328 1186 atque
1356 1139 1432 1177 alio
1455 1139 1587 1186 positu

323 1192 516 1231 ventilari.
556 1192 685 1240 qualis
711 1192 775 1229 ille
793 1192 1025 1230 Homericus
1044 1192 1220 1230 Achilles
1249 1198 1320 1239 est,
1348 1193 1467 1231 modo
1496 1203 1585 1240 pro—

267 1275 270 1278 -
325 1258 413 1294 nus,
432 1247 552 1285 modo
573 1246 754 1294 supinus,
782 1246 820 1284 in
839 1247 972 1284 varios
991 1246 1147 1284 habitus
1169 1257 1213 1284 se
1231 1247 1319 1294 ipse
1339 1257 1586 1294 conponens,

327 1302 436 1349 quod
456 1301 659 1349 proprium
687 1300 793 1347 aegri
820 1305 892 1347 est,
920 1300 1014 1338 nihil
1042 1301 1111 1339 dIu
1137 1300 1218 1348 pati
1245 1306 1282 1339 et
1309 1300 1586 1339 mutationibus

274 1357 317 1392 13
326 1361 368 1394 ut
385 1356 572 1393 remediis
590 1355 659 1393 uti.
695 1354 791 1392 Inde
814 1355 1150 1402 peregrinationes
1171 1355 1441 1403 suscipiuntur
1461 1365 1585 1402 vagae

327 1415 366 1448 et
383 1410 498 1449 litora
516 1413 766 1458 pererrantur
786 1414 824 1447 et
841 1410 959 1447 modo
979 1409 1076 1447 mari
1094 1419 1150 1455 se,
1170 1410 1290 1448 modo
1311 1415 1416 1448 terra
1433 1409 1586 1457 experi-

326 1470 389 1502 tur
407 1474 566 1512 semper
584 1463 860 1511 praesentibus
881 1464 1024 1502 infesta
1038 1463 1190 1502 levitas.
1209 1464 1319 1502 Nunc
1335 1463 1586 1512 Campaniam

328 1523 524 1566 petamus.
566 1518 643 1556 iam
671 1517 839 1556 delicata
865 1518 1022 1556 fastidio
1051 1522 1154 1556 sunt.
1190 1518 1337 1557 inculta
1362 1518 1586 1557 videantur=

327 1572 500 1612 Bruttios
521 1577 560 1610 et
576 1571 772 1610 Lucaniae
798 1573 921 1610 saltus
948 1582 1247 1620 persequamur.
1285 1573 1433 1621 aliquid
1458 1577 1587 1611 tamen

328 1628 429 1665 inter
449 1627 612 1665 -deserta
627 1626 782 1665 amoeni
805 1628 1045 1675 requiratur,
1082 1627 1122 1664 in
1150 1638 1229 1675 quo
1264 1627 1456 1666 luxuriosi
1485 1626 1587 1664 oculi

329 1683 449 1729 longo
473 1682 652 1720 locorum
676 1680 915 1719 horrentium
943 1682 1130 1729 squalore
1155 1682 1399 1720 releventur=
1445 1681 1587 1718 Taren-

329 1741 411 1774 tum
431 1739 585 1784 petatur
606 1735 870 1783 laudatusque
885 1740 1023 1784 portus
1043 1741 1081 1774 et
1098 1735 1263 1774 hiberna
1281 1735 1382 1774 coeli
1399 1733 1587 1773 mitioriS*

329 1790 439 1838 regio
465 1790 530 1828 vel
556 1790 742 1838 antiquae
777 1790 872 1828 satis
908 1791 1094 1838 opulenta
1119 1790 1300 1828 turbae*
1343 1789 1420 1828 iam
1454 1788 1586 1827 flecta-

331 1855 419 1883 mus
450 1855 611 1882 cursum
640 1844 692 1882 ad
709 1844 859 1882 urbem.
897 1844 1011 1882 nimis
1040 1845 1108 1882 diu
1135 1855 1159 1882 a
1184 1846 1326 1892 plausu
1363 1848 1402 1882 et
1431 1844 1588 1891 fragore

332 1909 449 1937 aures
478 1904 729 1937 vacaverunt.
766 1899 874 1937 iuvat
891 1899 968 1937 iam
1001 1904 1039 1937 et
1069 1899 1238 1937 humano
1275 1897 1467 1946 sanguine
1499 1897 1587 1935 frui.

286 1953 451 1991 14Aliud
477 1963 527 1991 ex
562 1954 639 1992 alio
665 1953 739 1991 iter
770 1954 983 2002 suscipitur
1014 1958 1053 1992 et
1088 1954 1314 2002 spectacula
1350 1950 1587 2002 spectaculis

334 2012 542 2046 mutantur.
580 2011 624 2046 ut
644 2007 696 2045 ait
713 2008 938 2047 Lucretius:

597 2063 681 2101 Hoc
700 2073 741 2101 se
761 2064 916 2111 quisque
933 2063 1043 2102 modo
1059 2073 1208 2110 semper
1221 2061 1339 2108 fuyit.

337 2115 410 2153 sed
430 2116 524 2163 quid
543 2116 718 2164 prodest,
741 2117 782 2155 si·
801 2127 881 2156 non
901 2116 1064 2165 cffugit?
1099 2115 1276 2164 sequitur
1299 2126 1344 2154 se
1361 2117 1448 2164 ipse
1468 2118 1506 2152 et
1523 2123 1587 2152 ur-

285 2174 327 2208 15
337 2174 402 2217 get
421 2170 677 2217 gravissimus
698 2181 845 2210 comes.
884 2172 1021 2220 Itaque
1038 2169 1140 2209 scire
1159 2170 1350 2208 debemus
1368 2180 1454 2208 >non
1479 2169 1587 2207 loco-

335 2234 424 2262 rum
442 2224 576 2262 vitium
594 2235 686 2264 esse
706 2237 784 2274 quo
804 2226 1039 2272 laboramus,
1059 2225 1132 2263 sed
1150 2229 1346 2265 nostrum:
1366 2224 1507 2263 infirmi
1522 2233 1586 2261 su-

335 2288 426 2317 mus
445 2279 495 2317 ad
516 2289 630 2318 omne
655 2281 1022 2328 tolerandum‚·nec
1045 2279 1192 2319 laboris
1207 2278 1399 2328 patientes
1417 2288 1490 2317 nec
1521 2288 1586 2315 vo-
