1592 2580
278 164 463 220 NATUR.
486 179 698 229 QUAEsT.
728 181 925 223 LIB.V11.
958 186 1129 223 17—21.
1263 181 1345 222 309

62 285 138 324 sed
158 295 236 323 non
258 283 405 333 quibus
426 282 602 322 siderum
622 293 768 322 nomen
788 283 982 332 inponas,
1011 283 1106 332 quia
1120 283 1347 323 dilabuntur

63 351 138 380 nec
158 339 227 379 diu
245 340 390 378 durant
409 345 448 378 et
468 339 602 388 exigui
620 339 811 388 temporis
831 350 945 379 mora
964 338 1225 388 dissipantur.

140 423 223 462 XX.
252 423 300 461 In
327 423 420 461 hac
447 423 704 461 sententia
735 427 852 462 sunt
881 424 1116 473 plerique
1140 429 1343 463 nostro·
1365 427 1381 460 1

60 490 163 519 rum
195 489 269 518 nec
296 479 338 517 id
358 483 495 527 putant
522 479 675 517 veritati
699 489 937 527 repugnare.
973 479 1159 518 videmus
1180 479 1284 518 enim
1305 479 1344 517 in

61 535 219 575 sublimi
250 535 360 573 varia
386 533 535 582 ignium
557 533 716 583 concipi
735 544 885 583 genera
904 538 943 573 et
960 535 1082 574 modo
1104 536 1259 574 coelum
1282 545 1343 574 ar—

61 591 176 638 dere,
207 591 329 629 modo

167 621 303 694 ’lemos
323 657 348 684 a
371 651 479 694 terqo
493 648 743 694 flammarum
763 646 957 685 albescere
978 650 1137 694 tractus,

59 702 179 741 modo
209 702 319 740 faces
350 712 439 739 cum
458 701 551 749 igne
570 706 687 739 vasto
707 700 808 749 rapi.
846 700 924 739 iam
945 702 1035 750 ipsa
1055 702 1250 759 fulmina
1270 702 1345 740 etsi

59 752 271 796 velocitate
305 757 404 795 mira
437 757 554 795 simul
589 761 628 794 et
661 757 959 805 praestringunt
990 758 1118 796 aciem
1151 762 1190 796 et
1226 731 1342 796 relin-

60 817 206 862 quunt,
228 813 342 861 ignes
363 817 457 851 sunt
475 813 580 850 aeris
596 812 675 851 triti
691 818 730 851 et
744 812 884 861 inpetu
900 812 1003 852 inter
1017 824 1063 852 se
1079 813 1231 852 maiore
1247 823 1343 852 con-

55 869 133 908 lisi.
161 869 252 907 ideo
275 878 324 906 ne
345 868 538 907 resistunt
555 867 734 917 quidem,
757 869 830 907 sed
847 869 1034 917 expressi
1050 868 1179 908 fluunt
1194 874 1233 907 et
1251 880 1344 918 pro-

58 925 163 963 tinus
191 929 373 973 pereunt.
419 923 500 962 Alii
527 934 623 962 vero
651 924 767 972 ignes
788 923 857 962 diu
876 929 1039 965 manent
1058 935 1133 964 nec
1153 930 1244 963 ante
1264 924 1344 963 dis—
1359 930 1383 963 2

58 980 206 1018 cedunt
234 990 354 1029 quam
384 984 667 1028 consumptum
694 985 758 1018 est
784 989 920 1027 omne,
952 991 1032 1029 quo
1061 981 1344 1029 pascebantur,

57 1036 307 1074 alimentum:
344 1035 423 1074 hoc
450 1036 542 1073 loco
572 1040 665 1074 sunt
687 1035 754 1073 illa
773 1046 796 1074 a
814 1035 1033 1075 Posidonio
1056 1035 1208 1085 scripta
1226 1035 1343 1075 mira—

58 1093 167 1138 cula,
199 1092 410 1130 columnae
437 1090 638 1139 clipeique
664 1089 882 1138 flagrantes
903 1091 1088 1141 aliaeque
1107 1092 1252 1140 insigni
1272 1102 1344 1130 no-

56 1148 179 1186 vitate
206 1146 412 1193 flammae,
443 1156 547 1194 quae
571 1157 652 1184 non
673 1151 896 1185 everterent
915 1148 1090 1195 animos,
1120 1148 1155 1186 si
1177 1157 1228 1186 ex
1249 1157 1342 1185 con-

58 1202 271 1241 suetudine
298 1206 336 1239 et
364 1201 452 1249 lege
480 1202 758 1240 decurrerent:
794 1203 846 1240 ad
873 1202 975 1241 haec
1001 1207 1164 1252 stupent
1189 1213 1342 1250 omnes,

58 1269 163 1307 quae
180 1257 431 1306 repentinum
450 1257 581 1305 ignem
602 1267 654 1295 ex
673 1258 752 1296 alto
774 1257 964 1306 efferunt,
987 1258 1075 1297 sive
1095 1258 1255 1297 emicuit
1272 1258 1342 1297 ali-

57 1313 155 1362 quid
183 1318 222 1351 et
249 1313 348 1361 sugit
377 1312 463 1350 sive
491 1322 717 1361 conpresso
746 1314 840 1351 aere
869 1318 907 1351 et
935 1314 974 1351 in
994 1314 1179 1352 ardorem
1200 1318 1341 1353 coacto

55 1370 147 1407 loco
174 1367 354 1406 miraculi
379 1368 498 1406 stetit.
553 1368 655 1415 Quid
684 1372 810 1416 ergo?
846 1379 928 1407 non
957 1369 1173 1418 aliquando
1200 1369 1380 1412 lacuna3

56 1424 284 1463 secedentis
314 1426 451 1471 [retro]
481 1423 655 1461 aetheris
684 1424 810 1471 patuit
836 1428 876 1462 et
902 1429 1060 1463 vastum
1087 1425 1127 1463 in
1160 1435 1340 1464 concavo

57 1480 218 1519 lumen?
243 1478 470 1518 exclamare
488 1489 659 1527 posses:
690 1478 787 1527 quid
807 1484 869 1518 est
886 1479 995 1519 hoc?
1223 1528 1227 1531 ¹

550 1535 717 1573 medium
735 1535 846 1574 video
863 1536 1066 1575 discedere
1083 1537 1230 1575 eoelum

159 1592 420 1641 palantesque
435 1592 524 1639 polo
541 1592 684 1637 stellas,

58 1656 162 1696 quae
191 1646 408 1695 aliquando
437 1656 517 1684 non
551 1651 786 1694 exspectata
814 1650 932 1684 nocte
968 1647 1166 1686 fulserunt
1198 1651 1237 1685 et
1267 1657 1340 1696 per
1395 1665 1400 1670 -

56 1702 229 1741 medium
245 1706 465 1751 eruperunt
478 1701 603 1739 diem-
619 1701 693 1740 sed
707 1702 785 1740 alia
800 1700 918 1740 huius
933 1701 992 1740 rei
1006 1703 1106 1741 ratio
1123 1707 1197 1750 est,
1216 1713 1341 1751 quare

56 1758 185 1796 alieno
212 1762 396 1807 tempore
423 1757 619 1805 adparent
645 1756 684 1794 in
707 1759 819 1805 aere,
850 1768 951 1806 quas
972 1768 1085 1805 esse,
1112 1758 1231 1797 etiam
1251 1768 1340 1796 cum

56 1814 196 1860 latent,
226 1818 395 1852 constat.
440 1812 588 1851 Multos
610 1818 787 1851 cometas
806 1823 887 1851 non
908 1813 1110 1861 videmus,
1139 1813 1250 1862 quod
1270 1814 1339 1853 ob-
1355 1820 1377 1855 4

56 1873 267 1908 scurantur
294 1869 416 1907 radiis
445 1868 557 1908 solis.
597 1879 677 1916 quo
700 1868 910 1907 deficiente
933 1869 1135 1918 quondam
1156 1874 1339 1908 cometen

57 1924 317 1973 adparuisse,
347 1934 466 1972 quem
486 1923 547 1961 sol
569 1923 724 1962 vicinus
745 1929 917 1972 texerat,
946 1923 1186 1964 Posidonius
1206 1925 1337 1965 tradit.

58 1979 190 2028 Saepe
217 1984 350 2018 autem
378 1990 466 2018 cum
495 1979 642 2017 occidit
671 1980 753 2027 sol,
791 1979 924 2028 sparsi
948 1980 1063 2028 ignes
1090 1990 1171 2019 non
1197 1981 1339 2029 procul

56 2035 106 2073 ab
134 2046 183 2074 eo
213 2035 411 2073 videntur.
448 2034 635 2072 videlicet
658 2034 749 2083 ipsa
774 2036 890 2074 stella
917 2036 1003 2073 sole
1029 2035 1280 2084 perfunditur
1299 2041 1339 2075 et

56 2090 147 2129 ideo
175 2090 331 2140 adspici
357 2101 437 2129 non
466 2095 619 2139 potest:
658 2094 871 2138 com[et]ae
905 2095 1036 2130 autem
1065 2090 1203 2131 radios
1238 2092 1336 2131 solis

57 2144 261 2194 effugiunt.

136 2228 236 2268 XXI.
274 2229 408 2267 Placet
437 2239 532 2277 ergo
562 2228 712 2268 nostris
741 2233 918 2268 cometas
946 2228 1050 2268 sicut
1072 2229 1204 2276 faces,
1234 2229 1367 2268 sicutl

57 2283 172 2322 tubas
196 2284 412 2332 trabesque
440 2290 479 2323 et
507 2284 585 2323 alia
611 2289 770 2324 ostenta
797 2284 899 2323 coeli
927 2285 1054 2324 denso
1083 2286 1175 2323 aere
1195 2285 1332 2323 creari.

56 2339 153 2378 Ideo
181 2339 286 2378 circa
313 2340 638 2388 septemtrionem
660 2340 983 2390 frequentissime
1001 2340 1212 2390 adparent,
1241 2341 1334 2389 quia
