1592 2580
271 156 351 196 222
628 157 671 194 L.
699 157 889 196 ANNAEI
916 157 1143 196 SENECAE

229 256 249 288 5
270 255 491 302 humorem,
521 253 588 303 qui
608 255 728 293 modo
755 254 961 294 diuturnus
985 261 1063 301 est,
1093 256 1210 294 modo
1232 256 1376 295 brevis.
1420 257 1523 306 Ergo
1552 294 1554 297 ,

270 315 311 348 ut
334 310 370 347 in
393 309 626 357 corporibus
647 310 792 348 nostris
811 309 993 358 sanguis,
1015 320 1100 349 cum
1123 321 1314 358 percussa
1334 316 1396 350 est
1412 323 1524 360 vena,

270 365 415 402 tamdiu
431 368 582 411 manat,
603 364 730 402 donec
746 365 873 403 omnis
890 364 1044 404 effluxit
1057 370 1124 403 aut
1138 366 1266 404 donec
1285 376 1412 404 venae
1427 368 1523 406 scis-

270 429 363 456 sura
383 418 569 466 subsedit¹
581 423 700 466 atque
715 418 931 457 interclusit
951 424 1017 457 aut
1035 420 1166 468 aliqua
1185 420 1262 458 alia
1282 430 1403 458 causa
1421 427 1524 461 retro

270 472 378 511 dedit
405 474 657 520 sanguinem:
686 473 739 511 ita
764 472 802 510 in
833 479 936 511 terra
963 474 1101 512 solutis
1122 484 1167 512 ac
1190 475 1394 522 patefactis
1413 477 1524 514 venis

228 524 250 558 6
268 527 376 566 rivus
402 532 470 565 aut
496 527 643 565 flumen
671 527 895 566 effunditur.
934 529 1117 572 Interest,
1149 534 1294 576 quanta
1319 535 1455 577 aperta
1476 531 1526 569 sit

268 591 387 626 vena,
409 593 511 630 quae
526 582 645 620 modo
663 587 896 630 consumpta
911 593 1015 630 aqua
1034 583 1185 629 deficit,
1204 584 1324 622 modo
1347 585 1523 623 exsicca-

266 641 328 674 tur
341 636 473 684 aliquo
490 636 777 684 inpedimento,
791 637 910 675 modo
928 638 1004 676 coit
1021 638 1125 675 velut
1139 638 1176 675 in
1195 637 1414 676 cicatricem
1431 649 1522 678 con—

267 691 477 738 primitque
511 702 630 739 quam
659 693 894 739 patefecerat
921 691 1033 730 viam.
1079 692 1197 730 modo
1216 692 1283 730 illa
1301 693 1362 730 vis
1383 698 1521 739 terrae,

266 755 385 793 quam
405 755 496 784 esse
516 745 740 784 mutabilem
759 745 950 792 diximus,
979 745 1122 784 desinit
1141 756 1265 794 posse
1285 747 1466 786 alimenta
1485 749 1522 785 in

225 799 246 834 7
266 799 470 838 humorem
490 804 734 839 convertere.
760 800 987 847 Aliquando,
1007 806 1138 839 autem
1157 800 1352 840 exhausta
1371 802 1522 850 replen-

264 859 328 892 tur
346 854 465 893 modo
490 865 561 903 per
575 865 620 893 se
639 855 788 894 viribus
808 855 1047 902 recollectis,
1075 855 1194 894 modo
1222 855 1380 894 aliunde
1399 861 1521 895 trans-

266 909 366 947 latis.
411 920 534 958 saepe
563 909 667 948 enim
694 908 825 948 inania
848 910 1032 957 adposita
1051 910 1178 957 plenis
1197 909 1402 949 humorem
1421 911 1459 948 in
1479 921 1523 950 se
1548 926 1555 934 ·

264 970 546 1003 avocaverunt.
594 974 716 1012 saepe
742 969 862 1010 terra,
900 964 934 1002 si
963 963 1089 1003 facilis
1115 966 1232 1003 estin
1252 965 1401 1011 tabem,
1435 965 1524 1013 ipsa

265 1019 431 1056 solvitur
454 1025 491 1057 et
514 1018 718 1057 humescit.
754 1019 895 1067 [saepe]
920 1019 1022 1056 idem
1038 1020 1169 1057 evenit
1184 1019 1258 1057 sub
1273 1024 1393 1066 terra,
1415 1021 1521 1067 quod

263 1074 302 1110 in
323 1073 514 1122 nubibus,
546 1078 588 1111 ut
607 1073 804 1121 spissetur
824 1076 942 1120 [aer],
971 1073 1208 1121 graviorque
1237 1084 1354 1121 quam
1382 1079 1424 1112 ut
1442 1085 1521 1112 ma-

262 1138 357 1165 nere
377 1130 506 1175 possit
522 1128 558 1165 in
581 1133 719 1166 natura
739 1139 832 1173 sua,
861 1128 993 1175 gignat
1011 1128 1227 1167 humorem.
1272 1139 1395 1177 saepe
1416 1130 1521 1167 colli—

261 1182 363 1229 gitur
380 1183 483 1220 roris
503 1183 621 1221 modo
639 1182 768 1220 tenuis
795 1186 834 1220 et
861 1183 1066 1229 dispersus
1088 1183 1219 1231 liquor
1233 1213 1242 1230 ‚
1272 1184 1338 1231 qui
1358 1193 1408 1221 ex
1426 1185 1523 1221 mul*

264 1236 312 1274 tis
331 1237 369 1274 in
389 1247 511 1275 unum
536 1237 635 1275 locis
665 1236 846 1275 confluit:
884 1236 1115 1275 sudorem
1141 1237 1342 1285 aquileges
1367 1242 1521 1284 vocant,

264 1292 355 1339 quia
374 1297 506 1338 guttae
526 1291 719 1339 quaedam
738 1292 799 1328 vel
820 1301 1009 1339 pressura
1023 1291 1100 1329 loci
1120 1292 1313 1330 eliduntur
1327 1292 1391 1329 vel
1411 1297 1523 1330 aestu

221 1351 244 1385 8
263 1351 492 1384 evocantur.
534 1346 642 1384 Haec
676 1345 807 1383 tenuis
839 1346 946 1384 unda
979 1346 1047 1383 vii<
1074 1347 1171 1384 fonti
1199 1346 1362 1385 sufficit:
1405 1351 1446 1384 at
1473 1357 1522 1384 ex

261 1401 415 1448 magnis
445 1400 578 1440 causis
607 1401 841 1447 magnisque
874 1400 1132 1447 conceptibus
1161 1400 1347 1439 excidunt
1373 1411 1521 1448 amnes,

262 1465 546 1503 nonnunquam
572 1455 709 1493 leviter
730 1455 884 1499 emissi,
913 1455 947 1492 si
974 1465 1079 1502 aqua
1107 1455 1284 1502 pondere
1305 1465 1348 1493 se
1375 1459 1520 1493 tantum

263 1510 418 1556 detulit,
448 1520 730 1557 nonnunquam
762 1509 1014 1548 vehementer
1041 1515 1079 1548 et
1104 1520 1193 1548 cum
1216 1520 1335 1557 sono,
1364 1509 1398 1549 si
1418 1510 1522 1548 illam

262 1565 425 1612 spiritus
444 1564 687 1603 intermixtus
709 1563 835 1602 eiecit.
943 1611 950 1617 μ

221 1629 237 1663 1
340 1619 442 1657 XV1.
471 1618 604 1666 „Sed
632 1629 787 1667 quare
813 1618 1014 1667 quidam
1041 1619 1206 1657 fontes
1226 1617 1520 1657 senishoris

260 1675 397 1722 pleni
425 1674 674 1722 senisque
701 1673 824 1712 sicci
854 1676 1024 1712 ειιηῑὲἰι
1053 1672 1352 1721 Supervacuum
1372 1678 1432 1711 est
1451 1684 1518 1712 no-

260 1729 411 1767 minare
444 1728 600 1776 singula
631 1727 814 1775 flumina,
847 1738 951 1776 quae
983 1727 1099 1766 certis
1133 1728 1334 1766 mensibus
1366 1738 1519 1775 magna,

261 1783 378 1822 certis
395 1787 564 1830 angusta
580 1787 726 1821 suntet
744 1783 995 1821 occasionem
1015 1782 1180 1830 singulis
1201 1792 1411 1830 quaerere,
1432 1793 1520 1821 cum

219 1848 242 1881 2
260 1838 412 1887 possim
441 1837 621 1876 eamdem
642 1848 804 1876 causam
825 1837 876 1876 de
895 1837 1078 1876 omnibus
1097 1837 1278 1875 reddere.
1327 1836 1518 1883 Quemad-

259 1893 422 1932 modum
438 1896 630 1942 quartana
648 1893 699 1930 ad
714 1892 853 1930 horam
866 1892 992 1939 venit,
1014 1891 1345 1939 quemadmodum
1359 1891 1410 1928 ad
1425 1896 1518 1929 tem-

259 1958 338 1996 pus
353 1947 533 1996 podagra
547 1947 784 1995 respondet,
805 1946 1136 1995 quemadmodum
1152 1946 1351 1994 purgatio,
1372 1945 1405 1983 si
1425 1945 1518 1983 nihil

260 2003 411 2049 obstat,
433 2006 616 2040 statutum
638 2001 912 2047 diemwservat,
934 2001 1265 2049 quemadmodum
1280 2003 1437 2048 praesto
1458 2006 1519 2038 est

260 2058 311 2096 ad
328 2067 633 2111 mensemsuum
653 2060 806 2104 partus:
822 2056 880 2094 sic
895 2066 1024 2103 aquae
1038 2056 1238 2094 intervalla
1255 2054 1415 2100 habent,
1433 2055 1515 2102 qui-

258 2112 335 2150 bus
357 2121 402 2150 se
416 2111 616 2150 retrahant
630 2116 668 2149 et
683 2110 825 2159 quibus
839 2111 1015 2148 redeant.
1045 2110 1235 2158 quaedam
1254 2113 1383 2147 autem
1399 2108 1516 2149 inter-

260 2167 366 2204 valla
385 2171 476 2204 sunt
493 2166 645 2204 minora
663 2170 702 2204 et
719 2165 811 2207 ideo
831 2165 1036 2212 notabilia,
1065 2164 1256 2213 quaedam
1274 2163 1424 2209 maiora
1441 2172 1516 2201 nec

221 2224 243 2258 3
261 2222 390 2260 minus
410 2224 529 2259 certa.
556 2220 710 2269 Ecquid
723 2219 791 2258 'hic
812 2220 953 2258 mirum
973 2225 1050 2266 est,
1073 2229 1159 2256 cum
1177 2218 1315 2256 videas
1337 2216 1514 2267 ordInem

262 2285 391 2314 rerum
412 2279 450 2315 et
469 2275 648 2314 naturam
667 2282 739 2325 p‘er
758 2274 969 2314 constituta
992 2273 1244 2323 procederet·
1257 2272 1383 2312 hiems
1403 2282 1511 2311 num—
