1624 2626
236 152 311 194 188
489 153 530 191 L.
545 152 731 191 ANNAEI
754 152 990 192 SENECAE.
1010 152 1139 191 DIAL.
1162 153 1225 192 IX.

192 256 213 289 6
234 251 427 300 oppositis
441 281 451 298 ,
473 251 545 290 sed
565 250 742 290 animose
762 251 949 300 recipis.“
977 252 1048 300 Qui
1067 259 1228 292 mortem
1244 254 1402 301 timebit,
1423 254 1480 293 ni-

234 307 283 344 hil
311 316 497 354 umquam
518 317 589 354 pro
609 306 767 344 homine
787 307 849 356 [et]
869 306 954 345 viro
975 308 1109 345 saciet=
1143 312 1182 346 at
1201 309 1268 357 qui
1288 308 1386 347 sciat
1405 308 1481 347 hoc

233 361 309 399 sibi
330 371 418 398 cum
438 360 713 409 conciperetur
732 360 860 399 statim
880 360 1122 409 condictum,
1143 361 1250 401 vivet
1268 363 1318 400 ad
1338 364 1482 401 formu-

235 417 310 452 lam
328 419 367 453 et
385 415 498 453 simul
519 414 614 453 illud
635 425 795 464 quoque
812 415 952 453 eodem
968 415 1083 453 animi
1099 416 1243 454 robore
1258 417 1481 464 praestabit,

233 480 290 507 ne
311 469 427 517 quid
447 479 504 506 ex
521 469 602 515 iis,
619 479 745 517 quae
760 470 1017 516 eveniunt,
1035 470 1252 509 subitum
1267 470 1344 509 sit.
1375 470 1482 519 quic—

234 524 329 571 quid
356 523 458 561 enim
485 523 569 561 fieri
590 528 739 571 potest,
775 523 890 572 quasi
910 524 1079 562 futurum
1100 524 1170 572 sit,
1203 525 1483 573 prospiciendo

232 578 423 615 malorum
442 577 614 615 omnium
633 578 790 626 inpetus
809 577 973 625 molliet,
995 578 1061 626 qui
1077 578 1128 617 ad
1144 584 1400 627 praeparatos
1416 589 1484 618 ex—

235 635 542 679 spectantesque
569 631 662 670 nihil
685 632 866 670 adferunt
886 632 996 670 novi=
1032 633 1183 671 securis
1211 638 1249 671 et
1266 633 1381 671 beata
1400 637 1484 671 tan-

233 691 316 724 tum
335 686 602 733 spectantibus
623 696 766 733 graves
787 687 957 724 veniunt.
999 687 1161 726 morbus
1180 687 1302 734 enim,
1323 687 1484 735 captivi-

233 745 293 779 tas
305 770 315 787 ‚
333 741 464 787 ruina,
485 740 605 787 ignis,
628 740 722 778 nihil
738 740 877 778 horum
890 741 1135 789 repentinum
1149 746 1222 780 est.
1250 771 1273 788 ‚,
1285 742 1482 788 Sciebam,

192 798 212 832 7
233 794 271 832 in
295 805 411 842 quam
430 795 711 833 tumultuosum
729 805 792 833 me
811 795 1110 842 contubernium
1128 801 1266 834 natura
1287 796 1486 834 clusisset.

233 849 375 887 totiens
408 849 448 886 in
482 848 624 886 vicinia
643 859 731 887 mea
751 851 1038 888 conclamatum
1054 854 1126 888 est.
1168 849 1311 888 totiens
1332 854 1488 898 praeter

234 902 348 940 limen
360 903 571 941 inmaturas
583 902 795 951 exsequias
808 904 873 941 fax
883 913 1104 952 cereusque
1117 904 1344 952 praecessit.
1364 914 1487 952 saepe

233 967 261 994 a>
276 958 396 995 latere
414 956 562 995 ruentis
578 957 746 995 aedificii
763 958 895 1005 fragor
907 958 1051 997 sonuit.
1079 956 1222 997 multos
1238 968 1288 997 ex
1303 958 1363 1005 iis,
1381 969 1483 1006 quos

234 1012 381 1056 sorum,
402 1011 529 1057 curia,
559 1021 688 1048 sermo
710 1021 862 1049 mecum
882 1017 1146 1060 contraxerat,
1175 1023 1256 1050 nox
1274 1013 1432 1052 abstulit
1450 1017 1488 1050 et

233 1065 377 1103 iunctis
402 1065 453 1102 ad
480 1064 701 1102 sodalitium
730 1075 869 1103 manus
890 1067 1093 1114 copulatas
1113 1067 1346 1105 interscidit=
1371 1067 1488 1104 mirer

234 1120 286 1157 ad
305 1129 366 1157 me
385 1118 597 1167 aliquando
619 1119 793 1166 pericula
811 1120 1053 1166 accessisse,
1074 1130 1175 1168 quae
1190 1120 1295 1158 circa
1308 1130 1370 1158 me
1386 1131 1487 1158 sem-

235 1184 307 1221 per
333 1172 574 1211 erraverint?
609 1173 754 1220 Magna
772 1184 866 1221 pars
886 1173 1085 1211 hominum
1106 1179 1185 1220 est,
1206 1184 1308 1223 quae
1327 1175 1487 1222 naviga*-

194 1233 217 1267 8
236 1233 323 1266 tura
348 1228 398 1265 de
423 1231 656 1275 tempestate
682 1238 762 1265 non
784 1227 941 1275 cogitat.
983 1228 1201 1276 Numquam
1228 1238 1290 1266 me
1316 1228 1355 1266 in
1383 1229 1488 1267 bona

237 1286 308 1330 [re]
342 1282 432 1320 mali
460 1281 623 1329 pudebit
641 1281 825 1320 auctoris.
865 1281 1026 1320 Publius
1038 1312 1047 1329 ‚
1065 1282 1225 1330 tragicis
1248 1283 1488 1331 comicisque

234 1335 505 1374 vehementior
522 1335 711 1383 ingeniis,
734 1336 916 1383 quotiens
935 1337 1110 1374 mimicas
1130 1336 1352 1384 ineptiaset
1367 1338 1489 1374 verba

236 1391 287 1429 ad
312 1400 503 1428 summam
531 1400 691 1427 caveam
718 1391 936 1438 spectantia
954 1391 1130 1439 reliquit,
1157 1391 1257 1429 inter
1274 1392 1396 1430 multa
1415 1391 1490 1429 alia

237 1444 447 1492 cothurno,
469 1449 714 1483 non-tantum
732 1445 878 1492 sipario
903 1446 1084 1491 fortiora,
1105 1450 1143 1483 et
1160 1445 1236 1483 hoc
1255 1445 1326 1483 ait:

414 1500 532 1538 cuivis
543 1503 668 1547 potest
684 1501 860 1538 accidere
877 1500 980 1547 quod
989 1502 1169 1547 cuiquam
1181 1504 1313 1547 potest.

235 1555 320 1591 Hoc
349 1554 382 1591 si
413 1553 501 1601 quis
529 1553 567 1590 in
597 1553 789 1591 medullas
810 1553 1009 1591 demiserit
1026 1558 1064 1592 et
1083 1553 1213 1591 omnia
1232 1554 1359 1592 aliena
1377 1554 1488 1600 mala,

238 1619 403 1656 quorum
422 1608 560 1655 ingens
580 1608 723 1645 cotidie
743 1607 859 1656 copia
877 1612 948 1655 est,
970 1608 1027 1646 sic
1043 1608 1281 1656 adspexerit,
1292 1613 1486 1656 tamquam

236 1663 402 1700 liberum
420 1662 496 1699 illis
517 1666 554 1700 et
573 1662 624 1699 ad
643 1672 688 1700 se
709 1661 783 1700 iter
803 1662 864 1709 sit,
883 1663 1002 1701 multo
1023 1667 1113 1701 ante
1131 1673 1177 1700 se
1192 1662 1356 1700 armabit
1372 1672 1484 1709 quam

197 1733 219 1767 9
240 1721 403 1764 petatur.
434 1716 531 1754 Sero
552 1717 704 1754 animus
724 1716 776 1754 ad
796 1718 1057 1764 periculorum
1073 1717 1300 1765 patientiam.
1313 1720 1405 1764 post
1422 1725 1472 1764 pe

238 1772 360 1809 ricula
380 1771 591 1809 instruitur.
621 1771 734 1819 „Non
755 1769 888 1818 putavi
904 1771 980 1809 hoc
996 1772 1205 1809 futurum.“
1224 1776 1262 1809 et
1279 1780 1489 1818 „umquam

237 1830 279 1863 tu
297 1826 372 1863 hoc
388 1830 617 1864 eventurum
637 1825 939 1863 credidissesw
965 1826 1092 1872 Quare
1111 1830 1239 1863 autem
1258 1836 1336 1863 non
1348 1829 1366 1862 2
1389 1834 1490 1872 quae

239 1885 330 1917 sunt
356 1880 534 1927 divitiae,
565 1890 664 1928 quas
684 1890 763 1918 non
784 1886 942 1927 egestas
962 1884 1000 1918 et
1019 1881 1141 1918 fames
1162 1884 1201 1918 et
1217 1878 1447 1917 mendicitas
1468 1889 1492 1916 a

238 1938 348 1981 tergo
370 1939 584 1981 sequatur?
620 1944 723 1982 quae
743 1934 932 1982 dignitas,
961 1934 1073 1972 cuius
1092 1944 1171 1972 non
1191 1938 1433 1981 praetextam
1453 1936 1491 1970 et

241 1989 426 2034 augurale
447 1993 485 2027 et
505 1989 588 2027 lora
608 1988 770 2036 patricia
788 1989 930 2027 sordes
951 1989 1182 2028 comitentur
1202 1991 1239 2025 et
1258 1987 1490 2035 exportatio,

239 2046 357 2080 notae
385 2047 423 2079 et
447 2043 550 2081 mille
568 2044 745 2081 maculae
765 2048 803 2081 et
821 2048 997 2082 extrema
1015 2041 1278 2089 contemptio?
1305 2041 1412 2089 quod
1430 2051 1490 2078 re-

240 2106 359 2144 gnum
386 2100 465 2143 est,
495 2097 557 2135 oui
583 2108 662 2136 non
690 2102 828 2145 parata
847 2097 897 2136 sit
914 2098 1027 2135 ruina
1045 2101 1082 2134 et
1102 2094 1343 2143 proculcatio
1364 2100 1402 2134 et
1420 2095 1490 2132 do—

240 2151 368 2189 minus
388 2155 426 2187 et
445 2152 646 2189 carnifex?
663 2162 737 2189 nec
756 2152 908 2199 magnis
928 2151 1004 2191 ista
1022 2150 1234 2188 intervallis
1251 2149 1397 2197 divisa,
1419 2149 1492 2187 sed

239 2205 362 2243 horae
394 2210 630 2243 momentum
662 2206 824 2244 interest
859 2207 958 2244 inter
986 2204 1127 2243 solium
1147 2208 1184 2242 et
1204 2203 1330 2242 aliena
1350 2213 1490 2251 genua.

188 2266 231 2299 10
243 2257 348 2298 Scito
369 2268 463 2306 ergo
485 2268 639 2298 omnem
661 2261 933 2300 condicionem
961 2259 1194 2297 versabilem
1216 2268 1307 2297 esse
1326 2262 1364 2296 et
1383 2258 1491 2307 quic-
