1592 2580
287 170 472 212 NATUR.
493 171 706 220 QUAEST.
733 172 829 212 LIB.
843 172 895 212 V.
919 178 1073 214 8—12.
1237 172 1321 217 2⁶1

43 272 158 324 piunt
182 271 301 320 flare,
329 283 419 311 cuni
445 273 594 323 etnam]
622 273 780 322 longius
807 273 1035 312 extenditur
1051 273 1139 313 dies
1158 277 1199 313 et
1220 275 1321 315 -recti

42 329 83 368 in
111 340 187 369 nos
213 328 314 367 radii
342 328 575 376 diriguntur.
628 329 725 367 Veri
753 339 849 377 ergo
871 329 999 368 simile
1018 334 1081 368 est
1099 337 1360 372 concussas3

42 385 176 424 calore
195 393 338 432 magno
359 385 472 422 nives
493 385 584 432 plus
602 383 755 422 humidi
772 383 927 423 efflare.
961 385 1053 423 item
1076 389 1204 424 terras
1224 396 1320 426 exo-

41 445 202 480 neratas
229 440 320 478 nive
348 443 602 488 retectasque
630 440 784 488 spirare
817 439 995 479 liberius.
1036 440 1090 479 ita
1123 442 1239 489 plura
1269 452 1321 480 ex

40 494 355 546 septemtrionali
383 500 494 544 parte
523 494 628 534 coeli
655 505 826 544 corpora
843 496 957 534 exire
976 499 1015 534 et
1039 496 1079 534 in
1097 495 1199 535 haec
1217 498 1319 545 loca,

33 561 144 602 quae
161 556 256 590 sunt
275 549 540 589 submissiora
560 561 608 588 ac
626 551 841 599 tepidiora,
869 551 1030 589 deferri.
1059 550 1121 590 sic
1142 552 1320 601 inpetum

28 606 188 647 ietesias
208 616 386 645 sumere:
416 611 456 646 et
473 605 525 645 ob
546 605 623 644 hoc
638 617 663 644 a
678 606 848 645 solstitio
865 605 941 645 illis
954 606 1107 646 initium
1122 612 1195 655 est,
1216 609 1320 647 ultra

0 667 1 686 ²
29 667 170 705 ,ortum
196 661 408 701 Caniculae
437 672 518 700 non
546 662 696 708 valent,
727 661 822 710 quia
849 661 926 700 iam
948 662 1113 701 multum
1132 673 1155 701 e
1174 663 1319 711 frigida

37 718 142 758 coeli
161 722 273 767 parte
294 717 334 755 in
354 716 457 755 hanc
477 715 700 756 coniectum
722 723 796 756 est.
825 727 872 755 ac
892 717 955 756 sol
975 722 1124 757 mutato
1142 728 1262 757 cursu
1278 720 1317 757 in
1332 726 1355 760 4

35 779 175 813 nostra
195 773 341 812 rectior
359 773 575 812 intenditur
594 777 634 811 et
653 774 816 811 alteram
837 777 989 820 partem
1008 773 1113 812 aeris
1133 774 1316 822 adtrahit,

36 829 154 868 aliam
180 839 278 868 vero
306 828 470 876 inpellit.
526 827 593 867 Sic
622 828 687 866 ille
721 828 936 867 etesiarum
968 827 1088 869 flatus
1123 834 1316 868 aestatem

31 885 182 933 ‚frangit
200 889 239 924 et
258 895 283 922 a
299 884 495 923 mensium
517 883 898 922 ferventissimorum
918 884 1111 932 gravitate
1126 884 1316 924 defendit.

52 975 54 977 ,
115 940 182 978 XL
223 939 358 978 Nunc
389 940 499 989 quod
531 938 696 988 promisi
729 938 999 979 dicendum
1029 944 1125 987 est,
1160 951 1316 988 quare
1336 948 1352 980 1

29 996 234 1037 etesiae
267 1005 359 1033 vos
397 1006 495 1034 non
516 994 777 1036 *adiuvent
812 1004 944 1043 neque
976 994 1191 1043 quicquam
1223 995 1317 1034 huic

35 1051 242 1091 conferant
269 1060 430 1089 causae.
484 1050 660 1089 Dicimus
695 1056 786 1089 ante
818 1050 947 1088 lucem
981 1060 1118 1089 auram
1151 1050 1316 1096 incitari,

31 1107 217 1146 eamdem
246 1106 476 1152 subsidere,
505 1116 595 1144 cum
617 1106 722 1144 illam
743 1107 804 1144 sol
822 1105 1000 1153 adtingit.
1034 1103 1145 1154 atqui
1166 1107 1317 1144 etesiae

34 1162 87 1201 ob
110 1162 188 1200 hoc
225 1161 564 1201 somniculosi
592 1172 616 1200 a
641 1161 772 1199 nautis
801 1165 840 1199 et
867 1161 1080 1199 delicati
1108 1166 1314 1207 vocantur,

34 1217 168 1266 quod,
196 1222 240 1256 ut
258 1217 313 1256 ait
332 1217 478 1265 Gallio,
504 1228 620 1256 mane
643 1218 820 1256 nesciunt
841 1227 1026 1264 surgere:
1063 1225 1113 1255 eo
1132 1221 1316 1265 tempore

33 1273 118 1312 fere
137 1272 331 1322 incipiunt
349 1272 531 1321 prodire,
563 1283 643 1321 quo
664 1282 715 1310 ne
735 1272 920 1320 pertinax
941 1270 1100 1319 quidem
1123 1283 1220 1310 aura
1239 1278 1314 1311 est.

34 1328 146 1377 quod
171 1339 251 1368 non
281 1327 500 1376 accideret,
529 1328 563 1366 si
581 1333 626 1367 ut
643 1338 802 1375 auram,
831 1327 885 1365 ita
905 1327 995 1365 illos
1017 1327 1079 1365 sol
1099 1337 1314 1367 conmove·

31 1388 105 1423 ret.
148 1384 277 1423 Adice
305 1393 430 1431 nunc,
459 1384 570 1432 quod
596 1382 632 1422 si
660 1393 784 1422 causa
803 1382 880 1420 illis
901 1381 1020 1420 flatus
1042 1386 1104 1420 est
1124 1383 1202 1421 diei
1222 1393 1313 1431 spa·
1330 1391 1352 1424 2

31 1438 129 1478 tium
149 1449 196 1477 ac
214 1438 421 1486 longitudo
432 1468 443 1486 ‚
470 1438 588 1477 etiam
604 1443 694 1477 ante
710 1437 923 1477 solstitium
938 1436 1100 1485 flarent,
1123 1447 1212 1476 cum
1228 1438 1313 1476 lon-

32 1494 188 1543 gissimi
215 1494 301 1532 dies
333 1497 427 1532 sunt
453 1499 492 1533 et
519 1493 783 1533 cummaxime
810 1493 924 1531 nives
943 1492 1166 1532 tabescunt.
1213 1492 1314 1532 Iulio

33 1550 137 1589 enim
164 1559 303 1593 mense
330 1549 408 1587 iam
434 1548 659 1598 despoliata
687 1553 781 1588 sunt
810 1548 943 1587 omnia
962 1553 1030 1586 aut
1050 1554 1158 1587 certe
1176 1548 1313 1588 admo-

34 1605 127 1644 dum
148 1615 276 1653 pauca
296 1605 428 1644 iacent
445 1604 578 1643 adhuc
598 1604 674 1643 sub
694 1604 799 1642 nive.

35 1692 42 1695 ,
112 1660 197 1699 XlI.
235 1659 337 1699 Sunt
364 1660 563 1708 quaedam
589 1670 740 1709 genera
765 1663 996 1704 ventorum,
1035 1668 1140 1707 quae
1170 1663 1313 1707 ruptae
1332 1664 1349 1696 1

31 1716 159 1755 nubes
180 1716 275 1755 etin
296 1726 467 1764 pronum
487 1717 643 1754 solutae
658 1717 854 1754 emittunt:
882 1714 960 1753 hos
983 1712 1163 1752 Graeci
1192 1724 1311 1752 ven-

31 1777 112 1812 tos
141 1770 421 1820 ecnephias
449 1775 646 1810 vocant.
675 1770 759 1819 qui
779 1770 891 1815 hoc,
921 1774 1136 1817 utputo,
1166 1770 1312 1808 modo

31 1827 179 1867 fiunt:
209 1838 301 1867 curn
325 1836 470 1874 magna
496 1826 760 1875 inaequalitas
787 1836 836 1864 ac
864 1824 1144 1864 dissimilitudo
1167 1834 1312 1874 eorpo-

29 1893 137 1931 rum,
169 1892 272 1931 quae
299 1892 428 1930 vapor
455 1886 637 1920 terrenus
658 1881 813 1927 emittit,
844 1881 885 1918 in
904 1879 1074 1919 sublime
1094 1884 1158 1918 eat
1178 1885 1218 1919 et
1235 1880 1314 1919 alia

31 1948 84 1977 ex
109 1938 172 1978 his
199 1938 437 1986 corporibus
465 1937 578 1976 sicca
595 1938 692 1983 sint,
723 1936 800 1974 alia
816 1935 1000 1982 humida,
1031 1945 1083 1973 ex
1102 1939 1211 1974 tanta
1230 1935 1312 1975 dis-

31 1992 170 2033 cordia
190 2003 404 2042 corporum
427 1992 528 2031 inter
544 2002 589 2030 se
610 1991 891 2041 pugnantium,
920 2001 1011 2029 cum
1024 1990 1064 2028 in
1079 2001 1202 2029 unum
1217 2001 1313 2030 con-

31 2047 192 2100 globata
219 2053 332 2097 sunt,
361 2047 577 2087 verisimile
604 2052 667 2086 est
693 2046 890 2096 quasdam
912 2056 1033 2084 cavas
1054 2045 1160 2084 effici
1180 2046 1313 2086 nubes

31 2108 72 2143 et
95 2102 304 2151 intervalla
320 2104 431 2143 >inter
456 2103 546 2142 illas
567 2101 740 2151 relinqui
760 2101 944 2141 fistulosa
966 2101 1064 2139 etin
1083 2101 1246 2140 modum
1265 2103 1312 2140 ti-

30 2157 122 2196 biae
149 2165 332 2208 angusta.
385 2159 456 2198 His
485 2158 701 2197 intervallis
727 2157 859 2196 tenuis
887 2156 1113 2195 includitur.
1132 2156 1347 2205 spiritus‚-2

34 2213 102 2262 qui
120 2215 247 2254 maius
267 2214 680 2263 desideratspatium,
712 2223 800 2251 cum
821 2212 1080 2250 everberatus
1096 2221 1220 2251 cursu
1240 2223 1315 2262 pa·-

31 2279 118 2307 rum
147 2268 271 2310 libero
298 2270 458 2309 incaluit
478 2275 515 2308 et
537 2268 586 2307 ob
607 2268 685 2307 hoc
705 2267 872 2316 amplior
890 2266 952 2314 fit,
981 2267 1209 2316 scinditque
1227 2268 1311 2306 cin·

30 2323 165 2374 genua
190 2328 232 2365 et
256 2326 426 2376 erumpit
456 2323 497 2364 in
524 2329 706 2373 ventum,
746 2323 813 2372 qui
842 2323 926 2362 fere
951 2322 1205 2372 procellosus
1233 2328 1307 2371 est,
