1624 2626
271 168 279 179 ²
340 174 474 215 DIAL.
493 175 544 215 V.
571 174 649 214 vDE
676 173 767 214 IRA
794 173 889 213 LlB.
910 173 974 212 111.
1007 177 1118 213 1—-3-
1321 172 1374 214 81

84 275 230 316 modus
260 274 416 315 virium.
458 274 641 324 Denique
670 279 804 314 cetera
827 273 1008 322 singulos
1037 271 1278 321 corripiunt,
1309 273 1412 315 hic2

28 347 29 357 ³
82 343 188 372 unus
209 331 391 371 adfectus
411 336 486 380 est,
507 331 575 381 qui
591 329 968 379 interdum-publice
988 329 1224 378 coneipitur.
1262 340 1374 368 num-

27 389 29 414 ?
83 399 203 438 quam
223 388 401 437 populus
420 387 636 427 universus
660 387 831 425 feminae
850 396 988 425 amore
1008 384 1214 435 flagravit,
1240 395 1315 424 nec
1334 385 1374 424 in

82 443 295 493 pecuniam
314 449 383 483 aut
409 444 563 482 lucrum
582 448 667 482 tota
689 442 831 483 civitas
859 452 975 491 spem
995 452 1112 480 suam
1131 441 1250 480 misit.
1291 439 1373 480 am-

79 499 176 539 bitio
197 499 341 539 viritim
362 498 545 548 singulos
566 503 752 548 occupat.
791 497 1014 548 inpotentia
1037 508 1118 537 non
1143 502 1207 535 est
1226 498 1374 537 malum

81 555 306 604 publicum:
331 566 455 604 saepe
474 555 514 594 in
538 554 636 595 iram
657 566 736 594 uno
757 554 914 604 agmine
934 554 1028 594 itum
1046 559 1120 593 est.
1150 552 1238 599 viri,
1262 553 1372 592 femi·
1389 559 1412 594 3

78 622 177 659 nae,
215 621 352 659 senes,
393 612 527 660 pueri,
565 610 772 660 principes
799 611 1028 659 volgusque
1057 619 1307 649 consensere
1334 614 1374 649 et

19 695 23 722 3
78 673 162 707 tota
182 667 390 706 multitudo
412 666 670 716 paucissimis
697 667 833 705 verbis
861 666 1062 705 concitata
1080 665 1216 715 ipsum
1237 666 1371 705 conci-

77 728 246 763 tatorem
274 723 506 762 antecessit.
549 724 602 761 ad
628 734 740 762 arma
771 723 952 772 protinus
988 722 1188 771 ignesque
1216 722 1370 761 discur-

18 785 21 800 *
78 790 168 818 sum
189 784 251 819 est
280 785 320 818 et
346 779 498 818 indicta
518 778 696 818 finitimis
725 779 830 818 bella
852 783 919 818 aut
945 783 1060 827 gesta
1088 789 1180 817 cum
1199 778 1370 818 civibus.

17 855 19 871 ε
76 839 185 874 totae
213 845 304 874 cum
327 835 452 883 stirpe
482 835 588 874 omni
613 834 814 874 erematae
834 835 980 875 domus
1003 839 1043 873 et
1060 834 1182 874 modo
1206 834 1370 882 eloquio
1386 844 1409 878 4

78 890 312 930 favorabilis
333 890 493 930 habitus
515 891 570 938 [in
589 892 712 929 multo
733 891 903 938 honore]
927 891 1022 929 iram
1046 901 1144 930 suae
1162 890 1371 929 concionis

78 947 250 995 excepit.
294 947 334 985 in
363 945 646 996 imperatorem
678 958 796 985 suum
829 946 1013 995 legiones
1043 941 1124 995 pila
1153 950 1371 985 torserunt.

78 1002 250 1042 dissedit
287 1002 401 1051 plebs
439 1007 519 1041 tota
544 1013 635 1041 cum
670 1003 865 1051 patribus.
910 1002 1115 1050 publicum
1145 1002 1370 1050 consilium,

78 1063 242 1099 senatus
263 1069 345 1097 non
366 1057 612 1106 exspectatis
636 1058 860 1097 delectibus
878 1068 954 1096 nee
974 1058 1177 1097 nominato
1199 1058 1370 1106 impera-

12 1118 14 1122 “
76 1113 163 1154 tere
181 1114 337 1154 subitos
355 1114 439 1153 irae
459 1124 559 1152 suae
579 1114 705 1152 duces
726 1114 822 1162 legit
839 1125 887 1152 ac
908 1124 980 1162 per
998 1119 1105 1153 tecta
1126 1113 1238 1152 urbis
1256 1114 1370 1153 nobi-

75 1169 124 1209 lis
138 1175 404 1209 consectatus
429 1169 541 1208 viros
554 1170 807 1219 supplicium
826 1180 946 1208 manu
967 1169 1154 1219 sumpsit.
1199 1170 1370 1209 violatae
1386 1178 1407 1211 5

73 1225 296 1275 legationes
315 1230 433 1274 rupto
452 1225 538 1264 iure
559 1226 735 1275 gentium
754 1226 973 1275 rabiesque
993 1228 1063 1273 sin]
1086 1226 1250 1264 infanda
1272 1226 1368 1265 civi-

75 1286 195 1321 tatem
211 1282 308 1321 tulit.
336 1291 412 1320 nec
428 1282 563 1321 datum
583 1286 757 1330 tempus,
779 1293 860 1331 quo
877 1282 1074 1321 resideret
1088 1287 1220 1321 tumor
1238 1283 1369 1331 publi-

75 1347 169 1385 cus,
191 1338 266 1377 sed
286 1338 484 1377 deductae
504 1338 689 1386 protinus
711 1339 867 1377 classes
888 1342 927 1377 et
945 1342 1136 1380 oneratae
1157 1339 1367 1377 tumultua-

73 1393 134 1432 rio
159 1394 294 1432 milite.
335 1393 423 1433 sine
449 1398 582 1442 more,
613 1393 702 1433 sine
723 1394 917 1443 auspiciis
941 1394 1119 1443 populus
1142 1394 1265 1433 ductu
1283 1393 1368 1433 irae

76 1459 174 1487 suae
192 1459 383 1498 egressus
403 1450 564 1489 fortuita
579 1455 779 1499 raptaque
803 1461 876 1499 pro
896 1451 1017 1489 armis
1039 1450 1186 1499 gessit,
1219 1450 1367 1489 deinde

75 1514 222 1552 magna
246 1505 361 1543 clade
386 1505 648 1545 temeritatem
669 1507 839 1545 audacis
861 1505 945 1545 irae
964 1507 1046 1546 luit.
1085 1506 1160 1545 Hic
1183 1506 1366 1546 barbaris
1382 1516 1404 1552 6

76 1561 179 1599 forte
197 1560 426 1600 viventibus
444 1560 483 1600 in
513 1562 619 1601 bella
640 1563 772 1601 exitus
792 1568 867 1601 est.
911 1572 999 1601 cum
1020 1562 1180 1602 mobilis
1209 1563 1366 1603 animos

76 1616 238 1665 species
273 1615 439 1655 iniuriae
469 1619 654 1666 perculit,
696 1623 868 1667 aguntur
898 1619 1030 1658 statim
1062 1623 1101 1658 et
1137 1630 1218 1668 qua
1249 1620 1366 1658 dolor

75 1671 205 1718 traxit,
224 1672 363 1710 ruinae
381 1672 502 1711 modo
521 1673 753 1722 regionibus
773 1674 953 1715 incidunt
967 1675 1223 1724 inconpositi,
1245 1674 1363 1715 inter·

74 1726 157 1774 riti,
188 1728 356 1776 incauti,
385 1728 563 1777 pericula
591 1730 826 1778 adpetentes
855 1741 942 1769 sua.
985 1731 1164 1780 gaudent
1187 1730 1297 1785 feriri
1326 1736 1366 1770 et

74 1783 225 1822 instare
252 1783 358 1822 ferro
386 1788 427 1823 et
447 1784 527 1823 tela
551 1795 724 1835 corpore
749 1795 893 1835 urgere
923 1791 962 1827 et
979 1798 1055 1837 per
1076 1798 1195 1828 suum
1217 1789 1364 1827 volnus

75 1849 198 1878 exire.

154 1895 220 1933 111.
256 1895 371 1943 „Non
404 1899 486 1944 est,
521 1895 674 1946 inquis,
710 1898 893 1947 dubium,
930 1898 1027 1948 quin
1053 1910 1200 1948 magna
1225 1899 1302 1939 ista
1326 1905 1399 1939 etl

75 1950 268 2001 pestifera
286 1951 337 1991 sit
356 1950 440 1990 vis:
463 1951 555 1991 ideo
577 1954 913 2002 quemadmodum
933 1956 1069 1994 sanari
1088 1956 1235 1994 debeat
1251 1966 1362 1995 mon-

76 2009 200 2046 stra.“
241 2007 385 2056 Atqui,
414 2008 516 2047 utin
536 2008 738 2057 prioribus
759 2010 870 2049 libris
891 2009 995 2058 dixi,
1025 2015 1104 2050 stat
1121 2011 1363 2051 Aristoteles

76 2062 267 2102 defensor
299 2063 384 2102 irae
416 2068 455 2102 et
488 2069 593 2103 vetat
621 2064 728 2103 illam
759 2065 878 2105 nobis
907 2066 1112 2105 exsecari=
1149 2067 1283 2106 calcar
1309 2068 1363 2108 ait

75 2128 170 2158 esse
187 2119 356 2163 virtutis,
397 2119 474 2159 hac
497 2125 636 2170 erepta
655 2121 847 2161 inermem
867 2121 1044 2161 animum
1063 2127 1101 2161 et
1119 2123 1171 2162 ad
1190 2129 1360 2163 conatus

5 2180 12 2206 ἐ
73 2184 244 2224 magnos
264 2175 420 2224 pigrum
439 2176 689 2225 inertemque
708 2177 808 2216 fieri.
844 2177 1126 2218 Necessarium
1144 2183 1208 2219 est
1225 2179 1361 2229 itaque
1376 2188 1398 2221 2

75 2230 306 2270 foeditatem
337 2231 425 2270 eius
457 2243 505 2271 ac
535 2233 728 2272 feritatem
769 2243 990 2282 coarguere
1022 2239 1063 2274 et
1091 2239 1184 2274 ante
1215 2237 1358 2276 oculos

73 2295 245 2335 ponere,
264 2292 471 2337 -quantum
500 2289 667 2328 monstri
697 2288 748 2328 sit
773 2288 894 2329 homo
919 2291 960 2329 in
988 2290 1189 2330 hominem
1219 2292 1357 2331 furens

76 2347 305 2392 quantoque
331 2343 469 2438 inpeltu
486 2350 576 2384 ruat
596 2357 675 2386 non
699 2345 787 2385 sine
809 2345 985 2396 pernicie
1003 2357 1077 2387 sua
1099 2347 1356 2398 perniciosus

137 2410 269 2437 seneca
293 2412 385 2437 vnn.
431 2430 440 2439 .
1131 2409 1154 2444 6
