1676 2548
335 167 394 190 vm
836 156 1131 190 PRAEFATIO.

334 247 493 278 omittere.
540 246 621 278 Ibid.
643 257 671 278 c.
685 245 749 287 26,
771 245 803 278 3.
827 247 915 286 quod
937 257 977 278 ex
1000 247 1068 279 vib
1078 257 1121 278 ar
1144 246 1208 279 feci
1229 248 1423 285 videbar,
1447 247 1640 279 facillimum

333 298 382 322 est
405 298 435 322 et
454 291 624 332 aptissime
647 291 810 333 significat
829 292 863 323 id
883 292 923 323 de
947 301 1010 332 quo
1029 293 1153 333 agitur,
1176 292 1375 324 Cremutium
1390 291 1529 323 Cordum
1541 298 1641 324 morte

332 336 514 368 voluntaria
538 337 767 377 comprobasse
793 345 857 367 non
881 336 999 368 falsam
1022 336 1126 368 fuisse
1146 337 1313 368 hominum
1339 337 1543 378 opinionem,
1571 338 1643 377 qui-

333 382 393 412 bus
414 381 587 412 videbatur
605 390 723 422 magno
744 379 851 412 animo
872 381 1043 422 scripsisse
1062 381 1226 413 historias.
1272 380 1428 413 Similiter
1448 382 1546 414 etiam
1565 382 1644 413 alibi

332 426 478 466 correxi,
510 425 613 457 veluti
641 426 681 457 de
701 425 823 457 Beneff.
837 426 893 464 IV,
915 426 956 464 6,
983 426 1013 457 1.
1038 426 1223 458 solidum
1246 427 1392 458 scribens
1413 435 1474 467 pro
1495 436 1533 458 eo
1555 427 1643 466 quod

331 470 500 511 vulgatum
523 474 572 501 est
594 470 748 511 solum,
772 475 804 502 et
824 471 858 502 in
874 470 949 502 Nat.
970 471 1114 508 Quaestt.
1127 471 1153 512 Ι,
1171 472 1203 511 2,
1226 472 1258 502 7.
1281 471 1361 503 eieci
1380 470 1544 513 glossam,
1564 481 1642 511 qua-

331 515 378 546 les
406 515 439 546 in
468 514 524 546 illo
550 524 647 555 opere
669 515 849 556 permultae
873 520 966 553 sunt,
997 516 1219 553 exturbat,
1253 521 1284 547 et
1304 517 1414 557 recepi
1435 516 1549 558 optimi
1569 517 1641 547 cod.

331 561 527 601 serIpturam
548 569 596 591 ex
620 569 662 591 eo
686 560 898 600 trahatur,
923 560 988 590 nisi
1010 560 1097 600 quod
1119 559 1371 593 truvehatur
1391 562 1522 602 scripsi.

422 603 487 636 Sed
514 604 554 635 de
583 604 732 636 codicum
756 605 887 636 illorum
914 610 946 636 et
973 605 1226 645 praestantia'et
1249 606 1337 636 vitiis
1362 606 1456 647 plura
1479 615 1564 637 nuno
1587 615 1642 637 ex-

329 658 449 690 ponere
479 648 614 690 longum
644 654 702 680 est.
739 660 876 690 quorum
902 651 1020 681 virtute
1047 650 1109 680 etsi
1137 649 1271 691 plurimi
1301 650 1365 682 loci
1389 651 1531 682 restituti
1554 656 1641 686 sunt,

331 699 452 725 restant
471 699 579 725 tamen
602 693 692 725 haud
711 695 808 736 pauci
813 718 825 733 ,
850 695 906 734 qui
923 693 1105 725 feliciorem
1123 694 1318 727 medicinam
1340 695 1526 727 desiderant
1545 705 1642 735 quam

330 742 395 778 qua
416 748 477 780 ego
499 747 579 769 usus
599 747 682 771 sum.
726 739 837 779 Neque
857 739 942 770 enim
966 739 1011 769 ita
1033 739 1113 771 mihi
1132 739 1262 780 placeo,
1285 745 1320 771 ut
1335 740 1537 771 coniecturas
1551 749 1642 770 meas

329 785 424 815 unice
447 783 633 824 probandas
656 787 786 825 putem,
817 785 901 815 inter
924 793 1005 823 quas
1034 789 1109 815 sunt
1137 785 1252 824 etiam,
1283 794 1365 824 quas
1386 794 1451 816 non
1478 785 1576 816 aliam
1600 785 1641 815 ob

330 837 462 860 oausam
492 827 586 858 intuli
612 837 710 867 quam
737 829 814 868 quia
842 827 968 868 aliquid
991 834 1076 860 certe
1099 829 1286 869 ponendum
1314 835 1383 861 erat
1407 829 1641 869 qualecumque

328 872 364 904 id
391 877 495 910 esset,
528 882 634 911 neque
662 873 815 904 editionis
844 873 942 904 huius
971 873 1107 904 consilio
1128 874 1301 905 convenire
1321 874 1517 911 arbitrabar,
1545 874 1641 905 nimis

329 926 426 958 saepe
449 918 544 948 verba
565 922 718 958 corrupta
739 918 877 949 retinere
899 923 930 948 et
950 918 1073 949 crebris
1094 917 1262 950 stellarum
1282 919 1386 960 signis
1409 918 1546 950 lectores
1565 919 1639 950 abs-

328 968 464 998 terrere;
491 962 562 992 cavi
580 966 688 993 tamen
708 961 825 994 litteris
844 962 1022 997 inclinatis,
1043 972 1084 993 ne
1103 963 1183 994 certi
1201 967 1232 994 et
1253 964 1371 1004 integri
1391 969 1545 1004 putentur
1565 963 1639 999 loci,

329 1007 386 1045 qui
404 1006 600 1038 coniecturis
620 1007 755 1038 correcti
773 1012 866 1044 sunt;
890 1007 968 1038 item
986 1016 1071 1046 quae
1093 1007 1165 1047 ipse
1190 1007 1417 1048 supplementa
1440 1008 1472 1039 in
1495 1007 1573 1039 locis
1594 1007 1640 1038 la-

328 1051 464 1082 cunosis.
479 1050 606 1089 adieci,
632 1052 672 1083 de
696 1051 814 1091 quibus
833 1051 920 1083 idem
943 1060 1028 1081 nunc
1048 1051 1170 1082 dictum
1193 1052 1285 1089 volo,
1308 1052 1397 1091 quod
1420 1052 1454 1083 in
1472 1052 1577 1093 praef.
1599 1052 1642 1083 ad

327 1096 489 1128 Velleium
508 1095 713 1127 Patet-culum
736 1105 756 1127 a
779 1104 832 1128 me
846 1095 974 1131 reditum
999 1095 1088 1134 dixi,
1120 1097 1213 1127 uncis
1238 1096 1362 1128 inclusa
1384 1096 1567 1136 litterisque
1591 1097 1641 1127 in-

328 1141 455 1172 clinatis
479 1140 642 1182 descripta
662 1146 753 1177 sunt;
779 1145 890 1172 contra
911 1150 995 1180 quae
1016 1140 1201 1171 abiicienda
1220 1141 1315 1172 uncis
1336 1141 1483 1182 significo
1496 1164 1505 1179 ‚
1533 1150 1572 1172 ea
1591 1151 1640 1171 re-

327 1185 388 1218 ctis
410 1184 527 1217 litteris
548 1185 760 1226 exprimenda
782 1185 907 1216 curavi.
955 1185 1223 1226 Transpositione
1245 1186 1302 1217 ubi
1320 1195 1399 1216 usus
1416 1195 1507 1223 sum,
1532 1185 1640 1226 ipsum

327 1230 442 1262 locum»
458 1230 695 1270 transpositum
719 1230 760 1261 ab
783 1230 874 1261 initio
896 1235 927 1260 et
947 1230 981 1260 in
1000 1229 1064 1260 fine
1089 1229 1194 1260 crucis
1214 1229 1318 1271 figura
1342 1231 1490 1272 signavi,
1518 1230 1564 1262 ibi
1582 1240 1639 1261 au-

326 1274 521 1316 tem‚·-unde
544 1275 573 1305 is
594 1274 813 1315 transpositus
836 1279 904 1311 est,
929 1283 1059 1305 crucem
1083 1273 1248 1314 duplicem
1269 1275 1376 1315 posui.

415 1319 469 1350 Ad
485 1319 749 1360 Epigrammata,
774 1327 857 1358 quae
875 1328 895 1349 a
911 1318 1060 1350 Fickerto
1078 1319 1222 1350 nondum
1242 1319 1329 1351 edita
1347 1325 1440 1358 sunt,
1465 1319 1546 1351 nihil
1564 1321 1640 1351 novi

326 1363 439 1396 auxilii
461 1363 575 1396 habui.
847 1395 849 1398 Α

415 1409 545 1441 Ludum
563 1418 627 1440 non
647 1417 747 1439 ausus
768 1417 841 1439 sum
863 1407 905 1439 ad
925 1406 1015 1438 solos
1035 1407 1164 1439 codices
1187 1408 1428 1439 vetustissimos
1448 1408 1639 1450 Sangallen-

326 1462 396 1485 sem
420 1458 452 1486 et
473 1453 757 1493 Valentianensem
781 1461 968 1489 recensere,
1000 1453 1191 1493 praesertim
1216 1463 1288 1484 cum
1309 1453 1350 1484 de
1373 1453 1461 1484 illius
1480 1455 1642 1495 scriptura

326 1498 520 1538 aliquotiens
555 1507 621 1529 non
649 1502 793 1535 constet;
829 1497 985 1538 pertinuit
1005 1502 1112 1528 autem
1138 1498 1298 1529 dubitatio
1322 1507 1397 1529 mea
1417 1508 1482 1529 non
1506 1504 1573 1530 tam
1597 1498 1639 1529 ad

328 1544 424 1574 verba
447 1543 577 1585 singula
597 1552 696 1582 quam
717 1542 761 1574 ad
778 1546 865 1574 totos
884 1541 993 1582 locos,
1019 1542 1074 1581 qui
1098 1542 1161 1572 illis
1185 1542 1321 1578 desunt;
1353 1552 1417 1582 qua
1440 1543 1473 1574 in
1494 1553 1528 1574 re
1548 1543 1640 1575 nolui

328 1588 436 1619 media
457 1588 514 1619 illa
537 1588 592 1619 via
616 1587 764 1628 ingredi,
795 1596 893 1626 quam
914 1586 1080 1617 Fickertus
1104 1587 1221 1628 elegit,
1244 1588 1299 1627 qui
1321 1597 1395 1618 curn
1419 1587 1577 1628 plurimos
1598 1597 1638 1618 ex

327 1632 391 1664 illis
411 1633 587 1670 obiiceret,
620 1632 701 1663 alios
722 1637 832 1662 tamen
854 1632 1001 1666 retinuit3
1035 1631 1158 1662 scilieet
1184 1632 1327 1664 nondum
1351 1632 1555 1673 exploratum
1577 1638 1638 1667 est,

327 1686 411 1717 quae
434 1677 478 1709 sit
510 1686 623 1708 eorum
651 1677 743 1718 origo
766 1681 797 1708 et
826 1676 910 1707 sitne
931 1675 1075 1707 omnium
1098 1676 1231 1717 eadem,
1247 1686 1249 1689 ¹
1265 1687 1306 1708 an
1332 1676 1473 1708 habeant
1490 1676 1638 1707 nonnulli

328 1723 452 1754 fontem
474 1722 708 1759 'vetustiorem3
741 1730 840 1761 quare
865 1721 1019 1760 quoniam
1041 1725 1146 1752 tutum
1175 1730 1239 1753 non
1262 1727 1330 1753 erat
1349 1729 1461 1752 omnes
1485 1721 1635 1760 abiicere,

327 1768 430 1798 satius
467 1767 576 1798 visum
610 1771 659 1797 est
693 1766 814 1808 pariter
846 1774 958 1796 omnes
991 1765 1129 1797 retinere
1158 1767 1251 1797 uncis
1285 1765 1450 1803 inclusos,
1488 1766 1638 1805 quamvis

326 1811 498 1852 probabile
523 1813 584 1847 sit,
612 1821 669 1842 eos
695 1810 777 1842 nihil
799 1809 889 1842 aliud
908 1820 980 1841 esse
1003 1809 1066 1840 nisi
1086 1810 1313 1851 supplementa
1334 1810 1527 1841 Nodotianis
1548 1811 1638 1841 simi—

328 1856 392 1894 lia,
414 1855 524 1888 seculo
542 1855 606 1887 XV
629 1855 792 1893 confecta,
825 1865 909 1894 quae
937 1855 969 1885 in
994 1855 1109 1895 paucis
1137 1854 1226 1887 haud
1253 1855 1378 1886 inficeto
1401 1855 1545 1893 iudices,
1579 1856 1638 1887 sed

328 1902 503 1933 maximam
524 1905 651 1942 partem
669 1900 793 1943 frigida
813 1905 844 1930 et
865 1900 935 1930 sine
956 1899 1073 1930 idonea
1093 1909 1193 1931 causa
1217 1899 1361 1932 conficta.

417 1944 688 1987 Orthographiam
711 1945 865 1986 quoniam
890 1953 949 1985 par
973 1950 1020 1975 est
1041 1944 1081 1975 ab
1102 1954 1141 1975 eo
1164 1944 1332 1982 constitui,
1358 1942 1414 1984 qui
1434 1942 1536 1975 libros
1556 1953 1635 1975 mss.

328 1992 399 2032 ipse
415 1991 581 2027 tractavit,
604 1989 702 2021 talem
721 1990 788 2022 fere
804 1989 940 2029 reliqui,
965 1989 1093 2028 qualem
1112 1989 1279 2020 Fickertus
1300 1997 1372 2020 esse
1388 1987 1502 2026 voluit,
1523 1997 1636 2028 quam-

328 2044 424 2076 quam
445 2040 534 2066 erant
557 2035 590 2065 in
613 2044 670 2072 ea,
698 2044 782 2075 quae
802 2043 867 2066 non
886 2034 1075 2078 probarem3
1100 2034 1390 2074 interpunctionem
1409 2041 1488 2064 vero
1508 2033 1636 2075 perspi-

328 2079 460 2112 cuitatis
487 2079 597 2121 gratia
630 2080 719 2111 auxi.
771 2079 919 2118 Denique
939 2083 1117 2120 'postremo‘
1139 2076 1304 2110 volumine
1338 2077 1491 2110 adiiciam
1525 2087 1635 2109 rerum

328 2124 470 2157 indicem
491 2133 612 2155 novum
634 2133 653 2154 a
673 2134 724 2156 me
746 2124 917 2166 diligenter
936 2123 1130 2155 confectum.

419 2167 606 2200 Scribebam
630 2168 844 2201 Vratislaviae
864 2178 976 2200 mense
995 2167 1126 2199 Octobri
1148 2177 1178 2199 a.
1200 2165 1388 2198 MDCCCLI.
