1624 2626
107 139 176 178 AD
190 136 448 178 POLYBIUM
459 136 527 176 DE
543 102 935 176 CONSOLATlONE.
956 137 1211 188 12—14.[33.]
1239 133 1318 177 231

50 242 188 282 orbem
216 244 520 292 pervagantem:
550 249 655 288 quae
681 242 772 278 cum
800 248 852 277 ex
876 237 966 287 ipso
987 237 1065 277 hoc
1083 239 1248 287 angulo,
1279 238 1320 277 in

0 327 3 342 ,
51 309 132 348 quo
157 307 235 346 ego
256 296 414 336 defixus
432 306 540 343 sum,
568 295 786 344 conplures
805 294 1015 333 multorum
1033 293 1110 334 iam
1126 305 1321 334 annorum

0 345 2 374 ἶ
49 353 163 393 ruina
181 353 347 392 obrutos
366 351 552 392 effoderit
569 355 609 390 et
627 351 666 389 in
684 350 812 389 lucem
827 349 1051 395 reduxerit,
1082 361 1163 389 non
1178 360 1322 389 vereor

50 418 101 448 ne
124 418 189 447 me
211 418 334 448 unum
359 411 548 447 transeat.
582 407 676 456 Ipse
704 410 834 445 autem
852 405 1000 455 optime
1020 405 1131 445 novit
1148 411 1318 455 tempus,

49 475 129 513 quo
149 462 293 512 cuique
311 463 457 502 debeat
475 472 728 502 succurrere:
755 472 830 511 ego
847 471 1002 500 omnem
1019 472 1183 511 operam
1200 460 1318 509 dabo,

48 529 99 559 ne
133 518 345 568 pervenire
376 519 428 558 ad
460 529 524 557 me
555 518 780 557 erubescat.
825 516 856 556 Ο
888 517 1043 556 felicem
1072 517 1318 556 clementiam
1331 519 1355 554 4

46 581 174 622 tuam,
210 575 376 623 Caesar,
408 584 513 624 quae
539 573 691 621 effecit,
723 577 766 612 ut
786 572 1019 622 quietiorem
1046 573 1123 612 sub
1143 578 1182 612 te
1200 577 1320 622 agant

46 632 167 671 vitam
185 631 345 678 exules,
367 641 487 679 quam
505 636 635 678 nuper
650 629 726 667 sub
742 628 835 668 Caio
849 638 968 677 egere
984 628 1208 678 principes=
1236 639 1317 669 non

49 686 244 736 trepidant
268 696 344 725 nec
362 696 435 735 per
454 685 633 734 singulas
653 684 776 723 horas
794 684 968 733 gladium
987 688 1224 734 exspectant
1243 694 1318 724 nee

50 742 98 781 ad
121 751 279 780 omnem
296 740 459 780 navium
478 744 739 790 conspectum
758 745 917 789 pavent.
956 751 1030 789 per
1051 745 1091 780 te
1108 740 1258 779 habent
1275 744 1319 779 ut

50 798 229 837 fortunae
242 796 459 836 saevientis
473 797 636 836 modum
650 796 704 834 ita
719 806 835 844 spem
849 806 1013 845 quoque
1027 795 1201 835 melioris
1212 795 1319 835 eius-

50 852 137 892 dem
156 863 204 891 ac
224 851 448 902 praesentis
465 851 652 901 quietem.
681 850 798 891 Scias
811 851 906 891 licet
919 861 968 890 ea
982 851 1142 891 demum
1156 851 1320 890 fulmina

49 918 140 948 esse
157 907 394 954 iustissima,
425 918 529 956 quae
548 908 666 947 etiam
685 906 870 956 percussi
890 908 1036 946 colunt.

125 964 230 1003 XIV.
260 966 350 1011 [33]
378 963 453 1002 Hic
467 963 603 1013 itaque
615 962 818 1012 princeps,
840 963 908 1012 qui
923 963 1127 1011 publicum
1144 963 1317 1002 omnium
1334 970 1354 1004 1

48 1018 249 1058 hominum
269 1019 454 1058 solatium
473 1024 554 1066 est,
575 1024 643 1057 aut
661 1028 725 1056 me
744 1018 878 1056 omnia
901 1018 1058 1067 fallunt,
1080 1022 1148 1057 aut
1161 1018 1239 1057 iam
1253 1029 1315 1057 re—

48 1075 193 1114 creavit
216 1075 389 1113 animum
409 1078 517 1112 tuum
540 1078 580 1113 et
598 1077 677 1112 tam
696 1083 841 1122 magno
860 1073 1015 1112 volneri
1033 1074 1188 1113 maiora
1205 1073 1316 1113 adhi-

24 1129 130 1168 'buit
143 1129 334 1169 remedia.
370 1128 448 1168 iam
466 1134 505 1168 te
524 1127 631 1168 omni
650 1129 900 1168 confirmavit
917 1129 1052 1168 modo.
1088 1129 1169 1168 iam
1182 1128 1316 1168 omnia

44 1186 246 1235 exempla,
275 1184 422 1234 quibus
449 1184 500 1223 ad
521 1184 640 1223 animi
660 1184 901 1233 aequitatem
920 1185 1227 1234 conpellereris,
1258 1190 1314 1224 te-

44 1241 256 1280 nacissima
269 1240 460 1280 memoria
473 1239 617 1279 retulit.
642 1240 720 1278 iam
730 1240 904 1279 omnium
920 1245 1139 1290 praecepta
1154 1241 1312 1290 sapien—

44 1301 128 1335 tum
145 1297 309 1336 adsueta
328 1295 404 1335 sibi
424 1295 611 1334 facundia
629 1296 831 1345 explicuit.
863 1296 1002 1335 Nullus
1022 1297 1157 1345 itaque
1170 1295 1312 1336 melius
1330 1304 1351 1338 2

43 1351 119 1391 has
146 1351 388 1401 adloquendi
414 1356 549 1400 partes
573 1352 844 1401 occupaverit.
888 1352 996 1391 aliud
1016 1351 1218 1391 habebunt
1236 1351 1314 1391 hoc

43 1407 197 1446 dicente
213 1407 372 1456 pondus
388 1407 512 1446 verba
527 1407 635 1446 velut
647 1407 698 1446 ab
714 1408 878 1446 oraculo
893 1407 1029 1446 missa.
1060 1418 1219 1446 omnem
1235 1408 1314 1446 vim

45 1462 192 1501 doloris
212 1460 268 1501 tui
285 1462 422 1501 divina
439 1462 526 1501 eius
546 1463 765 1502 contundet
786 1462 1015 1502 auctoritas.
1051 1462 1159 1502 hunc
1178 1462 1315 1511 itaque

43 1517 115 1556 tibi
131 1518 384 1566 putadicere=
414 1518 541 1566 „Non
559 1523 607 1557 te
625 1519 787 1557 solum
807 1519 1011 1558 fortuna
1029 1517 1315 1567 desumpsit

45 1572 163 1620 sibi,
185 1583 328 1621 quem
346 1577 437 1611 tam
458 1573 600 1621 gravi
620 1573 872 1614 adficeret
889 1574 1092 1615 iniuria.
1124 1574 1312 1613 nullado-

43 1638 133 1667 mus
150 1627 187 1667 in
205 1632 289 1668 toto
309 1628 407 1667 orbe
426 1634 617 1668 terrarum
638 1634 706 1667 aut
720 1634 783 1668 est
797 1635 864 1669 aut
878 1630 952 1669 fuit
967 1630 1054 1669 sine
1067 1630 1201 1679 aliqua
1217 1640 1311 1669 con—

44 1684 279 1733 ploratione.
315 1683 508 1723 Transibo
525 1685 708 1733 exempla
725 1685 921 1734 volgaria,
952 1696 1056 1734 quae
1072 1685 1227 1724 etiamsi
1240 1684 1312 1724 mi-

42 1749 161 1788 nora,
185 1745 315 1779 tamen
335 1739 490 1786 misera,
518 1743 629 1778 sunt:
659 1740 711 1778 ad
731 1740 859 1780 fastus
878 1747 917 1781 te
934 1746 973 1780 et
986 1742 1151 1780 annales
1165 1741 1311 1791 perdu-

42 1805 130 1834 cam
143 1795 342 1844 publicos.
372 1794 498 1833 Vides
514 1805 654 1834 omnes
669 1794 744 1834 has
760 1796 964 1846 imagines,
987 1807 1091 1846 quae
1107 1797 1312 1846 inplevere
1326 1805 1349 1840 3

42 1851 256 1893 Caesarum
282 1851 452 1889 atrium?
487 1851 596 1890 nulla
624 1862 703 1890 non
730 1851 869 1892 harum
896 1853 1030 1902 aliquo
1060 1864 1224 1892 suorum
1252 1852 1310 1891 in-

42 1906 254 1946 commodo
274 1905 442 1954 insignis
463 1911 537 1945 est.
567 1917 683 1946 nemo
703 1918 782 1946 non
804 1918 856 1946 ex
871 1908 958 1947 istis
977 1908 1017 1947 in
1038 1913 1312 1947 ornamentum

39 1962 269 2001 seculorum
294 1961 582 2010 refulgentibus
607 1962 704 2001 viris
730 1968 798 2002 aut
817 1964 1018 2003 desiderio
1042 1974 1209 2003 suorum
1229 1969 1310 2003 tor-

38 2021 102 2056 tus
121 2021 185 2056 est
202 2022 271 2056 aut
289 2027 313 2056 a
333 2017 418 2056 suis
439 2028 527 2055 cum
543 2017 714 2057 maximo
730 2019 849 2058 animi
865 2019 1042 2058 cruciatu
1057 2019 1309 2059 desideratus

38 2077 114 2111 est.
161 2072 264 2121 Quid
290 2073 359 2112 tibi
387 2074 556 2112 referam
585 2072 812 2122 Scipionem
836 2075 1086 2123 Africanum,
1117 2076 1180 2114 cui
1198 2083 1344 2118 mors4

39 2127 170 2167 fratris
189 2128 228 2167 in
249 2128 367 2168 exilio
387 2128 565 2168 nuntiata
579 2133 666 2168 est?
694 2129 728 2167 is
745 2130 883 2177 frater,
906 2130 973 2179 qui
989 2130 1135 2179 eripuit
1148 2130 1307 2171 fratrem

37 2192 220 2232 earcere,
245 2194 323 2223 non
347 2184 473 2233 potuit
492 2185 646 2234 eripere
662 2185 755 2223 fato.
785 2190 823 2224 et
846 2196 965 2234 quam
985 2186 1195 2235 impatiens
1208 2186 1306 2226 iuris

37 2238 155 2288 aequi
172 2238 298 2288 pietas
313 2239 491 2279 Africani
505 2241 632 2288 fuerit,
650 2241 801 2280 cunctis
817 2240 1021 2290 adparuit:
1046 2242 1188 2282 eodem
1198 2242 1306 2281 'enim

36 2291 104 2331 die
129 2293 265 2344 Scipio
292 2294 526 2345 Africanus,
549 2307 629 2346 quo
651 2296 814 2336 viatoris
834 2297 1016 2337 manibus
1035 2297 1195 2338 fratrem
1213 2298 1304 2338 abs-
