1624 2626
326 167 405 210 118
559 168 601 206 L.
631 168 818 208 ANNAEI
847 169 1070 209 SENECAE
1097 169 1229 210 DIAL.
1257 172 1322 210 VI.

323 280 398 319 pus
417 267 683 316 exstinguunt.
722 279 817 308 aves
845 279 933 307 cum
952 269 1120 308 stridore
1138 280 1280 318 magno
1301 270 1438 310 inanes
1457 272 1573 311 nidos

322 324 728 371 circumfremuerunt‚
762 325 861 362 intra
887 329 1123 363 momentum
1144 330 1272 363 tamen
1294 325 1447 373 quietae
1466 328 1573 365 voia-

318 383 383 416 tus
402 389 499 416 suos
517 383 708 426 repetunt.
737 389 811 417 nec
830 378 897 416 ulii
915 379 1070 417 animali
1088 381 1246 427 longum
1267 380 1368 418 setus
1388 380 1449 419 sui
1466 382 1574 419 desi·

319 433 471 471 derium
490 437 552 471 est
569 432 645 471 nisi
663 433 825 478 homini,
854 432 921 479 qui
946 433 1059 472 adest
1086 434 1213 473 dolori
1241 445 1314 472 suo
1335 442 1408 472 nec
1424 439 1574 473 tantum

282 491 507 535 3quantum
541 488 674 534 sentit,
711 488 783 525 sed
814 491 1004 535 quantum
1030 489 1251 535 constituit,
1284 489 1477 527 adficitur.
1523 489 1575 527 Ut

319 542 423 580 scias
442 545 571 580 autem
589 553 667 580 non
688 552 779 580 essc
806 541 882 579 hoc
908 538 1298 589 naturaie‚‘luetib11s
1320 543 1463 591 frangi,
1497 544 1573 591 pri-

317 607 424 634 mum
442 596 568 644 magis
596 596 759 634 feminas
779 606 898 644 quam
923 596 1063 643 viros,·
1084 593 1209 645 magis
1235 597 1427 635 barbaros
1456 607 1574 647 quam

319 649 500 699 placidae
534 651 790 698 eruditaeque
831 650 958 697 gentis
994 650 1193 700 homines,
1233 652 1359 699 magis
1392 651 1574 690 indoctos

319 715 436 752 quam
463 705 605 743 doctos
633 705 771 742 eadem
807 704 954 743 orbitas
979 705 1169 744 voluerat.
1211 707 1319 754 atqui
1341 716 1395 744 ea
1417 712 1524 754 quae
1550 715 1574 743 a

316 763 454 797 natura
484 759 564 796 vim
597 764 853 806 acceperunt,
896 759 1075 797 eamdem
1109 761 1148 798 in
1171 759 1574 799 ‘omnibus'servantt

280 815 302 848 4
317 813 480 861 adparet
497 824 576 852 non
599 823 691 851 esse
709 815 885 851 naturate
902 813 1014 862 *quod
1033 814 1274 852 variumest.
1310 815 1415 862 Ignis
1437 810 1574 853 omnes

315 871 464 906 aetates
491 868 742 915 omniumque
767 867 922 906 urbium
950 867 1058 906 cives
1086 868 1300 907 tam-viros
1321 879 1439 917 quam
1466 869 1574 907 semi-

314 932 386 960 nas
413 927 512 961 urct.
551 923 696 960 ferrum
722 921 762 960 in
783 923 888 961 omni
916 932 1083 970 corpore
1103 923 1573 973 exhibebit'secandipo-

315 976 484 1014 tentiam.
515 981 664 1024 quare?
691 977 784 1024 quia
804 978 908 1014 vires
928 977 981 1015 illi
1001 987 1025 1015 a
1043 982 1180 1015 natura
1201 978 1315 1016 datae
1335 983 1443 1026 sunt,
1473 984 1575 1027 quae

313 1029 408 1068 nihii
427 1030 465 1068 in
487 1041 697 1078 personam
717 1031 928 1069 constituit.
956 1031 1248 1079 Paupertatem,
1268 1033 1432 1079 luctum,
1453 1031 1574 1070 ambi—

316 1085 459 1123 tionem
478 1085 578 1123 alius
598 1084 709 1123 aliter
734 1084 869 1132 sentit,
897 1091 1014 1133 prout
1033 1086 1140 1124 ilium
1162 1087 1409 1126 consuetudo
1429 1087 1573 1125 infecit.

313 1144 351 1178 et
381 1139 605 1177 inbecillum
636 1139 971 1188 inpatientemque
993 1140 1128 1179 reddit
1155 1145 1411 1197 praesumpta
1435 1140 1574 1188 opinio

313 1193 363 1232 de
382 1204 461 1232 non
480 1194 662 1232 timendis
682 1194 878 1232 terribilis.

277 1253 296 1286 1
389 1248 493 1286 Vlll.
520 1248 686 1286 Deinde
694 1249 803 1296 quod
821 1249 998 1287 naturale
1019 1253 1099 1294 est,
1128 1259 1208 1287 non
1228 1249 1423 1287 decrescit
1438 1258 1572 1288 mora.

314 1302 492 1340 dolorem
525 1302 612 1341 dies
646 1303 765 1350 longa
794 1303 1004 1342 consumit.
1049 1304 1141 1341 licet
1173 1303 1573 1351 contumacissimum‚

313 1356 456 1395 cotidie
490 1357 757 1405 insurgentem
789 1362 828 1396 et
859 1362 996 1396 contra
1027 1357 1202 1396 remedia
1235 1358 1572 1405 effervescentem,

313 1416 441 1449 tamen
469 1412 576 1450 illum
605 1412 922 1450 efficacissimum
947 1411 1185 1459 mitigandae
1212 1413 1384 1451 ferociae
1418 1418 1572 1461 tempus

276 1470 485 1505 2enervat.
521 1465 653 1504 Manet
674 1466 833 1514 quidem
849 1465 939 1513 tibia,
965 1466 1133 1513 Marcia,
1161 1467 1274 1505 etiam
1303 1476 1407 1505 nunc
1433 1467 1572 1515 ingens

312 1520 466 1558 tristitia
485 1525 523 1559 et
540 1521 617 1559 iam
637 1521 791 1560 videtur
809 1521 973 1559 duxisse
993 1521 1152 1566 cattum,
1181 1531 1259 1559 non
1283 1522 1348 1560 ilia
1364 1521 1572 1568 concitata,

314 1575 442 1622 qualis
461 1575 501 1613 in
520 1575 584 1614 illa
605 1575 692 1623 fuit,
720 1576 793 1614 sed
812 1576 994 1624 pertinax
1022 1581 1059 1614 et
1079 1575 1294 1614 obstinata:
1323 1580 1452 1614 tamen
1471 1576 1573 1614 hanc

315 1639 477 1677 quoque
496 1630 565 1668 tibi
592 1635 701 1668 aetas
720 1630 936 1669 minutatim
958 1631 1113 1668 eximet.
1151 1631 1332 1678 quotiens
1355 1630 1462 1668 aliud
1481 1639 1572 1678 ege·

276 1683 386 1730 3ris‚
415 1684 567 1722 animus
593 1685 849 1723 relaxabitum
888 1695 968 1722 non
995 1689 1032 1722 te
1059 1684 1150 1732 ipsa
1174 1685 1367 1723 custodis.
1407 1684 1572 1723 Multum

311 1743 442 1777 autem
460 1738 633 1785 interest,
661 1743 790 1777 utrum
811 1739 878 1778 tibi
899 1740 1100 1788 permittas
1120 1749 1297 1779 moerere
1316 1749 1365 1777 an
1387 1738 1570 1787 imperes.

312 1797 457 1840 quanto
488 1794 615 1841 magis
648 1793 726 1831 hoe
757 1805 908 1832 morum
939 1798 1095 1832 tuorum
1130 1793 1347 1842 elegantiae
1375 1793 1570 1840 convenit,

312 1848 431 1886 finem
460 1849 587 1887 luctus
614 1849 748 1896 potius
776 1850 907 1887 facere
932 1860 1052 1897 quam
1080 1852 1331 1897 exspectare,
1364 1856 1440 1885 nec
1462 1847 1570 1886 illum

313 1902 486 1950 opperiri
518 1903 641 1951 diem,
686 1914 763 1951 quo
796 1907 837 1941 te
868 1903 990 1942 invita
1023 1904 1139 1958 dolor
1164 1903 1350 1941 desinat?
1395 1902 1485 1950 ipsa
1515 1901 1570 1940 illi

309 1956 503 1995 renuntia.

277 2014 295 2053 1
392 2011 455 2049 ΙΧ.
483 2012 597 2051 Unde
616 2022 712 2060 ergo
732 2017 838 2051 tanta
865 2012 982 2052 nobis
1003 1982 1216 2060 peltinacia
1235 2011 1274 2049 in
1297 2011 1569 2059 deploratione

311 2066 452 2111 nostri,
482 2067 516 2104 si
541 2066 582 2105 id
606 2077 688 2106 non
716 2067 759 2105 fit
777 2072 940 2105 naturae
958 2068 1098 2106 iussu?
1132 2066 1240 2113 quod
1270 2063 1395 2104 nih-il
1421 2066 1568 2105 nobis

309 2120 442 2166 mali,
483 2125 744 2169 antequam
777 2122 998 2167 eveniat,
1039 2121 1384 2169 proponimus,
1419 2120 1492 2158 sed
1525 2116 1569 2160 ut

310 2172 489 2213 inmunes
518 2175 595 2223 ipsi
628 2180 667 2214 et
693 2177 781 2216 aliis
810 2175 988 2224 pacatius
1020 2175 1190 2222 ingressi
1219 2176 1291 2213 iter
1318 2175 1457 2213 alienis
1486 2185 1565 2214 non

272 2227 561 2268 2admonemur
594 2231 752 2270 casibus
775 2232 868 2269 ‘illos
899 2240 992 2269 esse
1025 2239 1266 2267 communes.
1303 2231 1376 2267 Tot
1408 2234 1565 2278 praeter

308 2282 467 2323 domum
485 2278 871 2328 nostramaiacuntur
887 2284 1121 2332 exsequiae:
1146 2284 1195 2323 de
1213 2289 1337 2323 morte
1357 2294 1435 2322 non
1456 2285 1563 2332 cogi-
