1624 2626
275 154 447 220 LUDUS
465 154 533 196 DE
550 154 727 196 MORTE
747 154 966 196 CLAUDII.
996 160 1149 197 9—11.
1265 153 1348 196 271

64 259 232 302 intuenti
257 260 480 300 domestica
506 260 623 298 mala.
666 259 804 309 itaque
830 258 899 298 illa
924 258 1122 306 omittam,
1155 256 1258 296 haec
1283 267 1346 296 re-

65 319 204 357 seram.
250 316 348 356 Nam
368 315 531 355 'etiamsi
557 315 742 355 formea*
769 315 922 354 Graece
953 314 1102 363 nescit,
1140 324 1216 363 ego
1245 313 1344 352 scio.

63 371 850 413 ΕΝΤΤΟΟΝΤΟΝΝΤΚΝΝΛΙΗΣ.
895 369 917 395 *
988 368 1178 409 senescit.
1255 369 1347 417 Iste,
1362 372 1385 406 4

9 437 10 440 ’
65 439 184 479 quem
201 427 344 468 videtis
355 458 365 477 ‚
392 438 464 477 per
479 433 537 467 tot
551 438 680 467 annos
698 427 774 466 sub
788 437 880 466 meo
894 426 1056 466 nomine
1070 426 1200 464 latens
1212 455 1223 474 ,
1242 424 1348 464 hanc

62 485 158 524 mihi
177 485 342 534 gratiam
361 484 514 531 retulit,
540 490 584 523 ut
603 484 706 523 duas
726 483 847 522 Iulias
869 487 1087 531 proneptes
1107 492 1220 520 meas
1240 481 1347 520 occi-

63 541 194 589 deret,
230 541 391 580 alteram
420 541 548 588 ferro,
584 541 748 578 alteram
782 540 904 577 snme=
947 549 1070 577 unum
1105 538 1347 586 abnepotem

61 596 107 635 L.
124 595 315 635 Silanum.
353 596 538 643 Videris,
559 595 729 645 Iupiter,
759 605 808 633 an
830 594 871 633 in
890 605 1016 633 causa
1031 594 1156 641 mala,
1178 597 1286 632 certe
1305 593 1346 630 in

61 657 132 692 tua
158 654 209 692 sit
233 663 379 702 aequus
406 652 584 700 futurus,
620 656 660 691 et
676 651 741 690 dic
761 650 875 699 mihi,
911 651 1004 689 dive
1033 649 1191 697 Claudi,
1221 658 1347 697 quare

64 719 304 758 quemquam
324 718 376 746 ex
393 707 478 759 his,
508 718 613 756 quos
636 717 822 756 quasque
841 706 1044 754 occidisti,
1064 711 1280 754 antequam
1296 704 1347 743 de

65 774 189 803 causa
204 774 487 812 cognosceres,
505 775 553 802 an
561 769 720 813 tequam
738 762 913 811 audires,
928 762 1156 801 damnasti?
1184 761 1263 800 hoc
1278 760 1347 800 ubi

66 819 153 858 fieri
172 820 302 861 solet?
331 820 369 857 in
392 821 505 858 coelo
527 830 607 859 non
628 820 683 859 fit.

144 875 211 914 XI.
240 875 347 914 Ecce
364 876 532 924 Iupiter,
563 876 632 926 qui
650 880 710 915 tot
729 885 859 914 annos
878 878 1039 924 regnat,
1073 872 1144 913 uni
1162 873 1346 913 Volcano
1364 876 1383 910 1

65 941 157 971 crus
177 932 314 980 fregit,
333 942 453 980 quem

194 985 293 1040 ῥῖψε
315 982 448 1034 ποδὸς
466 981 660 1039 τεταγὼν
680 979 765 1026 ἀπὸ
786 986 928 1039 βηλοῦ
947 985 1216 1034 θεσπεσίοιο,

65 1048 119 1092 [et
134 1047 173 1081 in
193 1047 348 1081 Lemnon
368 1046 465 1080 coelo
489 1047 714 1090 deturbavit,
745 1057 816 1080 non
837 1046 1021 1089 extinxit]-
1059 1047 1099 1080 et
1125 1041 1251 1080 iratus
1275 1041 1349 1080 suit

66 1099 181 1139 uxori
209 1104 249 1138 et
277 1099 489 1148 suspendit
514 1100 638 1138 illam:
674 1097 872 1148 numquid
900 1097 1076 1138 occidit?
1113 1097 1172 1137 Tu
1190 1097 1346 1136 Messa—

64 1155 204 1203 linam,
243 1155 358 1194 cuius
385 1165 515 1204 aeque
543 1156 768 1194 avunculus
795 1154 923 1194 maior
949 1164 1058 1193 eram
1089 1164 1207 1203 quam
1240 1158 1346 1201 tuuS,

65 1211 261 1251 occidisti.
300 1210 467 1259 Nescio,
488 1211 648 1260 inquis?
674 1212 722 1250 Di
737 1212 806 1250 tibi
822 1211 1093 1249 malefaciantz
1122 1210 1226 1249 adeo
1243 1208 1348 1248 istuc

61 1269 219 1317 turpius
239 1272 320 1315 est,
354 1267 463 1317 quod
492 1266 656 1307 nescisti
677 1279 798 1317 quam
821 1267 931 1316 quod
952 1266 1148 1305 occidisti.
1192 1266 1233 1305 C.
1252 1265 1346 1305 Cae—
1363 1273 1385 1306 2

65 1335 198 1364 sarem
219 1334 298 1363 non
322 1323 441 1362 desiit
459 1328 655 1362 mortuum
677 1323 882 1373 persequi.
922 1322 1127 1362 occiderat
1146 1322 1212 1361 ille
1232 1332 1346 1361 soce-

63 1391 173 1419 rum:
201 1380 267 1419 hic
295 1384 334 1419 et
361 1390 568 1428 generum.
611 1379 725 1418 Caius
754 1380 904 1418 Caesar
923 1378 1059 1418 Crassi
1078 1379 1203 1417 filium
1224 1378 1350 1417 vetuit

65 1435 255 1484 Magnum
274 1436 431 1475 vocari:
459 1435 525 1474 hic
543 1446 688 1475 nomen
708 1435 762 1474 illi
779 1435 973 1483 reddidit,
995 1439 1118 1483 caput
1135 1435 1234 1473 tulit.
1273 1433 1348 1472 Oc-

68 1490 164 1530 cidit
194 1491 232 1529 in
260 1502 342 1530 una
368 1492 489 1530 domo
519 1491 707 1530 Crassum
725 1492 936 1540 Magnum,
966 1490 1237 1538 Scriboniam,
1266 1489 1348 1528 Tri—

68 1546 272 1595 stioniam,
296 1548 559 1597 [Bassioniam,]
581 1548 862 1594 Assarionem‚
884 1546 1041 1586 nobiles
1058 1552 1212 1586 tamen:
1233 1545 1347 1584 Cras-

67 1614 157 1642 sum
179 1613 275 1642 vero
296 1607 376 1641 tam
397 1604 567 1651 fatuum,
589 1609 634 1643 ut
650 1604 766 1642 etiam
780 1614 950 1652 regnare
965 1607 1119 1652 posset.
1158 1602 1348 1650 Cogitate,
1365 1607 1388 1642 3

65 1658 108 1699 Ρ.
124 1659 178 1705 C.,
204 1659 323 1707 quale
344 1664 569 1708 portentum
589 1659 628 1697 in
649 1670 855 1698 numerum
877 1660 1046 1698 deorum
1069 1669 1115 1697 se
1134 1658 1262 1707 recipi
1282 1668 1348 1696 cu-

67 1714 163 1766 piat.
215 1715 416 1766 [Principes
442 1718 578 1763 pietate
605 1722 644 1752 et.
661 1718 800 1755 iustitia
818 1719 868 1753 dii
886 1719 988 1753 fiunt.
1027 1719 1176 1752 Scilicet
1193 1718 1250 1751 hic
1270 1717 1349 1762 pius

67 1780 105 1809 et
123 1775 255 1818 iustus,
284 1775 445 1820 quoniam
460 1774 667 1808 Druidarum
682 1775 839 1819 perfidae
859 1776 976 1820 gentis
992 1775 1152 1809 Gallicae
1171 1774 1349 1808 immanem

66 1831 291 1875 religionem,
313 1843 334 1865 a
353 1842 422 1876 qua
437 1831 533 1865 cives
551 1831 811 1875 submoverem,
831 1842 976 1877 prorsus
992 1831 1205 1877 extirpavit,
1222 1835 1263 1864 ut
1278 1830 1350 1863 Ro-

66 1898 141 1921 mae
162 1887 361 1932 nuptiarum
379 1899 480 1921 sacra
495 1892 636 1930 essent,
671 1888 795 1932 quibus
822 1888 922 1933 ipse,
958 1899 1034 1922 cum
1060 1888 1131 1922 sibi
1150 1886 1351 1931 Agrippina

66 1944 236 1987 nuberet,
271 1943 389 1977 XXX.
438 1943 690 1987 senatoribus,
727 1944 915 1978 innumeris
946 1944 1017 1989 Eq.
1046 1944 1148 1981 Rom.
1174 1942 1349 1983 mactatis,

66 2000 278 2045 principium
296 1999 423 2044 dedit]
467 1995 574 2035 hunc
594 2006 701 2035 nunc
720 1996 839 2035 deum
859 1997 993 2035 facere
1015 1997 1166 2035 vultis?
1202 1994 1349 2034 Videte

69 2063 219 2100 corpus
240 2052 327 2091 eius
349 2053 412 2091 dis
431 2051 540 2091 iratis
561 2056 707 2090 natum.
746 2052 799 2091 ad
818 2050 1014 2092 summam
1033 2053 1109 2091 tria
1126 2051 1253 2091 verba
1271 2052 1348 2091 cito

68 2108 175 2146 dicat
194 2112 234 2147 et
255 2119 414 2147 servum
436 2119 500 2147 me
522 2108 654 2147 ducat.
700 2108 818 2147 Hunc
840 2108 958 2147 deum
981 2108 1071 2156 quis
1093 2109 1225 2147 colet?
1259 2108 1349 2156 quis
1364 2114 1388 2148 4

69 2164 234 2202 credet?
261 2165 355 2203 dum
374 2165 472 2203 tales
489 2164 590 2203 deos
607 2163 749 2211 facitis,
767 2174 885 2202 nemo
896 2174 972 2202 vos
982 2164 1083 2203 deos
1094 2174 1188 2203 esse
1198 2163 1347 2202 credet.

71 2217 236 2258 Summa
252 2220 329 2269 rei,
357 2220 401 2262 P.
419 2221 473 2268 C.‚
490 2220 526 2259 si
543 2220 714 2259 honeste
734 2223 822 2268 [me]
843 2219 946 2259 inter
961 2230 1035 2259 vos
1050 2219 1180 2269 gessi,
1201 2218 1237 2260 si
1251 2219 1348 2258 nulli

71 2274 210 2315 durius
226 2276 434 2326 respondi,
451 2276 653 2316 vindicate
668 2275 833 2315 iniurias
849 2286 972 2314 meas.
1000 2276 1086 2324 Ego
1104 2286 1178 2325 pro
1188 2281 1348 2316 senten-

72 2328 126 2368 tia
140 2341 229 2371 mea
243 2332 321 2372 hoc
332 2342 479 2373 censeo
491 2336 528 2370 :⁴⁴
555 2337 674 2384 atque
685 2331 740 2373 ita
751 2343 802 2372 ex
812 2331 1164 2373 tabellarecitavit:
1190 2332 1347 2382 „Quan—
1365 2338 1387 2370 ὃ
