1624 2626
320 156 389 197 DE
416 155 706 196 CLEMENTIA
733 155 828 195 LlB.
844 155 874 194 1.
907 160 1105 196 14-17υ
1256 153 1338 196 291

55 257 164 298 bavit
196 256 406 306 gratuitam
438 266 532 296 esse
565 256 820 296 severitatem
853 266 990 304 suam,
1030 255 1140 304 quod
1169 256 1340 306 principi

56 323 216 362 semper
244 312 464 351 curandum
491 316 571 359 est,
600 312 700 351 dixit
717 311 978 361 relegandum
1001 323 1081 361 quo
1103 311 1208 361 patri
1227 311 1339 351 vide-

53 373 175 408 retur.
220 368 308 407 Non
336 368 515 416 culeum,
546 379 627 407 non
658 373 889 417 serpentes,
926 378 1009 406 non
1038 377 1240 406 carcerem
1269 367 1376 407 de-‘I

54 424 179 464 crevit
205 434 358 463 memor
385 434 469 462 non
497 423 548 462 de
571 434 651 472 quo
681 427 885 472 censeret,
917 422 992 462 sed
1013 423 1078 462 cui
1105 423 1146 461 in
1167 422 1338 463 consilio

53 485 176 519 esset.
193 479 441 530 mollissimo
469 489 618 528 genere
640 489 800 529 poenae
819 483 1049 518 contentum
1071 489 1167 518 esse
1188 478 1339 518 debere

51 541 204 584 patrem
220 535 319 575 dixit
338 535 377 574 in
397 533 480 574 filio
502 535 821 583 adulescentulo,
837 534 999 584 inpulso
1019 535 1059 573 in
1075 534 1117 573 id
1130 535 1277 583 scelus,
1298 534 1339 573 in

53 602 134 640 quo
150 601 209 639 se,
231 591 341 640 quod
357 591 586 640 proximum
601 596 688 630 erat
701 591 754 630 ab
770 590 1018 639 innocentia,
1032 590 1169 630 timide
1185 591 1337 639 gessis-

52 652 126 686 set.
154 646 304 686 debere
319 646 428 685 illum
447 645 497 685 ab
518 646 617 686 urbe
641 650 681 685 et
701 657 726 686 a
746 646 924 696 parentis
945 646 1074 685 oculis
1091 644 1340 687 submoveri.

132 702 236 741 XVI.
267 701 297 741 Ο
314 701 477 751 dignum
495 713 616 752 quem
633 701 674 741 in
691 700 903 742 consilium
919 707 1054 752 patres
1071 702 1338 741 advocarent!
1355 711 1374 744 l

52 768 76 797 ο
100 757 264 806 dignum
292 768 413 807 quem
440 757 680 798 coheredem
710 758 988 798 innocentibus
1018 756 1155 796 liberis
1187 757 1339 796 scribe-

49 818 158 852 rent!
207 814 319 852 Haec
348 813 558 852 clementia
585 814 810 863 principem
836 814 973 862 decet,
1008 817 1054 852 ut
1080 823 1341 862 quocumque

49 867 224 916 venerit,
251 869 524 908 mansuetiora
550 870 687 909 omnia
713 870 846 909 faciat.
894 869 1019 908 Nemo
1042 869 1127 918 regi
1148 874 1229 908 tam
1246 868 1338 908 vilis

51 924 121 971 sit,
153 930 196 964 ut
223 923 333 963 illum
360 924 492 974 perire
519 936 599 963 non
627 926 791 974 sentiat,
821 924 1131 975 qualiscumque
1152 935 1246 974 pars
1266 924 1338 963 im-

51 979 153 1029 perii
181 985 255 1019 est.
299 979 344 1018 In
374 990 518 1029 magna
546 980 715 1030 imperia
742 991 792 1020 ex
819 980 1040 1020 minoribus
1062 986 1246 1029 petamus
1268 989 1374 1023 eir-2

51 1036 240 1085 emplum.
275 1047 356 1075 non
385 1041 447 1075 est
476 1047 599 1075 unum
619 1036 843 1086 imperandi
863 1046 1013 1085 genus:
1039 1034 1212 1084 imperat
1230 1036 1337 1085 prin—

51 1102 150 1140 ceps
172 1091 327 1130 civibus
349 1091 458 1139 suis,
483 1096 597 1140 pater
618 1092 776 1141 liberiS,
808 1095 1052 1141 praeceptor
1073 1090 1337 1139 discentibus,

1 1186 3 1189 ,
52 1147 233 1186 tribunus
260 1148 325 1186 vel
353 1147 532 1186 centurio
562 1147 766 1187 militibus.
816 1147 959 1186 Nonne
987 1147 1193 1196 pessimus
1223 1153 1339 1196 pater

48 1202 259 1250 videbitur,
289 1203 358 1252 qui
378 1203 563 1242 adsiduis
583 1204 715 1252 plagis
736 1203 885 1242 liberos
907 1203 1023 1241 etiam
1046 1213 1097 1242 ex
1118 1202 1336 1242 levissimis

51 1258 185 1300 causis
207 1262 457 1308 conpescet?
483 1259 580 1298 Uter
596 1264 726 1298 autem
748 1263 990 1308 praeceptor
1005 1259 1238 1298 liberalibus
1254 1263 1337 1298 stu-
1352 1263 1375 1299 3

51 1314 128 1353 diis
157 1313 335 1362 dignior,
372 1315 442 1363 qui
469 1314 771 1354 excarnificabit
801 1314 1044 1364 discipulos,
1082 1314 1116 1353 si
1146 1315 1339 1354 memoria

50 1368 128 1408 illis
155 1380 237 1408 non
259 1369 480 1410 constiterit
499 1374 568 1409 aut
586 1370 622 1409 si
643 1382 784 1419 parum
804 1370 918 1419 agilis
938 1371 978 1409 in
999 1370 1172 1418 legendo
1193 1371 1336 1409 oculus

52 1424 244 1473 haeserit,
280 1437 331 1465 an
360 1425 428 1474 qui
454 1425 741 1466 monitionibus
770 1431 808 1465 et
841 1426 1088 1464 verecundia
1121 1426 1337 1464 emendare

53 1489 100 1518 ac
122 1480 268 1519 docere
286 1482 422 1520 malit?
460 1481 676 1520 Tribunum
697 1481 1056 1531 centurionemque
1076 1481 1128 1520 da
1148 1492 1335 1521 saevum:

53 1535 282 1575 desertores
305 1536 440 1583 faciet,
466 1537 612 1586 quibus
629 1542 760 1576 tamen
776 1536 1010 1586 ignoscitur.
1039 1537 1336 1588 Numquidnam
1351 1539 1374 1573 4

53 1602 226 1640 aequum
246 1596 308 1630 est
327 1592 490 1640 gravius
510 1592 661 1631 homini
681 1598 721 1632 et
739 1593 876 1631 durius
897 1592 1105 1642 imperari,
1130 1603 1249 1641 quam
1263 1593 1333 1630 im—

52 1652 216 1695 peratur
234 1646 472 1686 animalibus
492 1648 639 1686 mutis?
667 1647 780 1697 atqui
800 1659 948 1698 equum
968 1658 1049 1686 non
1072 1647 1223 1687 crebris
1244 1658 1333 1686 ver-

51 1703 213 1741 beribus
235 1707 408 1742 exterret
428 1702 616 1742 domandi
637 1704 787 1752 peritus
809 1703 1009 1752 magister.
1041 1703 1110 1742 fiet
1129 1704 1234 1742 enim
1254 1704 1333 1742 sor·

51 1757 277 1797 midolosus
306 1763 346 1796 et
373 1763 607 1807 contumax,
636 1759 714 1797 nisi
740 1769 831 1798 eum
857 1758 1088 1798 blandiente
1115 1764 1222 1798 tactu
1241 1769 1332 1808 per-

51 1814 251 1853 mulseris.
295 1813 408 1852 Idem
442 1814 535 1853 facit
566 1819 760 1863 venator,
797 1815 947 1864 quique
979 1814 1147 1854 instituit
1176 1815 1370 1854 ,catulos5

51 1869 221 1918 vestigia
248 1870 382 1918 sequi,
413 1869 565 1918 quique
591 1870 668 1909 iam
689 1870 916 1910 exercitatis
938 1870 1060 1910 utitur
1081 1871 1132 1909 ad
1155 1869 1332 1908 excitan—

0 1939 5 1943 “
52 1925 126 1964 das
159 1926 224 1964 vel
257 1926 566 1974 persequendas
599 1926 718 1965 feras.
761 1937 836 1965 nec
867 1925 1009 1965 crebro
1036 1925 1113 1964 iliis
1141 1926 1331 1964 minatur:

52 1981 270 2020 contundet
289 1981 393 2020 enim
413 1982 568 2020 animos
588 1986 627 2020 et
645 1982 835 2031 quicquid
851 1987 913 2020 est
925 1981 1070 2021 indolis
1088 1981 1332 2020 comminue-

51 2041 113 2075 tur
138 2037 404 2085 trepidatione
433 2036 642 2086 degeneri,
672 2048 748 2076 nec
775 2037 975 2076 licentiam
1001 2036 1175 2084 vagandi
1197 2047 1330 2088 erran-

53 2092 173 2140 dique
197 2092 348 2141 passim
370 2093 565 2132 concedit.
612 2092 776 2132 Adicias
792 2092 856 2131 his
871 2093 962 2131 licet
975 2092 1151 2131 tardiora
1166 2097 1330 2140 agentes

53 2145 238 2186 iumenta.
276 2158 379 2197 quae
400 2159 489 2187 cum
509 2149 562 2187 ad
582 2147 844 2188 contumelias
865 2153 904 2187 et
921 2146 1104 2186 miserias
1125 2153 1219 2187 nata
1236 2147 1327 2195 sint,

53 2203 172 2242 nimia
192 2203 359 2243 saevitia
378 2209 572 2253 cogantur
591 2204 729 2253 iugum
749 2204 983 2243 detrectare.

134 2258 256 2298 XVII.
289 2259 448 2299 Nullum
474 2261 620 2299 animal
648 2259 848 2300 morosius
878 2264 964 2308 est,
1001 2260 1150 2300 nullum
1177 2259 1329 2299 maiore
1346 2266 1363 2298 1

55 2317 138 2352 arte
163 2315 412 2356 tractandum
443 2327 562 2366 quam
594 2316 730 2356 homo.
775 2315 871 2356 nulli
904 2314 1032 2366 magis
1068 2315 1327 2364 parcendum.

1042 2372 1114 2411 19*
