1592 2580
172 170 358 210 NATUR.
377 168 588 218 QUAEST.
608 168 784 207 LIB.lV.·
804 174 857 208 1-3.
874 160 930 197 --’
943 168 1088 207 LIB.V.
1115 173 1149 208 3.
1224 165 1305 207 257

32 271 109 311 sibi
129 269 296 320 caverit,
325 270 438 322 cuius
460 269 561 308 haec
581 269 758 308 definitio
780 269 912 309 fuer-'itt
950 269 1123 318 „fluctus
1144 273 1206 309 est
1223 278 1305 308 ma-

32 329 101 367 ris
116 327 154 365 in
177 331 294 365 unam
322 330 475 374 partem
501 324 710 373 agitatio“=
746 324 805 364 sic
830 325 870 363 in
890 325 966 363 hac
984 336 1046 370 re,
1080 333 1198 374 quam
1219 335 1308 363 cum

32 383 204 422 maxime
223 382 472 434 quaerimus,
502 391 583 419 non
605 381 960 428 circumscribetur,
991 380 1058 428 qui
1076 379 1130 419 ita
1153 390 1198 419 se
1217 384 1308 429 ges-‘

33 438 150 487 serit,
178 442 222 476 ut
246 437 370 475 dicat:
407 441 576 484 „ventus
605 441 666 475 est
693 436 824 475 fluens
846 444 913 474 aer
931 437 1110 474 in'unam
1131 437 1309 485 partem“

34 498 102 533 aut
128 503 222 540 „aer
250 492 381 531 fluens
411 492 576 540 inpetu“
605 496 673 530 aut
699 492 787 540 „vis
817 492 919 530 aeris
944 491 986 529 in
1006 498 1127 530 unam
1155 496 1309 540 partem

34 548 191 589 euntis“
212 553 279 586 aut
305 558 476 594 „cursus
497 547 602 586 aeris
623 547 758 596 aliquo
780 547 1050 586 concitatior.“
1097 546 1190 586 Scio
1213 547 1308 596 quid
1323 548 1346 583 4

33 604 271 653 responderi
293 614 365 652 pro
384 603 614 642 definitione
634 603 758 642 altera
774 602 920 651 possit:
952 602 1047 651 quid
1064 612 1234 641 necesse
1249 607 1311 641 est

33 657 194 700 adicere
220 664 277 698 te:
303 658 382 705 -„in
409 669 528 697 unam
556 663 706 707 partem
729 657 859 696 fluens
881 661 1007 696 aer2“
1034 658 1173 707 utique
1191 658 1307 706 enim,

36 716 146 764 quod
167 714 270 762 fluit,
300 715 338 752 in
359 725 479 753 unam
502 719 655 763 partem
675 713 773 752 fluit.
802 724 919 752 nemo
942 723 1086 763 aquam
1106 713 1231 752 fluere
1251 714 1309 768 di-

35 772 110 818 cit,
147 771 182 809 si
208 775 358 808 tantum
386 770 488 808 intra
523 779 568 807 se
603 774 802 817 movetur,
841 770 915 808 sed
942 769 976 808 si
1007 769 1141 818 aliquo
1174 770 1310 808 fertur.v

35 832 172 876 potest
199 836 294 874 ergo
322 825 473 874 aliquid
502 825 654 874 mpveri
674 829 712 863 et
733 835 813 863 non
833 824 978 871 fluere,
1010 829 1049 863 et
1069 834 1091 863 e
1111 825 1309 864 contrario

35 893 116 921 non
148 886 280 930 potest
306 881 431 919 fluere
461 881 537 919 nisi
565 881 604 918 in
633 891 751 919 unam
777 885 943 929 partem.
993 879 1074 918 Sed
1101 880 1187 919 sive
1212 879 1347 922 haec5

35 937 212 977 brevitas
241 937 337 975 satis
363 947 386 974 a
420 935 618 975 calumnia
650 941 733 975 tuta
765 941 852 984 est,
895 936 971 974 hac
998 940 1180 974 utamur:
1225 936 1312 975 sive
1377 972 1390 979 ,

37 993 181 1042 uliquis
211 991 534 1040 circumspectior
556 996 635 1039 est,
671 991 894 1030 verbo'non
916 995 1072 1040 parcat,
1103 991 1216 1030 cuius
1234 988 1311 1030 vad-

37 1049 154 1088 iectio
184 1048 474 1086 cavillationem
501 1057 658 1086 omnem
687 1046 830 1095 poterit
851 1047 1079 1086 excludere.
1125 1047 1238 1086 Nunc
1260 1047 1313 1086 ad

37 1103 166 1153 ipsam
197 1114 281 1141 rem
300 1103 560 1151 accedamus,
588 1103 775 1152 quoniam
796 1103 893 1142 satis
915 1103 965 1142 de
984 1102 1154 1142 formula
1174 1102 1311 1153 d1spu-

37 1164 159 1199 tatum
179 1163 252 1197 est.

119 1214 166 1252 11.
202 1213 450 1252 Democritus
477 1213 550 1253 ait:
589 1223 677 1252 cum
706 1214 746 1252 in
773 1218 942 1262 angusto
965 1213 1072 1252 inani
1093 1214 1214 1252 multa
1235 1213 1313 1253 sint

40 1270 299 1318 corpuscula,
331 1279 432 1317 quae
451 1269 516 1307 ille
539 1274 732 1308 atomos
763 1273 898 1316 vocat,
929 1269 1046 1318 sequi
1065 1275 1238 1308 ventum.
1273 1275 1313 1308 at

38 1331 178 1365 contra
206 1325 380 1373 quietum
408 1329 447 1363 et
480 1325 679 1372 placidum
705 1325 810 1363 aeris
838 1330 981 1364 statum
1010 1335 1124 1373 esse,
1155 1335 1245 1363 cum
1272 1324 1311 1363 in

38 1382 160 1420 multo
187 1380 294 1418 inani
323 1390 451 1428 pauca
480 1381 558 1418 sint
585 1381 835 1429 corpuscula.
865 1391 954 1418 nam
977 1379 1312 1428 quemadmodum

38 1434 80 1475 in
102 1437 188 1475 foro
211 1440 279 1474 aut
296 1435 406 1482 vico,
437 1435 624 1482 quamdiu
641 1435 820 1483 paucitas
837 1441 917 1482 est,
946 1435 1033 1474 sine
1050 1436 1215 1474 tumultu
1231 1445 1313 1473 am*

39 1491 216 1538 bulatur,
244 1489 311 1529 ubi
340 1490 452 1529 turba
477 1490 517 1528 in
547 1496 757 1538 angustum
785 1490 1048 1538 concurrerit,
1079 1491 1243 1529 aliorum
1271 1491 1315 1529 in

42 1546 143 1584 alios
172 1546 424 1584 incidentium
450 1545 538 1584 rixa
564 1545 632 1584 fiti
674 1547 733 1584 sic
765 1547 805 1585 in
831 1546 908 1585 hoc
925 1577 934 1594 ,
973 1557 1053 1595 quo
1081 1545 1315 1585 circumdati·

42 1611 199 1647 sumus,
230 1602 359 1649 spatio
388 1610 477 1639 cum
504 1601 689 1649 exiguum
707 1602 837 1640 locum
855 1603 978 1640 multa
998 1611 1170 1650 corpora
1187 1601 1311 1650 inple-

41 1656 186 1703 verint‚
215 1666 384 1695 necesse
412 1660 474 1694 est
499 1656 577 1694 alia
601 1656 688 1695 aliis
716 1656 892 1696 incidant
911 1663 950 1696 et
973 1656 1164 1705 inpellant
1183 1667 1230 1695 ac
1249 1667 1311 1700 re-

40 1712 237 1761 pellantur
263 1712 578 1760 inplicenturquc
606 1716 644 1752 et
663 1712 975 1760 conprimantur‚
1005 1722 1057 1750 ex
1077 1713 1221 1761 quibus
1242 1723 1314 1751 na—·

42 1768 164 1806 scitur
182 1772 343 1814 ventus,
375 1777 462 1805 cum
490 1766 576 1814 illa,
605 1778 709 1816 quae
729 1768 1066 1815 conluctabantur,
1096 1768 1313 1807 incubuere

41 1828 81 1861 et
107 1824 174 1861 diu
202 1822 391 1861 fluctuata
413 1833 459 1861 ac
479 1822 599 1860 dubia
618 1822 859 1862 inclinavere
880 1833 937 1862 se.
969 1829 1007 1862 at
1024 1814 1096 1862 ubi
1111 1823 1150 1861 in
1168 1833 1312 1872 magna

41 1877 202 1916 laxitate
231 1888 402 1926 corpora
429 1888 557 1926 pauca
586 1884 814 1927 versantur,
843 1889 918 1918 nec
945 1879 1113 1918 arietare
1140 1885 1312 1928 possunt

41 1942 117 1972 nec
135 1932 284 1982 inpelli.

123 1989 188 2027 ΙΙΙ.
225 1988 312 2027 Hoc
339 1988 481 2027 falsum
509 1998 603 2027 esse
631 1990 694 2027 vel
722 1998 773 2027 ex
802 1999 851 2028 eo
872 1990 1038 2037 colligas
1063 1990 1171 2038 licet,
1205 1991 1349 2039 quedl

43 2043 196 2082 interim
221 2049 364 2082 ventus
391 2043 549 2082 minime
579 2049 659 2092 est,
696 2055 785 2083 curn
813 2055 882 2083 aer
909 2045 1047 2084 nubilo
1076 2046 1209 2094 gravis
1237 2051 1311 2086 est.

44 2098 154 2146 atqui
172 2105 263 2138 tunc
282 2099 452 2148 plurima
471 2110 643 2147 corpora
662 2110 707 2138 se
724 2101 763 2138 in
783 2106 991 2149 angustum
1011 2101 1259 2140 contulerunt
1275 2107 1313 2140 et

43 2153 139 2192 inde
163 2160 224 2194 est
243 2156 463 2204 spissarum
483 2154 644 2194 nubium
663 2156 849 2203 gravitas.
900 2156 1027 2194 AdIce
1047 2167 1171 2204 nunc,
1204 2157 1312 2206 quod
1327 2163 1348 2196 2

46 2209 153 2247 circa
177 2209 338 2249 flumina
364 2217 403 2250 et
429 2212 539 2249 lacus
568 2212 755 2259 frequens
784 2211 929 2250 nebula
955 2217 1018 2250 est
1047 2212 1186 2251 artatis
1206 2221 1313 2252 com

46 2263 251 2313 gestisque
276 2266 510 2315 corporibus
539 2277 670 2315 neque
697 2271 827 2305 tamen
845 2271 987 2306 ventus
1005 2272 1078 2307 est.
1116 2267 1311 2308 interdum

44 2329 140 2358 vero
169 2321 290 2359 multa
316 2323 442 2371 caligo
471 2322 702 2372 effunditur,
739 2327 782 2363 ut
815 2328 1074 2373 conspectum
1096 2324 1148 2363 —in
1179 2324 1311 2364 vicino

101 2387 231 2414 SENECA
248 2389 336 2415 prm..
361 2380 401 2416 ΙΙ.
1054 2384 1096 2421 17
