1624 2626
193 184 263 224 AD
292 182 586 224 GALLIONEM
614 184 681 224 DE
706 183 831 224 VITA
853 183 1038 227 BEATA.
1073 189 1230 226 18—20.
1289 183 1367 225 155

84 291 237 325 temnas
254 284 362 325 bona
382 284 508 324 verba
525 289 565 324 et
582 283 701 324 bonis
718 283 1025 334 cogitationibus
1044 285 1164 334 piena
1178 294 1366 335 praecor·
1404 271 1408 275 ⁴

25 336 31 340 ’
84 341 162 380 dia.
199 340 420 380 studiorum
449 341 680 380 salutarium
706 341 823 380 etiam
842 341 939 380 citra
961 340 1147 380 effectum
1166 341 1368 380 laudanda

84 397 263 436 tractatio
297 401 370 435 est.
413 396 513 445 Quid
546 397 708 444 mirum,
743 397 780 435 si
811 407 892 435 non
924 397 1151 435 escendunt
1178 397 1218 435 in
1248 398 1405 436 altum2

84 452 217 491 ardua·
229 452 440 501 adgressi?
467 451 543 491 sed
562 452 598 491 si
618 452 679 490 vir
700 462 745 491 es
758 483 767 500 ‚
787 452 970 502 suspice,
991 451 1147 491 etiamsi
1163 452 1366 500 decidunt,

82 518 228 557 magna
255 508 448 547 conantis.
487 508 694 547 Generosa
719 519 786 547 res
814 513 878 548 est
902 508 1185 557 respicientem
1206 519 1287 547 non
1313 508 1369 547 ad

84 574 201 612 suas,
230 564 305 603 sed
323 564 375 603 ad
395 567 562 602 naturae
589 574 688 603 suae
707 565 814 603 vires
835 564 970 604 conari
989 565 1088 611 alta,
1113 568 1308 612 temptare
1328 568 1370 603 et

83 624 215 658 mente
233 619 385 660 maiora
403 619 638 668 concipere,
660 631 780 669 quam
802 630 905 669 quae
925 619 1040 659 etiam
1063 619 1212 668 ingenti
1231 620 1365 659 animo

83 675 288 715 adornatis
323 675 429 714 effici
460 681 644 724 possunt.
687 676 760 724 Qui
787 675 863 715 sibi
889 675 969 714 hoc
997 675 1232 725 proposuit:
1260 677 1403 724 „eg03

81 735 248 771 mortem
268 731 410 770 eodem
429 732 552 780 voltu,
573 742 661 770 cum
683 742 757 781 quo
775 732 945 780 audiam,
967 731 1126 771 videbo.
1155 742 1232 780 ego
1252 731 1363 770 labo—

82 787 215 834 ribus,
249 787 561 837 quanticumque
593 787 648 826 iili
684 792 818 835 erunt,
853 787 1004 837 parebo
1033 787 1166 826 animo
1194 788 1363 826 fulciens

84 852 248 892 corpus.
290 853 367 892 ego
403 843 561 882 divitias
597 848 637 882 et
669 840 906 892 praesentes
939 847 979 881 et
1014 843 1203 882 absentes
1233 853 1366 892 aeque

84 903 355 946 contemnam,
378 909 453 937 nec
474 899 508 937 si
528 898 675 938 alicubi
695 899 901 947 iacebunt,
920 898 1089 947 tristior,
1110 908 1186 938 nee
1204 898 1239 938 si
1259 899 1367 938 cirea

84 965 149 993 me
175 954 401 1003 fulgebunt,
436 955 667 993 animosior.
709 965 785 1004 ego
814 956 1012 994 fortunam
1039 965 1115 993 nee
1140 954 1366 993 venientem

85 1010 252 1049 sentiam
284 1020 359 1048 nec
396 1010 663 1049 recedentem.
713 1021 789 1059 ego
823 1015 952 1050 terras
986 1021 1127 1050 omnes
1160 1014 1366 1059 tamquam

84 1075 195 1104 meas
218 1065 386 1113 videbo,
419 1076 530 1104 meas
563 1070 766 1115 tamquam
800 1065 988 1105 omnium.
1030 1076 1107 1114 ego
1141 1066 1200 1105 sic
1231 1067 1364 1105 vivam

85 1122 200 1170 quasi
219 1121 342 1160 sciam
363 1120 451 1160 aliis
472 1131 535 1159 me
556 1126 689 1160 natum
711 1126 750 1160 et
768 1126 934 1161 naturae
953 1131 1087 1160 rerum
1106 1121 1184 1161 hoe
1203 1122 1365 1161 nomine

82 1177 229 1225 gratias
258 1187 392 1225 agame
423 1187 503 1226 quo
532 1176 636 1216 enim
662 1178 806 1216 melius
834 1187 982 1226 genere
1008 1178 1211 1226 negotium
1231 1188 1364 1216 meum

82 1243 203 1281 agere
221 1233 376 1282 potuit?
403 1244 523 1271 unum
543 1243 606 1271 me
626 1233 791 1273 donavit
809 1233 1006 1281 omnibus,
1026 1233 1095 1272 uni
1111 1233 1204 1271 mihi
1221 1233 1362 1275 omnis.

82 1287 278 1338 quiequid
309 1288 489 1336 habebo,
522 1299 597 1327 nec
631 1289 797 1328 sordide
833 1289 1058 1329 custodiam
1085 1299 1161 1328 nec
1194 1290 1401 1339 prodige4

82 1355 282 1393 spargam.
324 1342 420 1383 nihil
449 1346 577 1393 magis
605 1345 819 1394 possidere
846 1355 911 1384 me
937 1345 1099 1384 credam
1120 1355 1239 1394 quam
1260 1346 1364 1385 bene

83 1400 243 1439 donata.
286 1410 367 1439 non
387 1411 552 1439 numero
578 1410 654 1439 nec
673 1401 853 1450 pondere
871 1400 1069 1440 beneficia
1094 1411 1169 1440 nec
1187 1402 1269 1440 ulla
1287 1402 1365 1440 nisi

83 1454 316 1504 accipientis
343 1455 620 1496 aestimatione
646 1457 907 1506 perpendam.
951 1467 1171 1506 numquam
1200 1457 1242 1496 id
1268 1456 1364 1496 mihi

83 1513 244 1550 multum
265 1512 349 1558 erit,
372 1512 482 1560 quod
502 1512 648 1561 dignus
669 1513 852 1562 accipiet.
885 1511 982 1551 nihil
1003 1512 1204 1561 opinionis
1227 1523 1363 1561 causa,

85 1567 218 1606 omnia
245 1566 514 1606 eonscientiae
541 1568 696 1607 faciam.
740 1569 893 1618 populo
922 1573 1130 1617 spectante
1161 1568 1248 1607 fieri
1276 1579 1361 1608 cre-

83 1623 176 1661 dam
196 1621 387 1672 quicquid
407 1633 470 1661 me
489 1623 653 1663 conscio
675 1624 830 1663 faciam.
860 1624 1007 1664 edendi
1026 1623 1121 1663 mihi
1136 1624 1210 1663 erit
1224 1625 1361 1664 biben-
1377 1627 1400 1661 5

84 1678 206 1727 dique
234 1677 326 1716 finis
359 1678 562 1718 desideria
590 1684 756 1718 naturae
787 1681 1055 1729 restinguere,
1091 1691 1172 1719 non
1207 1679 1362 1729 inplere

84 1735 216 1773 alvum
236 1739 275 1773 et
293 1733 510 1773 exinanire.
549 1744 621 1774 ero
650 1735 787 1774 amicis
814 1736 1034 1784 iucundus,
1061 1735 1230 1775 inimicis
1257 1736 1362 1775 mitis

83 1794 123 1829 et
145 1789 286 1828 facilis.
326 1789 528 1829 exorabor
554 1795 766 1840 antequam
795 1802 935 1840 roger,
963 1791 1145 1830 honestis
1172 1792 1362 1841 precibus

83 1855 304 1884 occurram.
347 1845 515 1895 patriam
542 1856 671 1884 meam
701 1857 796 1886 esse
822 1847 1014 1886 mundum
1036 1848 1161 1886 seiam
1188 1852 1227 1887 et
1246 1858 1362 1896 prae-

84 1901 194 1940 sides
223 1901 338 1941 deos.
384 1901 460 1941 hos
489 1912 616 1950 supra
640 1912 704 1940 me
730 1902 918 1952 circaque
941 1913 1007 1943 me
1035 1907 1142 1942 stare
1170 1903 1363 1942 tactorum

83 1957 361 2007 dictorumque
395 1967 600 1996 censores.
645 1958 889 2007 quandoque
916 1963 984 1998 aut
1012 1963 1154 1997 natura
1180 1959 1362 2007 spiritum

80 2017 236 2061 repetet
262 2018 330 2052 aut
354 2013 455 2052 ratio
476 2013 660 2060 dimittet,
687 2018 855 2053 testatus
877 2014 996 2053 exibo
1017 2013 1164 2052 bonam
1182 2025 1246 2054 me
1266 2025 1361 2055 con-

82 2069 289 2107 scientiam
307 2078 478 2115 amasse,
501 2069 608 2107 bona
627 2069 778 2116 studia,
799 2070 945 2108 nullius
966 2079 1040 2118 per
1057 2080 1122 2108 me
1140 2069 1361 2110 libertatern

82 2123 342 2173 deminutam,
370 2125 530 2163 minime
556 2127 726 2162 meam.“
767 2126 837 2174 qui
866 2125 968 2163 haec
994 2125 1128 2164 facere
1148 2132 1359 2177 proponet,

81 2179 209 2226 volet,
238 2180 465 2229 temptabit,
498 2180 552 2220 ad
582 2180 683 2219 deos
711 2179 784 2219 iter
809 2180 947 2219 faciet:
983 2190 1060 2219 nae
1086 2181 1173 2231 ille,
1205 2183 1360 2222 etiamsi

81 2240 162 2274 non
180 2237 362 2285 tenuerit,

414 2292 568 2341 magnis
586 2295 714 2331 tamen
735 2291 886 2331 excidit
901 2292 1020 2331 ausis.

84 2345 170 2385 Vos
204 2346 383 2398 quidem,
417 2348 528 2398 quod
562 2348 743 2388 virtutem
778 2348 1052 2399 cultoremque
1083 2347 1169 2389 eius
1203 2349 1357 2399 odistiS,
1374 2355 1396 2391 6
