1598 2606
380 181 447 220 DE
474 178 754 220 BENEFICHS
787 178 883 218 LlB.
899 178 947 217 II.
970 182 1026 220 17.
1042 183 1097 219 18.
1331 175 1387 217 25

117 285 220 324 enim
238 288 564 323 transeamus
584 281 643 319 ad
663 281 872 319 alteram
890 283 1083 329 partem
1101 278 1386 327 tractaturi,

117 339 365 390 quomodo
402 346 455 376 se
496 347 677 386 gerere
712 335 943 375 homines
979 335 1027 373 in
1062 333 1386 383 accipiendis

114 393 389 434 beneficiis
426 393 661 431 debeant.
717 391 1005 439 Quodcumque
1033 400 1083 428 ex
1110 390 1270 429 duobus
1290 399 1386 430 con-

113 455 192 490 stat
210 449 405 497 officium,
429 448 673 487 tantumdem
696 448 746 486 ab
764 452 933 495 utroque
955 445 1089 494 exigit.
1119 446 1248 495 qualis
1273 450 1389 495 pater

113 517 207 546 esse
228 505 373 544 debeat
392 514 481 543 cum
502 504 749 552 inspexeris,
782 502 888 542 scies
905 513 987 542 non
1006 501 1137 541 minus
1154 502 1290 551 operis
1306 501 1387 540 illic

114 571 350 611 superesse,
389 564 433 599 ut
468 559 680 608 dispicias,
711 559 869 608 qualem
905 567 999 597 esse
1033 561 1217 607 oporteat
1247 557 1385 596 filium.

114 621 207 657 sunt
225 617 383 664 aliquae
403 619 538 664 partes
559 615 708 663 mariti,
737 615 811 653 sed
832 623 912 652 non
932 614 1109 652 minores
1128 613 1282 652 uxoris.
1323 613 1385 651 In-
1406 619 1428 653 2

110 672 240 711 vicem
260 671 337 710 ista
360 676 548 720 quantum
568 671 752 720 exigunt,
782 666 1051 719 praestant'et
1069 679 1206 718 parem
1226 668 1386 707 deside-

111 732 202 767 rant
218 728 420 776 reg-ulam,-
447 737 570 776 quae,
598 731 642 765 ut
662 726 717 765 ait
734 726 933 774 Hecaton,
961 725 1136 764 difficilis
1155 728 1230 763 est.
1269 733 1388 763 omne

112 783 218 824 enim
236 783 448 822 honestum
463 784 503 820 in
523 782 649 822 arduo
666 787 747 830 est,
768 782 886 820 etiam
901 781 1012 830 quod
1026 779 1198 819 vicinum
1213 779 1387 820 honesto

113 844 194 887 est,
222 849 303 877 non
325 838 429 876 enim
447 842 597 877 tantum
617 838 703 877 fieri
724 837 862 886 debet,
892 836 967 875 sed
984 836 1138 875 ratione
1162 836 1263 874 fieri.
1312 835 1388 875 hac

113 895 217 934 duce
235 904 306 943 per
326 900 446 933 totam
477 893 597 932 vitam
624 894 799 932 eundum
827 896 901 931 est.
946 892 1108 930 minima
1132 892 1388 940 maximaque

116 960 168 989 ex
186 950 303 989 huius
323 950 491 988 consilio
512 949 688 997 gerenda
709 954 821 988 sunt:
851 947 1056 996 quomodo
1076 947 1178 986 haec
1202 947 1387 995 suaserit,

115 1005 302 1044 dandum.
349 1005 457 1043 Haec
477 1009 608 1043 autem
637 1005 731 1043 hoc
759 1004 971 1054 primum
1002 1002 1181 1042 censebit
1208 1013 1304 1041 non
1329 1002 1387 1041 ab

113 1061 345 1101 omnibus
374 1059 747 1108 accipiendum.
801 1060 839 1097 A
876 1058 1061 1108 quibus
1099 1068 1219 1106 ergo
1258 1058 1384 1096 acci·
1406 1066 1429 1101 3

112 1117 334 1166 piemus?
377 1120 420 1154 ut
446 1115 618 1153 breviter
643 1115 714 1154 tibi
739 1115 1031 1162 respondeam:
1070 1113 1127 1152 ab
1150 1113 1251 1160 his,
1282 1113 1386 1163 qui·

111 1171 137 1210 b
151 1182 206 1210 us
235 1171 446 1210 dedisse
476 1170 747 1209 videamur.
794 1170 896 1208 Num
916 1170 1034 1207 etiam
1057 1169 1208 1208 maiore
1229 1169 1387 1207 deiectu

114 1227 366 1277 quaerendus
400 1231 481 1274 est,
512 1225 576 1264 cui
608 1226 828 1264 debeamus
862 1236 981 1275 quam
1012 1225 1077 1263 cui
1107 1227 1388 1273 praestemus?

110 1293 201 1322 nam
221 1287 262 1321 ut
279 1293 358 1321 non
381 1285 600 1330 sequantur
617 1282 700 1320 ulla
719 1281 991 1328 incommoda,
1012 1285 1237 1329 sequuntur
1255 1285 1386 1318 autem

111 1337 300 1388 plurima,
329 1347 451 1386 grave
476 1342 610 1375 tamen
636 1341 874 1376 tormentum
908 1341 971 1375 est
1001 1336 1150 1374 debere
1178 1336 1241 1374 cui
1266 1335 1384 1374 nolis.

113 1398 251 1433 contra
269 1391 598 1432 iucundissimum
619 1392 669 1431 ab
689 1402 738 1431 eo
759 1392 969 1442 accepisse
989 1390 1243 1439 beneficium,
1265 1401 1384 1440 quem

115 1459 247 1488 amare
266 1449 384 1487 etiam
405 1452 499 1496 post
515 1447 695 1486 iniuriam
717 1446 875 1497 possis,
900 1447 968 1486 ubi
999 1446 1209 1486 amicitiam
1235 1447 1386 1496 alioqui

113 1503 327 1542 iucundam
354 1499 477 1543 causa
505 1503 598 1542 iecit
623 1509 662 1542 et
687 1504 844 1543 iustam.
890 1502 994 1542 Illud
1018 1512 1116 1541 vero
1138 1502 1288 1540 homini
1318 1511 1384 1540 ve·
1404 1507 1428 1542 4

113 1558 291 1597 recundo
311 1564 351 1598 et
369 1558 497 1607 probo
516 1557 779 1597 miserrimum
799 1563 878 1606 est,
901 1559 936 1597 si
955 1568 1047 1597 eum
1066 1568 1198 1597 amare
1214 1562 1383 1607 oportet,

117 1623 235 1663 quem
254 1624 334 1653 non
355 1614 474 1653 iuvat.
517 1614 677 1652 Totiens
696 1614 933 1653 admoneam
951 1623 1123 1652 necesse
1145 1618 1207 1653 est
1225 1625 1307 1653 non
1326 1613 1385 1652 lo-

117 1669 184 1718 qui
205 1679 268 1707 me
293 1670 344 1707 de
363 1667 631 1718 sapientibus,
663 1680 767 1718 quos
797 1670 989 1718 quicquid
1016 1674 1175 1718 oportet
1201 1673 1240 1708 et
1264 1670 1385 1717 iuvat,

117 1724 184 1773 qui
200 1724 372 1763 animum
389 1725 428 1762 in
445 1728 644 1773 potestate
657 1724 806 1763 habent
821 1729 860 1764 et
874 1726 1003 1773 legem
1019 1724 1096 1763 sibi
1113 1735 1232 1774 quam
1246 1725 1387 1764 volunt

115 1780 268 1827 dicunt,
300 1790 418 1828 quam
445 1779 630 1818 dixerunt
657 1785 835 1827 servant,
872 1780 947 1819 sed
974 1780 1026 1819 de
1051 1780 1283 1829 inperfectis
1309 1779 1383 1818 ho-

114 1835 287 1874 minibus
306 1835 518 1874 honestam
534 1835 639 1873 viam
659 1835 775 1883 sequi
796 1835 1040 1884 volentibus,
1073 1846 1243 1884 quorum
1271 1835 1381 1874 adfe—

115 1895 203 1930 ctus
224 1901 347 1940 saepe
367 1890 650 1930 contumaciter
666 1895 817 1940 parent.
855 1891 995 1940 Itaque
1015 1891 1241 1939 eligendum
1260 1894 1341 1938 est,
1361 1900 1386 1929 a
1402 1897 1425 1932 5

116 1957 197 1996 quo
216 1945 454 1985 beneficium
475 1945 678 1994 accipiam.
716 1950 755 1984 et
768 1946 928 1996 quidem
945 1946 1170 1995 diligentius
1187 1955 1383 1994 quaeren—

116 2003 193 2041 dus
212 2002 397 2041 beneficii
426 2011 546 2050 quam
574 2001 768 2049 pecuniae
795 2002 978 2041 creditor.
1026 2001 1128 2040 Huic
1155 2001 1259 2039 enim
1290 2001 1381 2040 red-

117 2057 291 2097 dendum
312 2062 374 2096 est
396 2061 586 2105 quantum
608 2056 767 2105 accepi,
796 2058 888 2095 etsi
910 2055 1087 2104 reddidi,
1118 2056 1273 2095 solutus
1294 2066 1383 2095 sum

117 2123 165 2151 ac
184 2113 296 2152 liber.
325 2117 365 2151 at
385 2112 439 2151 illi
461 2113 552 2161 plus
573 2112 808 2152 solvendum
831 2117 914 2158 est,
933 2116 972 2150 et
990 2111 1246 2151 nihilominus
1263 2110 1381 2151 etiam

114 2168 240 2206 relata
258 2168 384 2216 gratia
404 2167 685 2207 cohaeremus:
705 2167 834 2206 debeo
851 2166 973 2214 enim,
996 2177 1086 2206 cum
1104 2167 1272 2215 reddidi,
1292 2178 1379 2206 rur—

116 2233 188 2262 sus
207 2223 382 2272 incipere
399 2228 613 2272 manetque
633 2223 814 2262 amicitia.
854 2223 905 2273 [et
922 2227 965 2261 ut
983 2225 1024 2262 in
1047 2223 1268 2273 amicitiam]
1297 2233 1379 2262 non

115 2279 335 2328 receperim
360 2277 585 2328 indignum,
616 2278 674 2317 sic
693 2288 744 2316 ne
766 2278 806 2316 in
824 2277 1109 2318 beneficiorum
1134 2278 1293 2327 quidem
1312 2289 1376 2317 sa-

119 2334 484 2389 cratissimumvius,
515 2345 568 2374 ex
592 2345 672 2384 quo
701 2332 871 2372 amicitia
889 2334 1026 2373 oritur.
1070 2333 1182 2383 „Non
1207 2344 1376 2384 semper,
1393 2338 1416 2374 6
