<?xml version="1.0" encoding="UTF-8"?>
<!DOCTYPE html PUBLIC "-//W3C//DTD XHTML 1.0 Transitional//EN"
    "http://www.w3.org/TR/xhtml1/DTD/xhtml1-transitional.dtd">
<html xmlns="http://www.w3.org/1999/xhtml" xml:lang="en" lang="en">
 <head>
  <title>
</title>
<meta http-equiv="Content-Type" content="text/html;charset=utf-8" />
  <meta name='ocr-system' content='tesseract 3.04.00' />
  <meta name='ocr-capabilities' content='ocr_page ocr_carea ocr_par ocr_line ocrx_word'/>
</head>
<body>
  <div class='ocr_page' id='page_1' title='image "./operaquaesupersu01seneuoft_0124.png"; bbox 0 0 1624 2626; ppageno 0'>
   <div class='ocr_carea' id='block_1_1' title="bbox 318 196 1201 238">
    <p class='ocr_par' dir='ltr' id='par_1_1' title="bbox 318 196 1201 238">
     <span class='ocr_line' id='line_1_1' title="bbox 318 196 1201 238; baseline -0.001 0"><span class='ocrx_word' id='word_1_1' title='bbox 318 196 397 238; x_wconf 83' lang='lat'><strong>110</strong></span> <span class='ocrx_word' id='word_1_2' title='bbox 689 197 732 236; x_wconf 69' lang='lat' dir='ltr'><strong>L,</strong></span> <span class='ocrx_word' id='word_1_3' title='bbox 758 196 946 236; x_wconf 85' lang='grc' dir='ltr'><strong>ΑΝΝΑΕΙ</strong></span> <span class='ocrx_word' id='word_1_4' title='bbox 974 196 1201 237; x_wconf 82' lang='lat' dir='ltr'>SENECAE</span> 
     </span>
    </p>
   </div>
   <div class='ocr_carea' id='block_1_2' title="bbox 316 296 1567 399">
    <p class='ocr_par' dir='ltr' id='par_1_2' title="bbox 316 296 1567 399">
     <span class='ocr_line' id='line_1_2' title="bbox 316 296 1567 346; baseline 0.002 -11"><span class='ocrx_word' id='word_1_5' title='bbox 316 308 396 335; x_wconf 89' lang='lat' dir='ltr'><strong>non</strong></span> <span class='ocrx_word' id='word_1_6' title='bbox 416 296 565 344; x_wconf 85' lang='lat' dir='ltr'><strong>gloriae</strong></span> <span class='ocrx_word' id='word_1_7' title='bbox 584 307 745 345; x_wconf 91' lang='lat' dir='ltr'><strong>memor,</strong></span> <span class='ocrx_word' id='word_1_8' title='bbox 775 307 853 335; x_wconf 91' lang='lat' dir='ltr'><strong>non</strong></span> <span class='ocrx_word' id='word_1_9' title='bbox 881 297 1062 336; x_wconf 77' lang='lat' dir='ltr'><strong>infamiae</strong></span> <span class='ocrx_word' id='word_1_10' title='bbox 1081 303 1271 346; x_wconf 86' lang='lat' dir='ltr'><strong>metuens,</strong></span> <span class='ocrx_word' id='word_1_11' title='bbox 1299 298 1567 339; x_wconf 56' lang='lat' dir='ltr'><strong>inemendabia</strong></span> 
     </span>
     <span class='ocr_line' id='line_1_3' title="bbox 316 350 1053 399; baseline 0.003 -11"><span class='ocrx_word' id='word_1_12' title='bbox 316 352 376 399; x_wconf 89' lang='lat' dir='ltr'><strong>lis,</strong></span> <span class='ocrx_word' id='word_1_13' title='bbox 396 361 482 388; x_wconf 89' lang='lat' dir='ltr'><strong>cum</strong></span> <span class='ocrx_word' id='word_1_14' title='bbox 503 361 553 388; x_wconf 89' lang='lat' dir='ltr'><strong>ex</strong></span> <span class='ocrx_word' id='word_1_15' title='bbox 572 350 630 389; x_wconf 91' lang='lat' dir='ltr'><strong>ira</strong></span> <span class='ocrx_word' id='word_1_16' title='bbox 647 352 684 389; x_wconf 91' lang='lat' dir='ltr'><strong>in</strong></span> <span class='ocrx_word' id='word_1_17' title='bbox 706 352 838 390; x_wconf 89' lang='lat' dir='ltr'><strong>odium</strong></span> <span class='ocrx_word' id='word_1_18' title='bbox 859 352 1053 391; x_wconf 78' lang='lat' dir='ltr'>obcalluit.</span> 
     </span>
    </p>
   </div>
   <div class='ocr_carea' id='block_1_3' title="bbox 275 405 1624 455">
    <p class='ocr_par' dir='ltr' id='par_1_3' title="bbox 275 405 1624 455">
     <span class='ocr_line' id='line_1_4' title="bbox 275 405 1624 455; baseline 0.001 -11"><span class='ocrx_word' id='word_1_19' title='bbox 275 412 294 444; x_wconf 93' lang='lat'>1</span> <span class='ocrx_word' id='word_1_20' title='bbox 401 405 514 443; x_wconf 86' lang='lat' dir='ltr'><strong>XLII.</strong></span> <span class='ocrx_word' id='word_1_21' title='bbox 546 406 756 444; x_wconf 82' lang='lat' dir='ltr'>Careamus</span> <span class='ocrx_word' id='word_1_22' title='bbox 783 406 859 444; x_wconf 92' lang='lat' dir='ltr'><strong>hoc</strong></span> <span class='ocrx_word' id='word_1_23' title='bbox 886 406 988 445; x_wconf 90' lang='lat' dir='ltr'><strong>malo</strong></span> <span class='ocrx_word' id='word_1_24' title='bbox 1015 417 1310 455; x_wconf 82' lang='lat' dir='ltr'>purgemusque</span> <span class='ocrx_word' id='word_1_25' title='bbox 1336 412 1505 446; x_wconf 83' lang='lat' dir='ltr'><strong>mentem</strong></span> <span class='ocrx_word' id='word_1_26' title='bbox 1531 412 1569 445; x_wconf 91' lang='lat' dir='ltr'><strong>et</strong></span> <span class='ocrx_word' id='word_1_27' title='bbox 1621 417 1624 420; x_wconf 64' lang='grc'>“</span> 
     </span>
    </p>
   </div>
   <div class='ocr_carea' id='block_1_4' title="bbox 272 460 1568 2359">
    <p class='ocr_par' dir='ltr' id='par_1_4' title="bbox 314 460 1568 617">
     <span class='ocr_line' id='line_1_5' title="bbox 315 460 1567 509; baseline 0.002 -12"><span class='ocrx_word' id='word_1_28' title='bbox 315 460 579 507; x_wconf 79' lang='lat' dir='ltr'><strong>exstirpemus</strong></span> <span class='ocrx_word' id='word_1_29' title='bbox 597 461 797 506; x_wconf 83' lang='lat' dir='ltr'><strong>radicitus,</strong></span> <span class='ocrx_word' id='word_1_30' title='bbox 821 470 923 508; x_wconf 91' lang='lat' dir='ltr'><strong>quae</strong></span> <span class='ocrx_word' id='word_1_31' title='bbox 944 461 1121 507; x_wconf 88' lang='lat' dir='ltr'><strong>quamvis</strong></span> <span class='ocrx_word' id='word_1_32' title='bbox 1143 462 1275 500; x_wconf 87' lang='lat' dir='ltr'><strong>tenuia</strong></span> <span class='ocrx_word' id='word_1_33' title='bbox 1292 461 1567 509; x_wconf 81' lang='lat' dir='ltr'><strong>undecumque</strong></span> 
     </span>
     <span class='ocr_line' id='line_1_6' title="bbox 314 514 1568 564; baseline 0.001 -12"><span class='ocrx_word' id='word_1_34' title='bbox 314 514 524 560; x_wconf 84' lang='lat' dir='ltr'><strong>haeserint,</strong></span> <span class='ocrx_word' id='word_1_35' title='bbox 545 520 813 553; x_wconf 82' lang='lat' dir='ltr'><strong>renascentur.</strong></span> <span class='ocrx_word' id='word_1_36' title='bbox 859 519 897 552; x_wconf 91' lang='lat' dir='ltr'><strong>et</strong></span> <span class='ocrx_word' id='word_1_37' title='bbox 915 514 1010 551; x_wconf 86' lang='lat' dir='ltr'><strong>iram</strong></span> <span class='ocrx_word' id='word_1_38' title='bbox 1030 526 1107 553; x_wconf 92' lang='lat' dir='ltr'><strong>non</strong></span> <span class='ocrx_word' id='word_1_39' title='bbox 1127 520 1404 564; x_wconf 84' lang='lat' dir='ltr'><strong>temperemus,</strong></span> <span class='ocrx_word' id='word_1_40' title='bbox 1426 517 1497 554; x_wconf 91' lang='lat' dir='ltr'><strong>sed</strong></span> <span class='ocrx_word' id='word_1_41' title='bbox 1517 527 1568 554; x_wconf 90' lang='lat' dir='ltr'><strong>ex</strong></span> 
     </span>
     <span class='ocr_line' id='line_1_7' title="bbox 314 569 1567 617; baseline 0.001 -10"><span class='ocrx_word' id='word_1_42' title='bbox 314 574 395 608; x_wconf 90' lang='lat' dir='ltr'><strong>toto</strong></span> <span class='ocrx_word' id='word_1_43' title='bbox 415 579 702 607; x_wconf 86' lang='lat' dir='ltr'><strong>removeamus.</strong></span> <span class='ocrx_word' id='word_1_44' title='bbox 740 569 848 616; x_wconf 90' lang='lat' dir='ltr'><strong>quod</strong></span> <span class='ocrx_word' id='word_1_45' title='bbox 875 569 978 607; x_wconf 89' lang='lat' dir='ltr'><strong>enim</strong></span> <span class='ocrx_word' id='word_1_46' title='bbox 997 570 1122 607; x_wconf 90' lang='lat' dir='ltr'><strong>malae</strong></span> <span class='ocrx_word' id='word_1_47' title='bbox 1140 570 1196 608; x_wconf 90' lang='lat' dir='ltr'><strong>rei</strong></span> <span class='ocrx_word' id='word_1_48' title='bbox 1221 575 1567 617; x_wconf 86' lang='lat' dir='ltr'><strong>temperamentum</strong></span> 
     </span>
    </p>

    <p class='ocr_par' dir='ltr' id='par_1_5' title="bbox 274 622 1568 943">
     <span class='ocr_line' id='line_1_8' title="bbox 274 622 1568 671; baseline 0 -10"><span class='ocrx_word' id='word_1_49' title='bbox 274 629 296 661; x_wconf 86' lang='lat'><strong>2</strong></span> <span class='ocrx_word' id='word_1_50' title='bbox 315 628 400 662; x_wconf 64' lang='lat' dir='ltr'><strong>est?</strong></span> <span class='ocrx_word' id='word_1_51' title='bbox 419 623 633 671; x_wconf 85' lang='lat' dir='ltr'><strong>poterimus</strong></span> <span class='ocrx_word' id='word_1_52' title='bbox 651 627 791 669; x_wconf 87' lang='lat' dir='ltr'><strong>autem,</strong></span> <span class='ocrx_word' id='word_1_53' title='bbox 811 622 1030 661; x_wconf 86' lang='lat' dir='ltr'><strong>adnitamur</strong></span> <span class='ocrx_word' id='word_1_54' title='bbox 1044 624 1175 663; x_wconf 90' lang='lat' dir='ltr'><strong>modo.</strong></span> <span class='ocrx_word' id='word_1_55' title='bbox 1213 624 1292 662; x_wconf 91' lang='lat' dir='ltr'><strong>Nec</strong></span> <span class='ocrx_word' id='word_1_56' title='bbox 1310 626 1387 662; x_wconf 88' lang='lat' dir='ltr'><strong>ulla</strong></span> <span class='ocrx_word' id='word_1_57' title='bbox 1408 634 1472 662; x_wconf 91' lang='lat' dir='ltr'><strong>res</strong></span> <span class='ocrx_word' id='word_1_58' title='bbox 1487 629 1568 661; x_wconf 85' lang='lat' dir='ltr'><strong>ma-</strong></span> 
     </span>
     <span class='ocr_line' id='line_1_9' title="bbox 315 677 1567 726; baseline 0.001 -11"><span class='ocrx_word' id='word_1_59' title='bbox 315 677 376 725; x_wconf 88' lang='lat' dir='ltr'><strong>gis</strong></span> <span class='ocrx_word' id='word_1_60' title='bbox 398 678 573 726; x_wconf 86' lang='lat' dir='ltr'><strong>proderit</strong></span> <span class='ocrx_word' id='word_1_61' title='bbox 592 689 709 725; x_wconf 85' lang='lat' dir='ltr'><strong>quam</strong></span> <span class='ocrx_word' id='word_1_62' title='bbox 730 677 913 724; x_wconf 83' lang='lat' dir='ltr'><strong>cogitatio</strong></span> <span class='ocrx_word' id='word_1_63' title='bbox 933 678 1189 716; x_wconf 86' lang='lat' dir='ltr'><strong>mortalitatis.</strong></span> <span class='ocrx_word' id='word_1_64' title='bbox 1228 679 1302 717; x_wconf 88' lang='lat' dir='ltr'><strong>sibi</strong></span> <span class='ocrx_word' id='word_1_65' title='bbox 1323 678 1492 726; x_wconf 84' lang='lat' dir='ltr'><strong>quisque</strong></span> <span class='ocrx_word' id='word_1_66' title='bbox 1512 683 1567 716; x_wconf 82' lang='lat' dir='ltr'><strong>at-</strong></span> 
     </span>
     <span class='ocr_line' id='line_1_10' title="bbox 316 731 1565 780; baseline 0 -10"><span class='ocrx_word' id='word_1_67' title='bbox 316 743 393 780; x_wconf 89' lang='lat' dir='ltr'><strong>que</strong></span> <span class='ocrx_word' id='word_1_68' title='bbox 412 732 521 770; x_wconf 88' lang='lat' dir='ltr'><strong>alteri</strong></span> <span class='ocrx_word' id='word_1_69' title='bbox 541 732 663 770; x_wconf 82' lang='lat' dir='ltr'><strong>dicat:</strong></span> <span class='ocrx_word' id='word_1_70' title='bbox 701 731 801 779; x_wconf 84' lang='lat' dir='ltr'><strong>Quid</strong></span> <span class='ocrx_word' id='word_1_71' title='bbox 827 732 935 770; x_wconf 89' lang='lat' dir='ltr'><strong>iuvat</strong></span> <span class='ocrx_word' id='word_1_72' title='bbox 952 736 1147 780; x_wconf 87' lang='lat' dir='ltr'><strong>tamquam</strong></span> <span class='ocrx_word' id='word_1_73' title='bbox 1168 733 1206 770; x_wconf 91' lang='lat' dir='ltr'><strong>in</strong></span> <span class='ocrx_word' id='word_1_74' title='bbox 1235 737 1433 770; x_wconf 89' lang='lat' dir='ltr'><strong>aeternum</strong></span> <span class='ocrx_word' id='word_1_75' title='bbox 1460 733 1565 780; x_wconf 85' lang='lat' dir='ltr'><strong>geni-</strong></span> 
     </span>
     <span class='ocr_line' id='line_1_11' title="bbox 313 785 1567 834; baseline 0 -10"><span class='ocrx_word' id='word_1_76' title='bbox 313 790 377 825; x_wconf 84' lang='lat' dir='ltr'><strong>tos</strong></span> <span class='ocrx_word' id='word_1_77' title='bbox 397 787 476 824; x_wconf 87' lang='lat' dir='ltr'><strong>iras</strong></span> <span class='ocrx_word' id='word_1_78' title='bbox 495 785 669 824; x_wconf 88' lang='lat' dir='ltr'><strong>indicere</strong></span> <span class='ocrx_word' id='word_1_79' title='bbox 689 790 728 824; x_wconf 89' lang='lat' dir='ltr'><strong>et</strong></span> <span class='ocrx_word' id='word_1_80' title='bbox 744 785 1015 824; x_wconf 89' lang='lat' dir='ltr'><strong>brevissimam</strong></span> <span class='ocrx_word' id='word_1_81' title='bbox 1035 790 1198 824; x_wconf 86' lang='lat' dir='ltr'><strong>aetatem</strong></span> <span class='ocrx_word' id='word_1_82' title='bbox 1219 786 1441 834; x_wconf 67' lang='lat' dir='ltr'><strong>dissipare?</strong></span> <span class='ocrx_word' id='word_1_83' title='bbox 1473 787 1567 834; x_wconf 89' lang='lat' dir='ltr'><strong>quid</strong></span> 
     </span>
     <span class='ocr_line' id='line_1_12' title="bbox 314 839 1566 889; baseline 0 -10"><span class='ocrx_word' id='word_1_84' title='bbox 314 842 420 879; x_wconf 89' lang='lat' dir='ltr'><strong>iuvat</strong></span> <span class='ocrx_word' id='word_1_85' title='bbox 438 841 535 887; x_wconf 88' lang='lat' dir='ltr'><strong>dies,</strong></span> <span class='ocrx_word' id='word_1_86' title='bbox 564 851 665 888; x_wconf 91' lang='lat' dir='ltr'><strong>quos</strong></span> <span class='ocrx_word' id='word_1_87' title='bbox 685 840 722 878; x_wconf 90' lang='lat' dir='ltr'><strong>in</strong></span> <span class='ocrx_word' id='word_1_88' title='bbox 742 842 984 888; x_wconf 82' lang='lat' dir='ltr'><strong>voluptatem</strong></span> <span class='ocrx_word' id='word_1_89' title='bbox 1003 840 1206 879; x_wconf 84' lang='lat' dir='ltr'><strong>honestam</strong></span> <span class='ocrx_word' id='word_1_90' title='bbox 1233 839 1448 889; x_wconf 88' lang='lat' dir='ltr'><strong>inpendere</strong></span> <span class='ocrx_word' id='word_1_91' title='bbox 1467 841 1566 887; x_wconf 88' lang='lat' dir='ltr'><strong>licet,</strong></span> 
     </span>
     <span class='ocr_line' id='line_1_13' title="bbox 314 895 1564 943; baseline 0 -10"><span class='ocrx_word' id='word_1_92' title='bbox 314 896 352 933; x_wconf 91' lang='lat' dir='ltr'><strong>in</strong></span> <span class='ocrx_word' id='word_1_93' title='bbox 379 895 557 934; x_wconf 90' lang='lat' dir='ltr'><strong>dolorem</strong></span> <span class='ocrx_word' id='word_1_94' title='bbox 583 895 747 933; x_wconf 88' lang='lat' dir='ltr'><strong>alicuius</strong></span> <span class='ocrx_word' id='word_1_95' title='bbox 774 899 1087 943; x_wconf 87' lang='lat' dir='ltr'><strong>tormentumque</strong></span> <span class='ocrx_word' id='word_1_96' title='bbox 1113 895 1355 933; x_wconf 74' lang='lat' dir='ltr'><strong>transferre?</strong></span> <span class='ocrx_word' id='word_1_97' title='bbox 1396 905 1474 934; x_wconf 90' lang='lat' dir='ltr'><strong>non</strong></span> <span class='ocrx_word' id='word_1_98' title='bbox 1503 905 1564 933; x_wconf 84' lang='lat' dir='ltr'><strong>ca-</strong></span> 
     </span>
    </p>

    <p class='ocr_par' dir='ltr' id='par_1_6' title="bbox 272 948 1568 1268">
     <span class='ocr_line' id='line_1_14' title="bbox 272 948 1567 998; baseline -0.002 -9"><span class='ocrx_word' id='word_1_99' title='bbox 272 956 294 990; x_wconf 82' lang='lat'><strong>3</strong></span> <span class='ocrx_word' id='word_1_100' title='bbox 314 950 423 998; x_wconf 92' lang='lat' dir='ltr'><strong>piunt</strong></span> <span class='ocrx_word' id='word_1_101' title='bbox 440 960 504 987; x_wconf 91' lang='lat' dir='ltr'><strong>res</strong></span> <span class='ocrx_word' id='word_1_102' title='bbox 519 950 624 987; x_wconf 79' lang='lat' dir='ltr'><strong>istae</strong></span> <span class='ocrx_word' id='word_1_103' title='bbox 643 949 831 987; x_wconf 84' lang='lat' dir='ltr'><strong>iacturam</strong></span> <span class='ocrx_word' id='word_1_104' title='bbox 857 959 930 987; x_wconf 90' lang='lat' dir='ltr'><strong>nec</strong></span> <span class='ocrx_word' id='word_1_105' title='bbox 949 954 1105 997; x_wconf 89' lang='lat' dir='ltr'><strong>tempus</strong></span> <span class='ocrx_word' id='word_1_106' title='bbox 1125 954 1240 987; x_wconf 89' lang='lat' dir='ltr'><strong>vacat</strong></span> <span class='ocrx_word' id='word_1_107' title='bbox 1261 950 1440 997; x_wconf 87' lang='lat' dir='ltr'><strong>perdere.</strong></span> <span class='ocrx_word' id='word_1_108' title='bbox 1467 948 1567 996; x_wconf 84' lang='lat' dir='ltr'><strong>Quid</strong></span> 
     </span>
     <span class='ocr_line' id='line_1_15' title="bbox 313 1002 1568 1051; baseline -0.002 -9"><span class='ocrx_word' id='word_1_109' title='bbox 313 1005 462 1042; x_wconf 90' lang='lat' dir='ltr'><strong>ruimus</strong></span> <span class='ocrx_word' id='word_1_110' title='bbox 491 1004 530 1041; x_wconf 93' lang='lat' dir='ltr'><strong>in</strong></span> <span class='ocrx_word' id='word_1_111' title='bbox 560 1007 757 1051; x_wconf 73' lang='lat' dir='ltr'><strong>pugnam?</strong></span> <span class='ocrx_word' id='word_1_112' title='bbox 797 1002 893 1051; x_wconf 90' lang='lat' dir='ltr'><strong>quid</strong></span> <span class='ocrx_word' id='word_1_113' title='bbox 922 1004 1132 1042; x_wconf 85' lang='lat' dir='ltr'><strong>certamina</strong></span> <span class='ocrx_word' id='word_1_114' title='bbox 1155 1002 1270 1042; x_wconf 90' lang='lat' dir='ltr'><strong>nobis</strong></span> <span class='ocrx_word' id='word_1_115' title='bbox 1298 1004 1568 1042; x_wconf 68' lang='lat' dir='ltr'><strong>arcessimus?</strong></span> 
     </span>
     <span class='ocr_line' id='line_1_16' title="bbox 315 1057 1568 1107; baseline -0.002 -10"><span class='ocrx_word' id='word_1_116' title='bbox 315 1057 409 1107; x_wconf 89' lang='lat' dir='ltr'><strong>quid</strong></span> <span class='ocrx_word' id='word_1_117' title='bbox 438 1057 698 1097; x_wconf 89' lang='lat' dir='ltr'><strong>inbecillitatis</strong></span> <span class='ocrx_word' id='word_1_118' title='bbox 725 1057 832 1095; x_wconf 90' lang='lat' dir='ltr'><strong>obliti</strong></span> <span class='ocrx_word' id='word_1_119' title='bbox 864 1057 1036 1105; x_wconf 86' lang='lat' dir='ltr'><strong>ingentia</strong></span> <span class='ocrx_word' id='word_1_120' title='bbox 1063 1058 1154 1095; x_wconf 85' lang='lat' dir='ltr'><strong>odia</strong></span> <span class='ocrx_word' id='word_1_121' title='bbox 1181 1058 1420 1105; x_wconf 90' lang='lat' dir='ltr'><strong>suscipimus</strong></span> <span class='ocrx_word' id='word_1_122' title='bbox 1449 1062 1487 1095; x_wconf 92' lang='lat' dir='ltr'><strong>et</strong></span> <span class='ocrx_word' id='word_1_123' title='bbox 1516 1057 1568 1095; x_wconf 87' lang='lat' dir='ltr'><strong>ad</strong></span> 
     </span>
     <span class='ocr_line' id='line_1_17' title="bbox 313 1110 1565 1160; baseline 0 -10"><span class='ocrx_word' id='word_1_124' title='bbox 313 1113 571 1160; x_wconf 83' lang='lat' dir='ltr'><strong>frangendum</strong></span> <span class='ocrx_word' id='word_1_125' title='bbox 598 1111 756 1159; x_wconf 80' lang='lat' dir='ltr'><strong>fragiles</strong></span> <span class='ocrx_word' id='word_1_126' title='bbox 778 1112 1080 1158; x_wconf 72' lang='lat' dir='ltr'><strong>consurgimus?</strong></span> <span class='ocrx_word' id='word_1_127' title='bbox 1114 1110 1188 1149; x_wconf 90' lang='lat' dir='ltr'><strong>iam</strong></span> <span class='ocrx_word' id='word_1_128' title='bbox 1211 1112 1307 1150; x_wconf 87' lang='lat' dir='ltr'><strong>istas</strong></span> <span class='ocrx_word' id='word_1_129' title='bbox 1334 1112 1565 1157; x_wconf 78' lang='lat' dir='ltr'><strong>inimicitias,</strong></span> 
     </span>
     <span class='ocr_line' id='line_1_18' title="bbox 316 1165 1566 1215; baseline -0.001 -10"><span class='ocrx_word' id='word_1_130' title='bbox 316 1177 416 1215; x_wconf 90' lang='lat' dir='ltr'><strong>quas</strong></span> <span class='ocrx_word' id='word_1_131' title='bbox 441 1165 664 1215; x_wconf 76' lang='lat' dir='ltr'><strong>implacabili</strong></span> <span class='ocrx_word' id='word_1_132' title='bbox 684 1166 856 1213; x_wconf 82' lang='lat' dir='ltr'><strong>gerimus</strong></span> <span class='ocrx_word' id='word_1_133' title='bbox 876 1167 1017 1212; x_wconf 88' lang='lat' dir='ltr'><strong>animo,</strong></span> <span class='ocrx_word' id='word_1_134' title='bbox 1039 1166 1158 1204; x_wconf 76' lang='lat' dir='ltr'><strong>febr1s</strong></span> <span class='ocrx_word' id='word_1_135' title='bbox 1187 1171 1254 1204; x_wconf 86' lang='lat' dir='ltr'><strong>aut</strong></span> <span class='ocrx_word' id='word_1_136' title='bbox 1279 1166 1439 1214; x_wconf 85' lang='lat' dir='ltr'><strong>aliquod</strong></span> <span class='ocrx_word' id='word_1_137' title='bbox 1459 1167 1566 1204; x_wconf 86' lang='lat' dir='ltr'><strong>aliud</strong></span> 
     </span>
     <span class='ocr_line' id='line_1_19' title="bbox 312 1219 1567 1268; baseline -0.002 -8"><span class='ocrx_word' id='word_1_138' title='bbox 312 1222 456 1260; x_wconf 88' lang='lat' dir='ltr'><strong>malum</strong></span> <span class='ocrx_word' id='word_1_139' title='bbox 484 1219 662 1268; x_wconf 89' lang='lat' dir='ltr'><strong>corporis</strong></span> <span class='ocrx_word' id='word_1_140' title='bbox 684 1221 829 1259; x_wconf 84' lang='lat' dir='ltr'><strong>vetabit</strong></span> <span class='ocrx_word' id='word_1_141' title='bbox 855 1220 949 1268; x_wconf 87' lang='lat' dir='ltr'><strong>geri.</strong></span> <span class='ocrx_word' id='word_1_142' title='bbox 981 1221 1057 1258; x_wconf 90' lang='lat' dir='ltr'><strong>iam</strong></span> <span class='ocrx_word' id='word_1_143' title='bbox 1083 1230 1156 1268; x_wconf 88' lang='lat' dir='ltr'><strong>par</strong></span> <span class='ocrx_word' id='word_1_144' title='bbox 1184 1221 1415 1258; x_wconf 88' lang='lat' dir='ltr'><strong>acerrimum</strong></span> <span class='ocrx_word' id='word_1_145' title='bbox 1437 1221 1567 1258; x_wconf 88' lang='lat' dir='ltr'><strong>media</strong></span> 
     </span>
    </p>

    <p class='ocr_par' dir='ltr' id='par_1_7' title="bbox 273 1273 1565 1484">
     <span class='ocr_line' id='line_1_20' title="bbox 273 1273 1564 1322; baseline -0.002 -8"><span class='ocrx_word' id='word_1_146' title='bbox 273 1286 296 1319; x_wconf 83' lang='lat'>4</span> <span class='ocrx_word' id='word_1_147' title='bbox 315 1287 421 1314; x_wconf 87' lang='lat' dir='ltr'><strong>mors</strong></span> <span class='ocrx_word' id='word_1_148' title='bbox 442 1276 605 1314; x_wconf 81' lang='lat' dir='ltr'><strong>dirimet.</strong></span> <span class='ocrx_word' id='word_1_149' title='bbox 652 1274 750 1322; x_wconf 83' lang='lat' dir='ltr'><strong>Quid</strong></span> <span class='ocrx_word' id='word_1_150' title='bbox 770 1276 1046 1313; x_wconf 86' lang='lat' dir='ltr'><strong>tumultuamur</strong></span> <span class='ocrx_word' id='word_1_151' title='bbox 1066 1280 1105 1312; x_wconf 89' lang='lat' dir='ltr'><strong>et</strong></span> <span class='ocrx_word' id='word_1_152' title='bbox 1122 1274 1240 1312; x_wconf 89' lang='lat' dir='ltr'><strong>vitam</strong></span> <span class='ocrx_word' id='word_1_153' title='bbox 1267 1273 1444 1313; x_wconf 88' lang='lat' dir='ltr'><strong>seditiosi</strong></span> <span class='ocrx_word' id='word_1_154' title='bbox 1474 1284 1564 1312; x_wconf 90' lang='lat' dir='ltr'><strong>con-</strong></span> 
     </span>
     <span class='ocr_line' id='line_1_21' title="bbox 314 1328 1563 1377; baseline -0.002 -8"><span class='ocrx_word' id='word_1_155' title='bbox 314 1330 542 1369; x_wconf 65' lang='lat' dir='ltr'><strong>turbamus?</strong></span> <span class='ocrx_word' id='word_1_156' title='bbox 566 1333 642 1368; x_wconf 86' lang='lat' dir='ltr'><strong>stat</strong></span> <span class='ocrx_word' id='word_1_157' title='bbox 661 1340 781 1377; x_wconf 85' lang='lat' dir='ltr'><strong>supra</strong></span> <span class='ocrx_word' id='word_1_158' title='bbox 797 1334 914 1377; x_wconf 84' lang='lat' dir='ltr'><strong>caput</strong></span> <span class='ocrx_word' id='word_1_159' title='bbox 933 1330 1052 1366; x_wconf 84' lang='lat' dir='ltr'><strong>fatum</strong></span> <span class='ocrx_word' id='word_1_160' title='bbox 1072 1333 1110 1367; x_wconf 92' lang='lat' dir='ltr'><strong>et</strong></span> <span class='ocrx_word' id='word_1_161' title='bbox 1128 1328 1328 1376; x_wconf 88' lang='lat' dir='ltr'><strong>pereuntis</strong></span> <span class='ocrx_word' id='word_1_162' title='bbox 1349 1329 1434 1367; x_wconf 91' lang='lat' dir='ltr'><strong>dies</strong></span> <span class='ocrx_word' id='word_1_163' title='bbox 1453 1328 1563 1377; x_wconf 88' lang='lat' dir='ltr'><strong>inpu-</strong></span> 
     </span>
     <span class='ocr_line' id='line_1_22' title="bbox 314 1382 1565 1433; baseline -0.001 -10"><span class='ocrx_word' id='word_1_164' title='bbox 314 1389 370 1424; x_wconf 89' lang='lat' dir='ltr'><strong>tat</strong></span> <span class='ocrx_word' id='word_1_165' title='bbox 397 1385 641 1433; x_wconf 85' lang='lat' dir='ltr'><strong>propiusque</strong></span> <span class='ocrx_word' id='word_1_166' title='bbox 668 1394 714 1422; x_wconf 83' lang='lat' dir='ltr'><strong>ac</strong></span> <span class='ocrx_word' id='word_1_167' title='bbox 743 1384 906 1431; x_wconf 87' lang='lat' dir='ltr'><strong>propius</strong></span> <span class='ocrx_word' id='word_1_168' title='bbox 935 1384 1098 1421; x_wconf 86' lang='lat' dir='ltr'><strong>accedit.</strong></span> <span class='ocrx_word' id='word_1_169' title='bbox 1143 1382 1248 1421; x_wconf 88' lang='lat' dir='ltr'><strong>istud</strong></span> <span class='ocrx_word' id='word_1_170' title='bbox 1275 1389 1429 1431; x_wconf 89' lang='lat' dir='ltr'><strong>tempus</strong></span> <span class='ocrx_word' id='word_1_171' title='bbox 1458 1384 1565 1431; x_wconf 89' lang='lat' dir='ltr'><strong>quod</strong></span> 
     </span>
     <span class='ocr_line' id='line_1_23' title="bbox 315 1437 1336 1484; baseline -0.003 -6"><span class='ocrx_word' id='word_1_172' title='bbox 315 1440 467 1478; x_wconf 79' lang='lat' dir='ltr'><strong>alienae</strong></span> <span class='ocrx_word' id='word_1_173' title='bbox 487 1439 661 1477; x_wconf 88' lang='lat' dir='ltr'><strong>destinas</strong></span> <span class='ocrx_word' id='word_1_174' title='bbox 682 1437 806 1484; x_wconf 89' lang='lat' dir='ltr'><strong>morti,</strong></span> <span class='ocrx_word' id='word_1_175' title='bbox 828 1439 998 1477; x_wconf 84' lang='lat' dir='ltr'><strong>fortasse</strong></span> <span class='ocrx_word' id='word_1_176' title='bbox 1018 1437 1121 1475; x_wconf 86' lang='lat' dir='ltr'><strong>circa</strong></span> <span class='ocrx_word' id='word_1_177' title='bbox 1140 1442 1244 1476; x_wconf 89' lang='lat' dir='ltr'><strong>tuam</strong></span> <span class='ocrx_word' id='word_1_178' title='bbox 1264 1442 1336 1476; x_wconf 89' lang='lat' dir='ltr'><strong>est.</strong></span> 
     </span>
    </p>

    <p class='ocr_par' dir='ltr' id='par_1_8' title="bbox 274 1491 1566 1924">
     <span class='ocr_line' id='line_1_24' title="bbox 274 1491 1566 1540; baseline -0.002 -8"><span class='ocrx_word' id='word_1_179' title='bbox 274 1505 293 1537; x_wconf 90' lang='lat'>1</span> <span class='ocrx_word' id='word_1_180' title='bbox 393 1494 524 1532; x_wconf 85' lang='lat' dir='ltr'>XLIII.</span> <span class='ocrx_word' id='word_1_181' title='bbox 554 1493 650 1540; x_wconf 90' lang='lat' dir='ltr'><strong>Quin</strong></span> <span class='ocrx_word' id='word_1_182' title='bbox 666 1493 797 1540; x_wconf 88' lang='lat' dir='ltr'><strong>potius</strong></span> <span class='ocrx_word' id='word_1_183' title='bbox 813 1493 929 1530; x_wconf 89' lang='lat' dir='ltr'><strong>vitam</strong></span> <span class='ocrx_word' id='word_1_184' title='bbox 943 1492 1102 1530; x_wconf 89' lang='lat' dir='ltr'><strong>brevem</strong></span> <span class='ocrx_word' id='word_1_185' title='bbox 1123 1492 1273 1539; x_wconf 85' lang='lat' dir='ltr'><strong>colligis</strong></span> <span class='ocrx_word' id='word_1_186' title='bbox 1295 1491 1566 1540; x_wconf 85' lang='lat' dir='ltr'><strong>placidamque</strong></span> 
     </span>
     <span class='ocr_line' id='line_1_25' title="bbox 315 1546 1564 1595; baseline -0.003 -8"><span class='ocrx_word' id='word_1_187' title='bbox 315 1553 354 1587; x_wconf 87' lang='lat' dir='ltr'><strong>et</strong></span> <span class='ocrx_word' id='word_1_188' title='bbox 368 1549 437 1587; x_wconf 86' lang='lat' dir='ltr'><strong>tibi</strong></span> <span class='ocrx_word' id='word_1_189' title='bbox 461 1553 499 1586; x_wconf 87' lang='lat' dir='ltr'><strong>et</strong></span> <span class='ocrx_word' id='word_1_190' title='bbox 517 1546 658 1586; x_wconf 89' lang='lat' dir='ltr'><strong>ceteris</strong></span> <span class='ocrx_word' id='word_1_191' title='bbox 682 1551 886 1595; x_wconf 66' lang='lat' dir='ltr'><strong>praestas?</strong></span> <span class='ocrx_word' id='word_1_192' title='bbox 914 1547 1006 1595; x_wconf 88' lang='lat' dir='ltr'><strong>quin</strong></span> <span class='ocrx_word' id='word_1_193' title='bbox 1029 1547 1159 1595; x_wconf 90' lang='lat' dir='ltr'><strong>potius</strong></span> <span class='ocrx_word' id='word_1_194' title='bbox 1180 1546 1383 1584; x_wconf 87' lang='lat' dir='ltr'><strong>amabilem</strong></span> <span class='ocrx_word' id='word_1_195' title='bbox 1402 1551 1452 1593; x_wconf 90' lang='lat' dir='ltr'><strong>te,</strong></span> <span class='ocrx_word' id='word_1_196' title='bbox 1473 1546 1564 1584; x_wconf 91' lang='lat' dir='ltr'><strong>dum</strong></span> 
     </span>
     <span class='ocr_line' id='line_1_26' title="bbox 314 1600 1566 1648; baseline -0.003 -6"><span class='ocrx_word' id='word_1_197' title='bbox 314 1604 428 1648; x_wconf 86' lang='lat' dir='ltr'><strong>vivis,</strong></span> <span class='ocrx_word' id='word_1_198' title='bbox 457 1601 650 1648; x_wconf 85' lang='lat' dir='ltr'><strong>omnibus,</strong></span> <span class='ocrx_word' id='word_1_199' title='bbox 681 1601 992 1648; x_wconf 87' lang='lat' dir='ltr'><strong>desiderabilem,</strong></span> <span class='ocrx_word' id='word_1_200' title='bbox 1021 1612 1109 1640; x_wconf 87' lang='lat' dir='ltr'><strong>cum</strong></span> <span class='ocrx_word' id='word_1_201' title='bbox 1137 1602 1370 1648; x_wconf 87' lang='lat' dir='ltr'><strong>excesseris,</strong></span> <span class='ocrx_word' id='word_1_202' title='bbox 1397 1600 1566 1639; x_wconf 68' lang='lat' dir='ltr'><strong>reddis?</strong></span> 
     </span>
     <span class='ocr_line' id='line_1_27' title="bbox 316 1655 1566 1705; baseline -0.003 -10"><span class='ocrx_word' id='word_1_203' title='bbox 316 1658 416 1705; x_wconf 93' lang='lat' dir='ltr'><strong>Quid</strong></span> <span class='ocrx_word' id='word_1_204' title='bbox 434 1657 541 1695; x_wconf 91' lang='lat' dir='ltr'><strong>illum</strong></span> <span class='ocrx_word' id='word_1_205' title='bbox 559 1655 672 1694; x_wconf 91' lang='lat' dir='ltr'><strong>nimis</strong></span> <span class='ocrx_word' id='word_1_206' title='bbox 694 1666 744 1693; x_wconf 89' lang='lat' dir='ltr'><strong>ex</strong></span> <span class='ocrx_word' id='word_1_207' title='bbox 762 1657 839 1694; x_wconf 89' lang='lat' dir='ltr'><strong>alto</strong></span> <span class='ocrx_word' id='word_1_208' title='bbox 858 1661 986 1694; x_wconf 90' lang='lat' dir='ltr'><strong>tecum</strong></span> <span class='ocrx_word' id='word_1_209' title='bbox 1006 1661 1181 1703; x_wconf 86' lang='lat' dir='ltr'><strong>agentem</strong></span> <span class='ocrx_word' id='word_1_210' title='bbox 1203 1655 1405 1694; x_wconf 83' lang='lat' dir='ltr'><strong>detrahere</strong></span> <span class='ocrx_word' id='word_1_211' title='bbox 1427 1655 1566 1702; x_wconf 70' lang='lat' dir='ltr'><strong>cupis2</strong></span> 
     </span>
     <span class='ocr_line' id='line_1_28' title="bbox 316 1710 1562 1760; baseline -0.004 -10"><span class='ocrx_word' id='word_1_212' title='bbox 316 1712 411 1760; x_wconf 91' lang='lat' dir='ltr'><strong>quid</strong></span> <span class='ocrx_word' id='word_1_213' title='bbox 430 1711 537 1750; x_wconf 91' lang='lat' dir='ltr'><strong>illum</strong></span> <span class='ocrx_word' id='word_1_214' title='bbox 558 1710 811 1749; x_wconf 85' lang='lat' dir='ltr'><strong>oblatrantem</strong></span> <span class='ocrx_word' id='word_1_215' title='bbox 831 1710 911 1757; x_wconf 86' lang='lat' dir='ltr'><strong>tibi,</strong></span> <span class='ocrx_word' id='word_1_216' title='bbox 940 1710 1122 1748; x_wconf 87' lang='lat' dir='ltr'><strong>humilem</strong></span> <span class='ocrx_word' id='word_1_217' title='bbox 1150 1710 1305 1757; x_wconf 89' lang='lat' dir='ltr'><strong>quidem</strong></span> <span class='ocrx_word' id='word_1_218' title='bbox 1333 1715 1370 1748; x_wconf 86' lang='lat' dir='ltr'><strong>et</strong></span> <span class='ocrx_word' id='word_1_219' title='bbox 1392 1714 1562 1747; x_wconf 87' lang='lat' dir='ltr'><strong>contem-</strong></span> 
     </span>
     <span class='ocr_line' id='line_1_29' title="bbox 315 1763 1562 1814; baseline -0.004 -9"><span class='ocrx_word' id='word_1_220' title='bbox 315 1772 436 1814; x_wconf 82' lang='lat' dir='ltr'><strong>ptum,</strong></span> <span class='ocrx_word' id='word_1_221' title='bbox 458 1766 530 1804; x_wconf 90' lang='lat' dir='ltr'><strong>sed</strong></span> <span class='ocrx_word' id='word_1_222' title='bbox 550 1764 821 1812; x_wconf 87' lang='lat' dir='ltr'><strong>superioribus</strong></span> <span class='ocrx_word' id='word_1_223' title='bbox 838 1765 990 1802; x_wconf 91' lang='lat' dir='ltr'><strong>acidum</strong></span> <span class='ocrx_word' id='word_1_224' title='bbox 1011 1775 1058 1803; x_wconf 91' lang='lat' dir='ltr'><strong>ac</strong></span> <span class='ocrx_word' id='word_1_225' title='bbox 1076 1765 1283 1802; x_wconf 87' lang='lat' dir='ltr'><strong>molestum</strong></span> <span class='ocrx_word' id='word_1_226' title='bbox 1301 1768 1498 1801; x_wconf 84' lang='lat' dir='ltr'><strong>exterrere</strong></span> <span class='ocrx_word' id='word_1_227' title='bbox 1508 1763 1562 1800; x_wconf 91' lang='lat' dir='ltr'><strong>vi-</strong></span> 
     </span>
     <span class='ocr_line' id='line_1_30' title="bbox 312 1817 1562 1867; baseline -0.003 -8"><span class='ocrx_word' id='word_1_228' title='bbox 312 1821 421 1859; x_wconf 88' lang='lat' dir='ltr'><strong>ribus</strong></span> <span class='ocrx_word' id='word_1_229' title='bbox 441 1819 518 1858; x_wconf 88' lang='lat' dir='ltr'><strong>tuis</strong></span> <span class='ocrx_word' id='word_1_230' title='bbox 538 1823 732 1867; x_wconf 67' lang='lat' dir='ltr'><strong>temptas?</strong></span> <span class='ocrx_word' id='word_1_231' title='bbox 768 1819 866 1866; x_wconf 89' lang='lat' dir='ltr'><strong>Quid</strong></span> <span class='ocrx_word' id='word_1_232' title='bbox 890 1829 1019 1864; x_wconf 90' lang='lat' dir='ltr'><strong>servo,</strong></span> <span class='ocrx_word' id='word_1_233' title='bbox 1042 1819 1137 1867; x_wconf 91' lang='lat' dir='ltr'><strong>quid</strong></span> <span class='ocrx_word' id='word_1_234' title='bbox 1157 1818 1326 1866; x_wconf 76' lang='lat' dir='ltr'><strong>domIno,</strong></span> <span class='ocrx_word' id='word_1_235' title='bbox 1355 1818 1449 1866; x_wconf 90' lang='lat' dir='ltr'><strong>quid</strong></span> <span class='ocrx_word' id='word_1_236' title='bbox 1468 1817 1562 1864; x_wconf 87' lang='lat' dir='ltr'><strong>regi,</strong></span> 
     </span>
     <span class='ocr_line' id='line_1_31' title="bbox 315 1872 1563 1924; baseline -0.003 -11"><span class='ocrx_word' id='word_1_237' title='bbox 315 1876 410 1924; x_wconf 90' lang='lat' dir='ltr'><strong>quid</strong></span> <span class='ocrx_word' id='word_1_238' title='bbox 437 1874 565 1912; x_wconf 89' lang='lat' dir='ltr'><strong>clienti</strong></span> <span class='ocrx_word' id='word_1_239' title='bbox 597 1878 664 1912; x_wconf 90' lang='lat' dir='ltr'><strong>tuo</strong></span> <span class='ocrx_word' id='word_1_240' title='bbox 692 1872 903 1911; x_wconf 73' lang='lat' dir='ltr'><strong>irasceris?</strong></span> <span class='ocrx_word' id='word_1_241' title='bbox 939 1874 1087 1912; x_wconf 85' lang='lat' dir='ltr'><strong>sustine</strong></span> <span class='ocrx_word' id='word_1_242' title='bbox 1119 1873 1296 1921; x_wconf 82' lang='lat' dir='ltr'><strong>paulum:</strong></span> <span class='ocrx_word' id='word_1_243' title='bbox 1338 1872 1444 1910; x_wconf 90' lang='lat' dir='ltr'><strong>venit</strong></span> <span class='ocrx_word' id='word_1_244' title='bbox 1470 1882 1563 1909; x_wconf 89' lang='lat' dir='ltr'><strong>ecce</strong></span> 
     </span>
    </p>

    <p class='ocr_par' dir='ltr' id='par_1_9' title="bbox 273 1927 1562 2304">
     <span class='ocr_line' id='line_1_32' title="bbox 273 1927 1561 1977; baseline -0.003 -9"><span class='ocrx_word' id='word_1_245' title='bbox 273 1935 296 1968; x_wconf 83' lang='lat'><strong>2</strong></span> <span class='ocrx_word' id='word_1_246' title='bbox 317 1940 422 1968; x_wconf 89' lang='lat' dir='ltr'><strong>mors</strong></span> <span class='ocrx_word' id='word_1_247' title='bbox 444 1939 545 1977; x_wconf 89' lang='lat' dir='ltr'><strong>quae</strong></span> <span class='ocrx_word' id='word_1_248' title='bbox 563 1938 637 1967; x_wconf 88' lang='lat' dir='ltr'><strong>vos</strong></span> <span class='ocrx_word' id='word_1_249' title='bbox 658 1938 774 1976; x_wconf 87' lang='lat' dir='ltr'><strong>pares</strong></span> <span class='ocrx_word' id='word_1_250' title='bbox 795 1928 921 1966; x_wconf 84' lang='lat' dir='ltr'><strong>faciat.</strong></span> <span class='ocrx_word' id='word_1_251' title='bbox 961 1928 1108 1966; x_wconf 90' lang='lat' dir='ltr'><strong>Videre</strong></span> <span class='ocrx_word' id='word_1_252' title='bbox 1127 1928 1301 1965; x_wconf 88' lang='lat' dir='ltr'><strong>solemus</strong></span> <span class='ocrx_word' id='word_1_253' title='bbox 1321 1927 1421 1964; x_wconf 89' lang='lat' dir='ltr'><strong>inter</strong></span> <span class='ocrx_word' id='word_1_254' title='bbox 1439 1931 1561 1964; x_wconf 89' lang='lat' dir='ltr'><strong>matu-</strong></span> 
     </span>
     <span class='ocr_line' id='line_1_33' title="bbox 315 1981 1561 2031; baseline -0.004 -9"><span class='ocrx_word' id='word_1_255' title='bbox 315 1985 395 2022; x_wconf 88' lang='lat' dir='ltr'><strong>tina</strong></span> <span class='ocrx_word' id='word_1_256' title='bbox 414 1993 557 2021; x_wconf 88' lang='lat' dir='ltr'><strong>arenae</strong></span> <span class='ocrx_word' id='word_1_257' title='bbox 576 1983 803 2031; x_wconf 87' lang='lat' dir='ltr'><strong>spectacula</strong></span> <span class='ocrx_word' id='word_1_258' title='bbox 822 1983 920 2020; x_wconf 87' lang='lat' dir='ltr'><strong>tauri</strong></span> <span class='ocrx_word' id='word_1_259' title='bbox 940 1987 977 2021; x_wconf 91' lang='lat' dir='ltr'><strong>et</strong></span> <span class='ocrx_word' id='word_1_260' title='bbox 995 1982 1077 2026; x_wconf 81' lang='lat' dir='ltr'><strong>ursi</strong></span> <span class='ocrx_word' id='word_1_261' title='bbox 1095 1991 1266 2029; x_wconf 88' lang='lat' dir='ltr'><strong>pugnam</strong></span> <span class='ocrx_word' id='word_1_262' title='bbox 1285 1981 1385 2020; x_wconf 91' lang='lat' dir='ltr'><strong>inter</strong></span> <span class='ocrx_word' id='word_1_263' title='bbox 1404 1992 1448 2020; x_wconf 90' lang='lat' dir='ltr'><strong>se</strong></span> <span class='ocrx_word' id='word_1_264' title='bbox 1469 1991 1561 2018; x_wconf 89' lang='lat' dir='ltr'><strong>con-</strong></span> 
     </span>
     <span class='ocr_line' id='line_1_34' title="bbox 314 2035 1560 2086; baseline -0.004 -10"><span class='ocrx_word' id='word_1_265' title='bbox 314 2039 539 2086; x_wconf 83' lang='lat' dir='ltr'><strong>ligatorum,</strong></span> <span class='ocrx_word' id='word_1_266' title='bbox 571 2048 672 2085; x_wconf 91' lang='lat' dir='ltr'><strong>quos</strong></span> <span class='ocrx_word' id='word_1_267' title='bbox 694 2047 781 2075; x_wconf 90' lang='lat' dir='ltr'><strong>cum</strong></span> <span class='ocrx_word' id='word_1_268' title='bbox 802 2038 898 2074; x_wconf 91' lang='lat' dir='ltr'><strong>alter</strong></span> <span class='ocrx_word' id='word_1_269' title='bbox 916 2038 1077 2076; x_wconf 85' lang='lat' dir='ltr'><strong>alterum</strong></span> <span class='ocrx_word' id='word_1_270' title='bbox 1106 2036 1273 2081; x_wconf 86' lang='lat' dir='ltr'><strong>vexarit,</strong></span> <span class='ocrx_word' id='word_1_271' title='bbox 1302 2046 1399 2074; x_wconf 90' lang='lat' dir='ltr'><strong>suus</strong></span> <span class='ocrx_word' id='word_1_272' title='bbox 1429 2035 1560 2073; x_wconf 85' lang='lat' dir='ltr'><strong>conse·</strong></span> 
     </span>
     <span class='ocr_line' id='line_1_35' title="bbox 316 2090 1562 2140; baseline -0.002 -10"><span class='ocrx_word' id='word_1_273' title='bbox 316 2097 400 2131; x_wconf 83' lang='lat' dir='ltr'><strong>ctor</strong></span> <span class='ocrx_word' id='word_1_274' title='bbox 408 2096 631 2140; x_wconf 80' lang='lat' dir='ltr'><strong>exspectat:</strong></span> <span class='ocrx_word' id='word_1_275' title='bbox 647 2091 751 2129; x_wconf 89' lang='lat' dir='ltr'><strong>idem</strong></span> <span class='ocrx_word' id='word_1_276' title='bbox 761 2091 935 2139; x_wconf 82' lang='lat' dir='ltr'><strong>facimus,</strong></span> <span class='ocrx_word' id='word_1_277' title='bbox 955 2091 1121 2138; x_wconf 85' lang='lat' dir='ltr'><strong>aliquem</strong></span> <span class='ocrx_word' id='word_1_278' title='bbox 1136 2090 1340 2128; x_wconf 89' lang='lat' dir='ltr'><strong>nobiscum</strong></span> <span class='ocrx_word' id='word_1_279' title='bbox 1352 2090 1562 2137; x_wconf 86' lang='lat' dir='ltr'><strong>adligatum</strong></span> 
     </span>
     <span class='ocr_line' id='line_1_36' title="bbox 315 2143 1560 2194; baseline -0.002 -10"><span class='ocrx_word' id='word_1_280' title='bbox 315 2145 559 2194; x_wconf 89' lang='lat' dir='ltr'><strong>lacessimus,</strong></span> <span class='ocrx_word' id='word_1_281' title='bbox 581 2156 668 2184; x_wconf 89' lang='lat' dir='ltr'><strong>cum</strong></span> <span class='ocrx_word' id='word_1_282' title='bbox 689 2147 790 2184; x_wconf 87' lang='lat' dir='ltr'><strong>victo</strong></span> <span class='ocrx_word' id='word_1_283' title='bbox 805 2146 1023 2193; x_wconf 88' lang='lat' dir='ltr'><strong>victorique</strong></span> <span class='ocrx_word' id='word_1_284' title='bbox 1041 2143 1130 2182; x_wconf 90' lang='lat' dir='ltr'><strong>finis</strong></span> <span class='ocrx_word' id='word_1_285' title='bbox 1152 2149 1190 2181; x_wconf 90' lang='lat' dir='ltr'><strong>et</strong></span> <span class='ocrx_word' id='word_1_286' title='bbox 1209 2144 1367 2192; x_wconf 89' lang='lat' dir='ltr'><strong>quidem</strong></span> <span class='ocrx_word' id='word_1_287' title='bbox 1386 2148 1560 2181; x_wconf 87' lang='lat' dir='ltr'><strong>maturus</strong></span> 
     </span>
     <span class='ocr_line' id='line_1_37' title="bbox 315 2199 1560 2249; baseline -0.003 -10"><span class='ocrx_word' id='word_1_288' title='bbox 315 2200 512 2239; x_wconf 89' lang='lat' dir='ltr'><strong>inmineat.</strong></span> <span class='ocrx_word' id='word_1_289' title='bbox 549 2201 668 2249; x_wconf 91' lang='lat' dir='ltr'><strong>quieti</strong></span> <span class='ocrx_word' id='word_1_290' title='bbox 687 2201 817 2249; x_wconf 90' lang='lat' dir='ltr'><strong>potius</strong></span> <span class='ocrx_word' id='word_1_291' title='bbox 842 2200 1054 2249; x_wconf 82' lang='lat' dir='ltr'><strong>pacatique</strong></span> <span class='ocrx_word' id='word_1_292' title='bbox 1076 2199 1470 2246; x_wconf 86' lang='lat' dir='ltr'><strong>quantulumcumque</strong></span> <span class='ocrx_word' id='word_1_293' title='bbox 1495 2208 1560 2236; x_wconf 90' lang='lat' dir='ltr'><strong>su—</strong></span> 
     </span>
     <span class='ocr_line' id='line_1_38' title="bbox 317 2251 1560 2304; baseline -0.003 -11"><span class='ocrx_word' id='word_1_294' title='bbox 317 2259 461 2304; x_wconf 87' lang='lat' dir='ltr'><strong>perest,</strong></span> <span class='ocrx_word' id='word_1_295' title='bbox 483 2255 697 2302; x_wconf 85' lang='lat' dir='ltr'><strong>exigamus.</strong></span> <span class='ocrx_word' id='word_1_296' title='bbox 735 2255 829 2293; x_wconf 90' lang='lat' dir='ltr'><strong>nulli</strong></span> <span class='ocrx_word' id='word_1_297' title='bbox 856 2254 1024 2293; x_wconf 83' lang='lat' dir='ltr'><strong>cadaver</strong></span> <span class='ocrx_word' id='word_1_298' title='bbox 1041 2253 1361 2291; x_wconf 81' lang='lat' dir='ltr'><strong>nostrumjaceat</strong></span> <span class='ocrx_word' id='word_1_299' title='bbox 1379 2251 1560 2290; x_wconf 89' lang='lat' dir='ltr'><strong>invisum.</strong></span> 
     </span>
    </p>

    <p class='ocr_par' dir='ltr' id='par_1_10' title="bbox 275 2306 1562 2359">
     <span class='ocr_line' id='line_1_39' title="bbox 275 2306 1562 2359; baseline -0.005 -9"><span class='ocrx_word' id='word_1_300' title='bbox 275 2315 299 2350; x_wconf 82' lang='lat'><strong>3</strong></span> <span class='ocrx_word' id='word_1_301' title='bbox 318 2310 446 2359; x_wconf 87' lang='lat' dir='ltr'><strong>Saepe</strong></span> <span class='ocrx_word' id='word_1_302' title='bbox 464 2309 588 2349; x_wconf 85' lang='lat' dir='ltr'><strong>rixam</strong></span> <span class='ocrx_word' id='word_1_303' title='bbox 609 2311 890 2349; x_wconf 86' lang='lat' dir='ltr'><strong>conclamatum</strong></span> <span class='ocrx_word' id='word_1_304' title='bbox 912 2308 950 2346; x_wconf 87' lang='lat' dir='ltr'><strong>in</strong></span> <span class='ocrx_word' id='word_1_305' title='bbox 971 2306 1100 2346; x_wconf 89' lang='lat' dir='ltr'><strong>vicino</strong></span> <span class='ocrx_word' id='word_1_306' title='bbox 1127 2307 1348 2346; x_wconf 90' lang='lat' dir='ltr'><strong>incendium</strong></span> <span class='ocrx_word' id='word_1_307' title='bbox 1377 2306 1494 2345; x_wconf 85' lang='lat' dir='ltr'><strong>solvit</strong></span> <span class='ocrx_word' id='word_1_308' title='bbox 1523 2309 1562 2343; x_wconf 87' lang='lat' dir='ltr'><strong>et</strong></span> 
     </span>
    </p>
   </div>
  </div>
 </body>
</html>
