1624 2626
278 179 344 220 DE
362 178 802 228 TRANQUILLITATE
822 177 983 217 ANIMI.
1004 183 1117 219 5—7.
1253 177 1333 219 181

0 314 3 320 .
55 281 186 331 dum,
206 292 302 332 quo
330 287 377 322 te
397 281 474 321 vis
502 281 698 331 ingenii
724 281 870 321 feret.
910 281 1110 321 Isocrates
1128 282 1336 332 Ephorum

0 332 1 337 ’
54 337 200 377 iniecta
220 348 341 377 manu
360 347 385 376 a
403 338 491 376 foro
513 337 706 376 subduxit
724 336 921 376 utiliorem
944 338 1225 388 conponendis
1249 350 1335 378 mo-

54 392 252 433 numentis
280 392 535 432 historiarum
552 397 678 432 ratus.
725 394 828 432 male
854 393 958 432 enim
985 395 1237 444 respondent
1268 405 1336 435 co·

0 449 2 462 ²
54 454 145 489 acta
168 449 346 498 ingenia:
380 450 602 488 reluctante
626 454 770 488 natura
797 449 938 489 inritus
966 448 1082 490 labor
1110 455 1184 490 est.
1206 452 1233 500 †
1260 450 1375 492 Ne·3

54 515 173 555 cesse
197 509 261 544 est
275 515 321 545 se
341 507 475 554 ipsum
494 505 725 554 aestimare,
754 504 847 555 quia
866 506 949 544 sere
968 506 1062 555 plus
1085 505 1203 545 nobis
1223 506 1335 545 vide-

0 609 1 614 1
51 572 141 600 mur
173 571 298 610 posse
332 571 453 610 quam
487 572 727 611 possumus:
765 561 868 600 alius
900 561 1156 611 eloquentiae
1187 561 1338 601 fiducia

0 618 2 624 ’
52 617 292 666 prolabitur,
329 617 433 656 alius
467 616 707 666 patrimonio
742 627 817 655 suo
851 617 943 666 plus
974 617 1186 667 imperavit
1216 628 1338 668 quam

54 674 159 711 ferre
178 677 339 723 posset,
370 673 474 712 alius
492 673 691 712 infirmum
711 683 862 721 corpus
883 673 1087 713 laborioso
1108 673 1258 722 pressit
1278 673 1336 712 of-

53 729 159 768 ficio.
201 729 467 779 quorumdam
503 740 644 778 parum
672 729 818 768 idonea
845 734 907 768 est
934 730 1180 769 verecundia
1211 730 1336 768 rebus

55 783 259 833 civilibus,
281 796 385 834 quae
406 786 573 834 primam
594 785 766 824 frontem
786 784 1029 824 desiderant.
1070 785 1337 833 quorumdam

57 841 307 880 contumacia
325 852 405 880 non
427 841 522 880 facit
539 840 593 880 ad
613 841 757 880 aulam.
790 840 951 890 quidam
971 851 1052 880 non
1070 840 1221 880 habent
1238 841 1339 879 iram

57 896 96 934 in
127 901 326 945 potestate
358 901 399 935 et
424 897 515 935 illos
543 896 597 935 ad
623 896 834 935 temeraria
859 896 985 935 verba
1006 896 1207 946 quaelibet
1236 896 1338 935 indi·

56 952 191 1000 gnatio
231 951 360 992 offert.
409 953 571 1002 quidam
609 952 871 991 urbanitatem
910 952 1096 991 nesciunt
1132 952 1339 992 continere

57 1018 132 1047 nec
165 1008 404 1057 perIculosis
431 1007 634 1047 abstinent
660 1007 826 1047 salibus.
884 1006 1076 1046 Omnibus
1114 1007 1176 1047 his
1203 1008 1340 1047 utilior

56 1064 218 1112 negotio
239 1064 354 1113 quies
375 1069 455 1104 est:
494 1064 608 1102 ferox
628 1063 910 1112 inpatiensque
929 1067 1071 1102 natura
1089 1063 1339 1102 inritamenta

56 1120 263 1160 nociturae
281 1119 474 1159 libertatis
494 1119 627 1159 evitet.
656 1119 915 1158 Aestiman
927 1119 988 1158 da
1015 1124 1132 1158 sunt
1151 1119 1177 1158 d
1189 1119 1304 1158 eind
1316 1129 1338 1158 e
1352 1122 1375 1158 4

55 1175 189 1224 ipsa,
220 1186 349 1225 quae
376 1175 721 1224 adgredimur,
754 1179 800 1213 et
825 1175 964 1214 vires
992 1180 1203 1214 nostrae
1230 1185 1338 1214 cum

54 1232 229 1279 rebus,
258 1242 386 1281 quas
411 1230 713 1280 temptaturi
734 1241 928 1278 sumus,
958 1230 1337 1280 conparandae.

55 1287 183 1327 Debet
210 1287 316 1326 enim
335 1297 497 1336 semper
518 1287 609 1336 plus
637 1297 732 1326 esse
754 1287 894 1326 virium
920 1285 960 1325 in
985 1291 1122 1326 actore
1147 1297 1269 1336 quam
1297 1288 1338 1324 in

57 1353 191 1382 onere.
219 1353 391 1382 neeesse
407 1347 470 1382 est
483 1343 713 1392 opprimant
727 1353 869 1391 onera,
891 1352 996 1391 quae
1015 1343 1167 1381 ferente
1186 1341 1340 1381 maiora

56 1403 162 1438 sunt.
200 1398 404 1447 Quaedam
432 1404 643 1448 praeterea
668 1409 749 1437 non
778 1402 859 1437 tam
885 1408 1033 1447 magna
1061 1403 1156 1438 sunt
1177 1397 1373 1447 negotia5

58 1465 179 1503 quam
198 1454 371 1493 fecunda
388 1455 635 1503 multumque
651 1454 903 1503 negotiorum
923 1455 1068 1493 ferunt.
1098 1459 1137 1493 et
1156 1453 1257 1492 haec
1275 1464 1338 1492 re-

57 1509 249 1558 fugienda
268 1515 380 1558 sunt,
416 1510 642 1559 exquibus
670 1520 778 1550 nova
804 1510 1019 1559 occupatio
1048 1508 1339 1558 multiplexque

56 1571 257 1605 nascetur.
298 1575 373 1604 nec
395 1565 669 1604 accedendum
689 1576 758 1614 eo,
778 1566 887 1604 unde
907 1565 1007 1605 liber
1023 1576 1236 1614 regressus
1256 1575 1339 1604 nou

58 1621 128 1661 sit:
156 1621 205 1660 iis
234 1621 489 1660 admovenda
510 1633 654 1660 manus
673 1627 755 1670 est,
785 1632 956 1671 quorum
975 1622 1097 1661 finem
1116 1625 1185 1660 aut
1204 1621 1338 1659 facere

57 1682 125 1717 aut
152 1682 260 1716 certe
284 1687 451 1726 sperare
479 1678 628 1725 possis.
666 1678 950 1726 relinquenda,
980 1688 1086 1728 quae
1105 1677 1223 1717 iatius
1244 1681 1338 1716 actu

56 1733 282 1783 procedunt
300 1743 375 1771 nec
394 1732 460 1771 ubi
481 1733 745 1782 proposueris
765 1733 966 1773 desinunt.

137 1788 224 1827 VII.
267 1787 532 1827 Hominum
571 1787 754 1837 utique
789 1789 1028 1828 delectus
1066 1788 1336 1828 habendus
1355 1797 1373 1830 1

15 1857 24 1860 ’
58 1849 155 1884 est:
187 1855 239 1883 an
268 1843 378 1893 digni
409 1844 489 1883 sint
516 1844 662 1893 quibus
690 1849 843 1893 partem
870 1845 977 1884 vitae
1002 1850 1166 1884 nostrae
1194 1843 1336 1893 inpen-

57 1899 221 1949 damus,
256 1910 306 1938 an
341 1900 392 1938 ad
426 1900 517 1938 illos
546 1900 738 1948 temporis
770 1900 897 1940 nostri
930 1901 1081 1939 iactura
1114 1899 1336 1949 perveniat.

58 1956 221 2004 quidam
247 1956 352 1995 enim
380 1956 484 1995 ultro
513 1955 649 1994 officia
677 1955 796 1995 nobis
822 1961 962 1996 nostra
983 1957 1177 2005 inputant.
1213 1954 1336 1994 Athe·
1354 1962 1377 1996 2

56 2012 238 2051 nodorus
265 2012 320 2050 ait
344 2021 437 2059 „ne
464 2011 526 2050 ad
553 2021 760 2050 coenam
781 2013 980 2060 quidem
1002 2022 1056 2051 se
1074 2012 1260 2050 iturum
1278 2010 1338 2049 ad

58 2077 184 2115 eum,
218 2067 302 2116 qui
331 2067 432 2106 sibi
458 2067 530 2105 nil
558 2078 647 2116 pro
675 2066 770 2106 hoc
790 2067 1058 2106 debiturus
1081 2067 1202 2106 sit“:
1237 2070 1336 2116 puto

58 2122 252 2171 intellegis
273 2123 397 2162 multo
413 2123 545 2162 minus
565 2122 618 2161 ad
638 2133 710 2161 eos
731 2123 897 2171 iturum,
919 2123 988 2171 qui
1008 2133 1098 2162 cum
1118 2122 1336 2162 amicorum

59 2178 203 2217 officiis
230 2177 343 2228 paria
369 2189 511 2218 mensa
532 2179 700 2227 faciunt,
731 2178 799 2227 qui
827 2179 992 2217 fericula
1016 2189 1090 2227 pro
1120 2176 1335 2227 congiariis

59 2238 285 2282 numerant,
313 2232 431 2284 quasi
448 2234 489 2273 in
512 2234 683 2273 alienum
702 2233 896 2273 honorem
915 2234 1222 2283 intemperantes
1244 2234 1335 2273 sint.

60 2289 175 2328 deme
202 2290 280 2329 illis
308 2294 434 2329 testes
454 2295 808 2339 spectatoresquez
838 2300 919 2328 non
951 2289 1164 2328 delectabit
1181 2289 1334 2339 popina

32 2375 34 2377 ,
59 2349 226 2384 secreta.
246 2344 274 2389 ss
293 2345 394 2385 Nihil
415 2351 546 2385 tamen
567 2356 698 2398 aeque
718 2344 978 2385 oblectaverit
997 2345 1190 2397 animum,
1212 2356 1331 2395 quam
1345 2348 1368 2384 3
