1592 2580
298 138 482 178 NATUR.
505 137 717 187 QUAEST.
743 138 839 177 LIB.
855 138 920 177 ΙΙΙ.
947 143 1003 180 29.
1024 142 1081 178 30.
1249 137 1332 179 237

50 251 125 279 nus
154 244 332 278 extrema
358 239 522 278 sortitus
545 239 675 278 veniet
702 240 740 278 in
768 239 956 278 medium.
1005 239 1105 288 Quid
1129 250 1225 289 ergo
1244 245 1369 279 est28

52 295 304 334 nihilominus
329 295 481 334 tenebit
508 294 662 334 alienos
690 306 851 334 menses
881 295 1030 343 hiems,
1069 300 1204 335 aestas
1239 307 1330 345 pro-

49 349 246 390 hibebitur
260 354 301 389 et
315 351 599 399 quodcumque
616 357 744 389 terras
759 350 874 390 sidus
890 351 1088 398 exsiccat,
1105 361 1332 401 conpresso

0 424 1 427 ¹
49 406 194 446 ardore
207 405 398 445 cessabit.
427 405 616 444 Pel-ibunt
629 411 686 445 tot
702 407 882 454 nomina,
899 405 1333 455 Caspium-etRubrum

49 472 176 508 mare,
210 461 414 500 Ambracii
441 466 480 500 et
508 461 649 501 Cretici
678 463 810 509 sinus,
846 462 1062 511 Propontis
1096 469 1135 502 et
1166 463 1333 503 Pontus.

50 516 194 567 peribit
221 528 339 556 omne
369 517 595 556 discrimen.
643 517 909 557 confundetur
937 518 1131 567 quicquid
1161 518 1202 557 in
1235 530 1334 558 suas

49 578 183 622 partes
212 577 354 612 natura
374 573 554 621 digessit.
582 584 663 612 non
688 574 789 612 muri
810 583 1073 623 quemquam,
1102 585 1183 614 non
1202 579 1335 614 turres

49 628 274 668 tuebuntur.
305 639 386 668 non
411 629 631 677 proderunt
649 629 798 678 templa
817 629 1072 678 supplicibus
1089 640 1163 669 nec
1180 630 1335 669 urbium

50 695 226 730 summa,
251 685 402 734 quippe
423 684 621 733 fugientes
642 685 751 724 unda
771 685 1004 734 praeveniet
1022 690 1132 727 etex
1151 686 1253 735 ipsis
1274 697 1333 724 ar-

51 740 164 779 cibus
192 740 358 779 deseret.
405 740 497 779 Alia
525 740 576 778 ab
604 751 775 788 occasu,
805 741 883 780 alia
911 741 960 780 ab
991 742 1143 781 oriente
1167 748 1372 782 concur-9

49 800 156 835 rent:
193 806 297 834 unus
326 795 542 834 humanum
567 806 696 844 genus
724 797 872 835 condet
900 796 1001 836 dies.
1036 797 1230 846 quicquid
1256 802 1336 836 tam

51 853 172 900 longa
199 852 383 891 fortunae
410 851 657 900 indulgentia
685 852 877 897 excoluit,
911 851 1105 901 quicquid
1126 863 1250 902 supra
1271 864 1334 892 ce-

50 912 158 946 teros
187 907 344 955 extulit,
371 907 521 946 nobilia
549 908 696 956 pariter
723 913 844 957 atque
865 909 1062 948 adornata
1085 919 1335 958 magnarum-

52 973 129 1013 que
149 963 322 1012 gentium
342 972 467 1011 regna
487 963 778 1012 pessumdabit.

131 1018 251 1058 XXX.
289 1018 390 1058 Sunt
411 1019 561 1067 omnia,
588 1023 632 1058 ut
659 1019 762 1066 dixi,
792 1018 924 1058 facilia
951 1024 1134 1067 naturae,
1165 1024 1208 1059 ut
1231 1030 1335 1068 quae
1353 1022 1371 1054 l

51 1086 77 1114 a
103 1074 231 1123 primo
259 1075 393 1114 facere
421 1075 642 1122 constituit,
671 1075 724 1114 ad
750 1085 853 1124 quae
880 1086 959 1114 non
990 1075 1142 1121 subito,
1182 1076 1256 1114 sed
1285 1086 1337 1114 ex

54 1130 284 1169 denuntiato
301 1130 420 1169 venit.
470 1130 552 1168 Iam
571 1135 702 1170 autem
724 1131 851 1179 primo
871 1141 895 1169 a
915 1130 982 1169 die
1001 1130 1157 1179 mundi,
1186 1142 1276 1170 cum
1296 1131 1337 1170 in

51 1186 158 1225 hunc
187 1186 362 1224 habitum
392 1196 443 1224 ex
476 1185 635 1226 informi
667 1187 817 1225 unitate
850 1186 1132 1232 discederent,
1172 1187 1335 1235 quando

51 1246 324 1290 mergerentur
350 1246 529 1288 terrena,
560 1241 764 1281 decretum
792 1247 854 1281 est
881 1246 922 1280 et
948 1252 998 1280 ne
1019 1242 1070 1281 sit
1090 1242 1336 1292 quandoque

51 1298 158 1337 velut
182 1296 223 1336 in
250 1307 357 1336 novo
387 1307 512 1346 opere
532 1298 632 1336 dura
659 1298 832 1345 molitio,
863 1298 956 1336 olim
977 1298 1029 1336 ad
1048 1297 1127 1337 hoc
1146 1299 1271 1337 maria
1290 1308 1336 1338 se

53 1357 252 1392 exercent.
298 1353 385 1391 Non
412 1352 548 1400 vides,
581 1359 625 1392 ut
651 1352 799 1392 fluctus
830 1353 868 1391 in
890 1354 1006 1392 litora
1028 1358 1232 1402 tamquam
1251 1353 1334 1392 exi·
1351 1359 1373 1392 2

50 1414 165 1448 turus
195 1410 394 1447 incurrat?
431 1419 514 1447 non
534 1408 669 1456 vides,
698 1414 742 1448 ut
760 1414 898 1448 aestus
919 1409 1020 1448 fines
1041 1419 1140 1448 suos
1161 1414 1337 1448 transeat

53 1469 92 1502 et
112 1464 150 1502 in
173 1464 477 1512 possessionem
495 1468 688 1502 terrarum
707 1475 816 1502 mare
839 1464 1079 1503 inducatur?
1106 1476 1185 1503 non
1207 1464 1334 1510 vides,

54 1524 96 1558 ut
115 1518 168 1558 illi
185 1524 377 1568 perpetua
394 1530 485 1558 cum
501 1520 686 1558 claustris
703 1520 788 1559 suis
806 1530 940 1568 pugna
957 1520 1034 1558 sit?
1071 1519 1172 1568 Quid
1188 1525 1338 1569 porro?

53 1574 190 1622 istinc,
220 1575 328 1614 unde
357 1579 510 1614 tantum
535 1575 741 1614 tumultum
770 1575 906 1623 videS,
935 1580 1065 1614 metus
1085 1580 1165 1623 est,
1196 1586 1219 1614 e
1238 1575 1336 1614 mari

56 1634 95 1668 et
113 1641 256 1679 magno
275 1629 417 1679 spiritu
431 1631 734 1680 erumpentibus
749 1630 897 1670 fluviis.
942 1630 1018 1670 Ubi
1035 1642 1115 1670 non
1130 1631 1337 1670 humorem
1353 1636 1375 1670 3

55 1689 195 1724 natura
215 1686 435 1735 disposuit,
461 1691 504 1725 ut
517 1686 696 1736 undique
711 1697 808 1734 nos,
830 1697 920 1725 cum
934 1687 1149 1734 voluisset,
1170 1687 1335 1735 adgredi

56 1746 223 1791 posset?
251 1742 430 1788 mentior,
447 1741 524 1781 nisi
539 1742 771 1781 eruentibus
787 1747 930 1780 terram
943 1742 1084 1781 humor
1095 1742 1280 1789 occurrit,
1298 1748 1338 1781 et

56 1797 240 1846 quotiens
271 1807 346 1836 nos
374 1796 541 1836 avaritia
568 1802 635 1837 aut
654 1797 807 1837 defodit
828 1803 895 1836 aut
915 1797 1050 1846 aliqua
1069 1808 1195 1836 causa
1216 1808 1335 1846 pene·

54 1858 160 1892 trare
175 1852 292 1892 altius
309 1853 424 1901 cogit,
443 1852 595 1892 cruenti
610 1853 702 1892 finis
719 1853 934 1902 aliquando
946 1856 1078 1902 [aqua]
1090 1859 1164 1892 est.
1194 1853 1334 1900 Adice,

56 1908 165 1957 quod
193 1909 374 1947 inmanes
399 1914 490 1947 sunt
509 1909 548 1946 in
568 1908 705 1948 abdito
725 1909 838 1948 lacus
858 1914 898 1948 et
915 1910 1080 1947 multum
1098 1910 1219 1947 maris
1236 1919 1334 1949 ‚con-

56 1964 146 2012 diti,
186 1964 350 2003 multum
378 1962 584 2002 fluminum
613 1975 687 2013 per
715 1975 844 2013 opaca
873 1964 1101 2003 labentium.
1149 1965 1374 2013 Undique4

57 2030 152 2069 ergo
174 2019 248 2058 erit
266 2030 390 2058 causa
412 2019 583 2066 diluvio,
614 2030 703 2059 cum
717 2019 819 2065 aliae
834 2030 964 2068 aquae
980 2020 1246 2059 subterssuant
1260 2026 1335 2059 ter—

55 2086 143 2122 ras,
179 2076 281 2114 aliae
311 2074 612 2122 circumfluant,
652 2085 756 2124 quae
782 2075 851 2114 diu
884 2075 1083 2114 coercitae
1110 2076 1271 2115 vincent
1299 2082 1337 2115 et

61 2141 197 2170 amnes
217 2131 400 2169 amnibus
420 2131 603 2178 iungent‚
635 2131 855 2179 paludibus
873 2135 1026 2179 stagna.
1054 2131 1226 2170 omnium
1242 2136 1335 2171 tunc

60 2195 168 2224 mare
187 2197 258 2226 ora
278 2187 443 2226 sontIum
461 2185 629 2234 inplebit
648 2191 686 2225 et
705 2186 857 2226 maiore
875 2185 985 2226 hiatu
1009 2188 1150 2227 solvet.
1193 2187 1336 2236 Quem-

60 2241 272 2281 admodum
299 2252 474 2291 corpora
501 2247 641 2281 nostra
669 2242 721 2280 ad
755 2246 936 2291 egestum
968 2247 1108 2281 venter
1141 2243 1334 2288 exhaurit,

61 2298 394 2345 quemadmodum
416 2298 454 2336 in
475 2299 666 2338 sudorem
687 2301 781 2337 eunt
801 2297 926 2347 vires,
952 2298 1006 2338 ita
1026 2299 1141 2339 tellus
1158 2299 1337 2348 liquefiet
