1624 2626
332 185 411 228 182
570 186 614 225 L.
638 185 828 225 ANNAEI
856 185 1086 225 SENECAE
1113 186 1245 227 DIAL.
1273 186 1337 225 IX.

331 284 500 324 amicitia
524 285 653 323 fidelis
681 290 720 323 ct
747 283 886 322 dulcis.
931 289 1119 332 quantum
1135 284 1282 324 bonum
1301 289 1381 333 est,
1408 285 1474 324 ubi
1496 292 1588 326 sunt

330 344 566 388 praeparata
586 343 767 388 pectora,
788 339 824 377 in
848 349 950 387 quae
968 344 1049 378 tuto
1072 344 1266 378 secretum
1286 350 1401 378 omne
1421 341 1586 379 descen—

331 395 415 440 dat,
437 405 605 443 quorum
629 393 909 432 conscientiam
926 393 1054 433 minus
1070 405 1187 442 quam
1203 398 1308 433 tuam
1322 395 1472 442 timeas,
1491 407 1586 444 quo-

330 460 416 487 rum
437 459 567 487 sermo
590 448 894 487 sollicitudinem
912 448 1048 495 leniat,
1077 449 1269 487 sententia
1290 450 1505 488 consilium
1519 460 1586 488 ex-

331 504 484 552 pediat,
513 503 687 542 hilaritas
715 502 909 541 tristitiam
936 502 1122 551 dissipet,
1151 510 1392 551 conspectus
1412 505 1499 552 ipse
1519 506 1586 543 de·

332 559 464 597 lectet!
506 569 608 607 quos
642 558 792 596 scilicet
822 567 992 605 vacuos,
1026 563 1212 606 quantum
1243 559 1328 596 fieri
1363 560 1527 607 poterit,
1565 570 1588 597 a

331 613 608 661 cupiditatibus
625 613 826 660 eligemus.
848 616 1013 660 serpunt
1027 613 1129 651 enim
1144 613 1236 652 vitia
1254 618 1292 651 et
1307 613 1345 651 in
1367 614 1585 661 proximum

289 683 312 717 4
332 676 529 716 quemque
549 667 793 706 transsiliunt
811 671 850 706 et
867 670 1048 707 contactu
1067 673 1222 707 nocent.
1266 668 1403 716 Itaque
1423 669 1530 716 quod
1548 669 1585 707 in

331 723 554 770 pestilentia
574 722 789 761 curandum
808 726 888 769 est,
917 732 967 760 ne
986 723 1179 771 correptis
1198 723 1275 761 iam
1293 724 1529 771 corporibus
1550 729 1589 762 et

330 777 470 816 morbo
499 777 756 824 flagrantibus
777 776 1051 824 adsideamus‚
1079 778 1171 825 quia
1193 777 1367 826 pericula
1387 778 1586 817 trahemus

331 831 560 879 adflatuque
587 832 676 879 ipso
704 830 986 871 laborabimus:
1016 832 1068 870 ita
1093 833 1132 870 in
1165 832 1380 871 amicorum
1408 833 1587 880 legendis

330 886 498 934 ingeniis
528 886 708 924 dabimus
736 896 915 934 operam,
954 891 997 924 ut
1031 897 1146 935 quam
1175 886 1334 925 minime
1362 887 1586 934 inquinatos

331 942 607 979 adsumamus:
638 941 787 980 initium
807 940 932 980 morbi
952 945 1013 979 est
1032 942 1161 989 aegris
1182 952 1280 980 sana
1293 942 1473 980 miseere.
1507 942 1587 980 Nec

332 996 408 1034 hoc
428 995 698 1044 praeceperim
718 996 805 1043 tibi,
833 1001 875 1035 ut
893 996 1086 1035 neminem
1108 996 1183 1034 nisi
1203 997 1423 1044 sapientem
1443 1007 1587 1044 sequa-

330 1051 385 1089 ris
406 1055 471 1088 aut
491 1050 688 1089 adtrahas.
725 1050 790 1089 ubi
815 1051 916 1089 enim
942 1050 1059 1089 istum
1086 1051 1284 1099 invenies,
1313 1062 1429 1100 quem
1449 1056 1505 1090 tot
1524 1063 1586 1090 se-

291 1110 311 1142 5
332 1106 429 1143 culis
453 1106 706 1152 quaerimus?
729 1116 800 1153 pro
821 1106 968 1153 optimo
989 1110 1051 1144 est
1069 1106 1226 1144 minime
1245 1107 1384 1144 malus.
1421 1107 1500 1144 Vix
1519 1106 1586 1144 tibi

331 1163 438 1199 esset
458 1160 623 1198 facultas
645 1160 826 1199 delectus
840 1160 1049 1207 felicioris,
1077 1161 1112 1198 si
1138 1161 1239 1199 inter
1252 1161 1436 1199 Platonas
1455 1166 1493 1199 et
1510 1161 1586 1198 Xe-

332 1215 554 1262 nophontas
570 1220 607 1253 et
624 1215 730 1253 illum
748 1213 936 1254 Socratici
952 1216 1052 1253 fetus
1069 1220 1302 1263 proventum
1322 1216 1449 1254 bonos
1467 1226 1586 1263 quae-

330 1279 460 1315 reres,
480 1274 546 1307 aut
564 1269 598 1308 si
617 1268 685 1308 tibi
707 1274 883 1318 potestas
905 1270 1141 1308 Catonianae
1161 1270 1274 1308 fieret
1295 1270 1453 1317 aetatis,
1484 1279 1587 1318 quae

329 1324 546 1372 plerosque
570 1323 713 1372 dignos
744 1325 847 1371 tulit,
881 1324 948 1372 qui
977 1323 1136 1362 Catonis
1165 1325 1300 1363 seculo
1329 1330 1588 1363 nascerentur

329 1378 448 1425 (sicut
474 1378 617 1417 multos
646 1377 804 1427 peiores
833 1389 950 1427 quam
977 1389 1164 1426 umquam
1191 1379 1288 1417 alias
1308 1379 1586 1417 maximorum-

332 1443 408 1480 que
435 1433 635 1472 molitores
664 1434 868 1472 scelerum.
901 1438 1068 1481 utraque
1095 1433 1197 1471 enim
1225 1434 1340 1471 turba
1366 1445 1468 1481 opus
1491 1438 1584 1480 erat,

329 1492 372 1526 ut
392 1487 485 1527 Cato
508 1492 647 1535 posset
667 1488 851 1536 intellegi.
886 1487 1034 1526 habere
1052 1487 1187 1526 debuit
1207 1493 1245 1526 et
1263 1488 1412 1535 bonos,
1441 1488 1585 1536 quibus

331 1552 376 1580 se
405 1542 661 1590 adprobaret,
694 1547 733 1581 et
757 1543 902 1590 malos,
928 1541 967 1580 in
989 1542 1132 1590 quibus
1152 1543 1230 1580 vim
1251 1553 1364 1581 suam
1386 1543 1585 1591 experire-

290 1604 310 1638 6
331 1599 427 1642 tur)·=
466 1606 569 1636 nunc
595 1607 690 1636 vero
717 1597 756 1635 in
782 1601 889 1636 tanta
913 1597 1107 1635 bonorum
1134 1601 1308 1645 egestate
1328 1598 1456 1635 minus
1477 1597 1585 1635 fasti-

331 1650 446 1690 diosa
476 1651 545 1690 fiat
576 1651 728 1690 electio.
778 1652 991 1700 praecipue
1023 1657 1151 1690 tamen
1187 1653 1354 1691 vitentur
1385 1653 1515 1690 tristes
1549 1656 1587 1689 et

331 1706 461 1745 omnia
488 1706 758 1754 deplorantes,
788 1706 932 1754 quibus
960 1708 1066 1745 nulla
1092 1718 1170 1745 non
1201 1717 1323 1745 causa
1342 1707 1380 1744 in
1402 1706 1586 1754 querelas

329 1761 475 1808 placet.
514 1765 668 1799 constet
692 1760 747 1799 illi
774 1761 866 1800 licet
884 1761 985 1800 fides
1014 1766 1051 1800 et
1077 1761 1369 1800 benevolentia:
1397 1761 1584 1808 tranquil-

329 1813 426 1854 litati
457 1819 587 1853 tamen
619 1815 799 1854 inimicus
833 1822 894 1855 est
931 1826 1065 1855 comes
1098 1816 1348 1864 perturbatus
1382 1820 1420 1853 et
1454 1815 1587 1853 omnia

330 1879 505 1917 gemens.

291 1930 309 1962 1
410 1923 512 1962 VIII.
539 1926 872 1964 Transeamus
892 1925 951 1963 ad
971 1923 1293 1974 patrimonia
1321 1924 1585 1962 maximam
1613 1944 1624 1962 ι

330 1978 648 2019 humanarum
694 1990 1038 2019 aerumnarum
1080 1978 1352 2017 materiam.
1407 1979 1504 2017 Nam
1550 1980 1584 2017 si

331 2033 461 2071 omnia
487 2035 581 2082 alia,
615 2034 758 2083 quibus
778 2035 976 2082 angimur,
1005 2043 1220 2082 conpares,
1251 2038 1418 2079 mortes,
1443 2043 1582 2080 aegro-

331 2085 516 2136 tationes,
544 2094 692 2137 metus,
713 2089 932 2138 desideria,
958 2089 1137 2128 dolorum
1156 2087 1416 2135 laborumque
1434 2088 1582 2135 patien-

330 2139 442 2188 tIam,
470 2153 559 2181 cum
584 2143 633 2182 iis
662 2155 764 2192 quae
791 2144 906 2183 nobis
936 2145 1037 2183 mala
1062 2142 1229 2191 pecunia
1255 2147 1392 2180 nostra
1412 2142 1583 2189 exhibet,

290 2199 312 2232 2
331 2193 427 2232 haec
452 2207 544 2243 pars
571 2199 733 2237 multum
759 2198 1046 2247 praegravabit.
1082 2197 1232 2244 ltaque.
1239 2197 1490 2244 cogitandum
1510 2202 1624 2244 est,

333 2255 478 2296 quanto
499 2251 623 2290 levior
644 2253 759 2292 dolor
778 2254 829 2292 sit
847 2263 926 2292 non
946 2252 1090 2290 habere
1111 2262 1230 2299 quam
1249 2252 1437 2299 perdere:
1468 2256 1506 2290 et
1523 2252 1581 2289 in—
1621 2248 1624 2298 ξ

327 2304 558 2352 tellegemus
587 2309 810 2357 paupertati
829 2319 877 2348 eo
897 2307 1085 2346 minorem
1105 2310 1388 2346 tormentorum
1408 2312 1486 2355 quo
1510 2305 1581 2344 mi·

1617 2395 1620 2420 Ι
