1592 2580
249 171 304 212 84
622 170 666 208 L.
695 168 884 207 ANNAEI
911 167 1136 208 SENECAE

249 272 417 320 quisset,
453 278 555 316 quae
583 267 788 315 naufragio
815 272 992 314 ceperat,
1026 278 1106 306 non
1136 266 1318 307 omnibus
1345 267 1500 306 miseris

248 335 353 374 aqua
372 329 409 362 et
430 324 509 371 igni
528 323 807 361 interdixerat?
846 321 980 360 Potius
1000 327 1085 369 est,
1114 322 1259 371 inquit,
1282 322 1380 360 intra
1399 322 1500 360 fines

244 379 357 427 regni
388 379 464 416 mei
491 382 526 416 te
554 377 685 415 literas
714 378 812 414 istas
840 376 965 415 oculis
995 375 1267 415 inscribendas
1290 376 1502 415 durissima

245 435 372 473 fronte
394 432 656 471 circumferre.
698 431 886 478 ostende,
914 441 1031 479 quam
1057 441 1172 469 sacra
1199 441 1263 470 res
1289 431 1338 469 sit
1363 441 1501 468 mensa

244 488 465 536 hospitalis,
508 486 653 534 praebe
670 486 708 523 in
733 486 832 523 facie
854 490 920 523 tua
938 485 1146 532 legendum
1167 486 1268 523 istuc
1284 486 1498 532 decretum,

246 553 324 591 quo
352 547 532 589 cavetur,
561 551 611 579 ne
635 540 802 578 miseros
832 544 935 579 tecto
955 540 1089 578 iuvare
1109 541 1250 587 capital
1270 540 1330 578 sit.
1372 538 1499 587 Magis

244 599 320 635 ista
352 596 577 636 constitutio
613 597 670 634 sic
704 595 777 634 erit
803 599 908 642 rata,
944 605 1061 643 quam
1089 594 1123 633 si
1150 595 1255 632 illam
1280 594 1319 632 in
1347 604 1416 632 aes
1441 594 1498 632 in·

244 652 442 690 cidissem.

204 713 222 746 1
322 706 493 743 XXXIX.
519 705 674 752 „Quare
689 714 798 751 crgo,
827 703 965 751 inquit,
984 703 1091 741 Zeno
1109 707 1253 749 vester,
1277 713 1364 740 cum
1388 702 1498 750 quin-

243 765 384 808 gentos
405 760 588 798 denarios
610 759 765 797 cuidam
785 758 1034 807 promisisset
1052 763 1209 796 mutuos
1229 762 1267 795 et
1287 757 1373 805 ipse
1393 757 1499 795 illum

243 825 383 863 parum
409 814 596 852 idoneum
624 814 891 862 conperisset,
919 811 1054 851 amieis
1079 812 1336 850 suadentibus
1360 821 1409 848 ne
1430 812 1497 849 da-

201 874 324 916 2rct,
358 869 630 917 perseveravit
659 869 839 914 credere,
878 867 970 916 quia
995 867 1288 915 proiiiiserat2“
1329 865 1499 903 Primum

243 924 320 962 alia
343 923 524 962 condicio
553 928 614 961 est
639 923 679 961 in
707 923 876 969 credito,
903 922 980 959 alia
997 921 1036 959 in
1056 922 1269 959 beneficio:
1305 919 1498 968 pecuniae

243 979 358 1016 etiam
387 979 488 1016 male
519 977 690 1016 creditae
719 977 871 1017 exactio
891 981 971 1022 est,
995 980 1034 1014 et
1062 976 1262 1024 adpellare
1283 975 1499 1013 debitorem

242 1033 294 1070 ad
314 1032 414 1069 diem
437 1043 624 1080 possum,
653 1035 709 1079 et,
742 1031 777 1069 si
796 1033 882 1069 foro
904 1030 1086 1076 cesserit,
1119 1029 1338 1078 portionem
1362 1030 1497 1067 feram.

242 1086 476 1124 beneficium
504 1091 543 1124 et
567 1090 691 1124 totum
716 1086 818 1133 perit
847 1090 885 1123 et
903 1085 1044 1123 statim.
1086 1085 1294 1128 Praeterea
1312 1083 1388 1121 hoe
1408 1083 1498 1121 mali

242 1140 316 1178 viri
336 1144 415 1187 est,
446 1141 543 1178 illud
568 1140 659 1177 mali
686 1139 807 1187 patris
827 1139 1007 1178 familiae.
1049 1139 1199 1177 Deinde
1219 1149 1268 1176 ne
1286 1138 1392 1176 Zeno
1413 1138 1498 1186 qui-

243 1195 351 1240 dem,
385 1193 421 1232 si
452 1195 577 1233 maior
606 1195 747 1232 fuisset
783 1205 959 1241 summa,
991 1194 1153 1231 credere
1184 1197 1497 1240 perseverasset.

245 1249 445 1297 quingenti
466 1247 614 1287 denarii
634 1253 742 1295 sunt,
770 1249 868 1287 illud
887 1248 995 1296 quod
1014 1248 1092 1286 dici
1111 1248 1231 1293 solet,
1262 1247 1332 1294 „in
1357 1246 1496 1285 morbo

201 1309 224 1343 3
245 1307 487 1341 consumat.“
506 1302 578 1341 fuit
594 1303 688 1341 tanti
708 1314 787 1341 non
808 1312 998 1341 revocare
1018 1303 1257 1350 promissum
1277 1311 1404 1339 suum.
1433 1301 1498 1338 Ad

245 1366 426 1405 coenam,
449 1357 541 1405 quia
560 1357 744 1406 promisi,
763 1358 850 1405 ibo,
867 1357 1019 1395 etiamsi
1040 1356 1164 1404 frigus
1185 1356 1274 1394 erit:
1310 1366 1387 1393 non
1412 1355 1496 1402 qui-

245 1412 353 1458 dem,
381 1412 415 1449 si
440 1413 551 1450 nives
581 1412 734 1450 cadent.
777 1411 944 1459 Surgam
971 1412 1021 1450 ad
1041 1411 1262 1459 sponsalia,
1292 1409 1386 1458 quia
1404 1420 1495 1457 pro-

244 1465 352 1512 misi,
373 1467 550 1514 quamvis
565 1477 643 1505 non
659 1466 929 1505 concoxerim:
959 1467 1031 1504 sed
1047 1476 1124 1506 non
1135 1495 1145 1512 ,
1162 1465 1195 1503 si
1212 1464 1496 1502 febricitavero.

246 1519 445 1568 Sponsum
471 1521 729 1568 descendam,
759 1521 852 1569 quia
878 1520 1066 1569 promisi:
1102 1519 1176 1558 sed
1202 1529 1281 1558 non
1309 1519 1342 1557 si
1377 1529 1497 1566 spon-

204 1576 227 1610 4
246 1575 339 1612 dere
370 1585 433 1613 me
464 1575 650 1614 incertum
677 1575 850 1623 iubebis,
884 1576 919 1613 si
951 1575 1050 1614 fisco
1085 1572 1291 1621 obligabis.
1339 1571 1494 1618 Subest,

244 1628 424 1677 inquam,
443 1629 559 1668 tacita
576 1629 775 1678 exceptio,
797 1631 832 1669 si
849 1634 1009 1678 potero,
1030 1629 1063 1668 si
1083 1629 1256 1675 debebo,
1277 1627 1311 1666 si
1325 1626 1424 1666 haec
1442 1627 1496 1665 ita

246 1687 370 1721 erunt.
411 1683 525 1721 effice
545 1688 588 1722 ut
605 1685 709 1723 idem
724 1689 849 1723 status
865 1684 935 1732 sit,
965 1694 1043 1733 quo
1064 1683 1209 1730 exigis,
1231 1682 1297 1730 qui
1317 1682 1496 1720 fuitrcum

245 1738 531 1787 promitterem:
573 1738 783 1777 destituere
815 1739 954 1777 levitas
987 1738 1070 1777 erit.
1124 1737 1165 1776 Si
1198 1736 1346 1784 aliquid
1377 1736 1496 1774 inter-

245 1792 353 1830 venit
371 1792 483 1838 novi,
510 1793 605 1841 quid
623 1793 796 1842 miraris,
825 1803 913 1832 cum
934 1792 1114 1831 condicio
1135 1790 1392 1840 promittentis
1412 1801 1495 1828 mu-

244 1851 325 1885 tata
359 1847 428 1894 sit,
460 1851 648 1885 mutatum
680 1858 771 1886 esse
803 1848 1036 1886 consilium?
1069 1847 1205 1885 eadem
1236 1844 1329 1883 mihi
1365 1845 1496 1883 omnia

245 1906 405 1949 praesta
430 1905 469 1939 et
490 1902 595 1939 idem
620 1912 720 1940 sum.
759 1902 1036 1942 Vadimonium
1062 1899 1339 1949 promittimus,
1368 1903 1495 1936 tamen

247 1954 452 1994 deseritur.
480 1966 558 1994 nou
579 1956 617 1994 in
638 1966 775 1996 omnes
794 1957 906 1996 datur
924 1956 1044 1996 actio:
1072 1955 1315 1994 deserentem
1334 1952 1396 1990 vis
1414 1962 1493 1990 ma-

246 2010 307 2047 ior
325 2014 502 2048 excusat.

207 2073 226 2105 1
322 2064 400 2102 XL.
431 2065 562 2103 Idem
589 2065 734 2103 etiam
760 2064 850 2104 illa
874 2065 1171 2114 quaestione
1196 2071 1494 2110 responsum

247 2118 502 2166 existima,
536 2130 593 2157 an
627 2120 753 2158 omni
786 2121 927 2159 modo
953 2117 1223 2158 referenda
1248 2117 1314 2155 sit
1335 2116 1494 2164 gratia

247 2178 293 2211 et
317 2183 375 2210 an
401 2174 707 2212 beneficium
734 2175 911 2223 utique
944 2172 1247 2212 reddendum
1281 2172 1357 2209 sit.
1398 2170 1491 2208 Ani—

246 2237 352 2264 mum
370 2233 573 2274 praestare
592 2234 743 2276 gratum
762 2229 909 2277 debeo,
931 2232 1102 2266 ceterum
1120 2226 1331 2274 aliquando
1351 2235 1413 2265 me
1432 2235 1492 2262 re·

247 2282 349 2320 ferre
367 2282 530 2329 gratiam
547 2293 625 2322 non
642 2284 786 2332 patitur
800 2294 888 2322 mea
901 2282 1105 2322 infelicitas
1117 2310 1127 2329 ,
1145 2280 1356 2329 aliquando
1373 2279 1493 2318 felici-
