1592 2580
1 143 4 164 l

0 177 3 232 s
313 179 379 220 DE
400 178 682 219 BENEFICIIS
708 178 804 218 LlB.
820 179 891 218 VI.
919 184 1071 221 7—11.
1262 177 1341 219 113

1 243 3 260 l

0 262 3 315 2³
59 292 178 332 quam
207 280 391 320 ne801sse
420 281 516 329 quid
545 281 727 319 faceret?
768 279 929 319 Eadem
957 291 1023 319 res
1052 279 1176 320 elficit
1201 291 1252 319 ne
1278 281 1341 319 liic
1362 287 1383 321 2

0 365 2 368 ψ
56 337 292 378 beneficium
322 337 497 383 dederit,
537 348 588 375 ne
619 337 685 376 ille
713 337 894 375 iniuriam
923 336 1081 375 fecerit:
1112 341 1151 375 et
1170 337 1341 376 amicum

0 389 2 434 s
55 399 96 434 et
113 393 313 433 inimicum
334 394 519 432 voluntas
540 393 646 431 facit.
686 393 809 441 Quam
831 393 977 434 multos
998 393 1159 431 militiae
1175 393 1340 432 morbus

55 449 229 499 eripuit?
259 449 470 497 quosdam,
493 458 543 486 ne
559 449 610 486 ad
627 449 779 487 ruinam
797 449 941 487 domus
958 459 1056 488 suae
1069 454 1340 494 occurrerent,

53 505 236 544 inimicus
253 505 484 544 vadimonio
507 505 646 543 tenuit.
679 516 730 543 ne
750 504 789 543 in
805 503 1021 553 piratarum
1038 515 1181 543 manus
1200 515 1341 554 perve-

54 562 201 608 nirent,
235 561 397 610 quidam
427 560 637 609 naufragio
660 560 864 600 consecuti
889 565 1000 599 sunt:
1029 571 1106 599 nec
1124 560 1187 599 his
1208 566 1341 600 tamen

52 615 292 656 beneficium
311 617 525 663 debemus,
548 616 736 666 quoniam
757 622 870 655 extra
891 626 1055 655 sensum
1077 617 1198 656 officii
1220 626 1341 655 casus

54 678 135 721 est,
155 682 231 711 nec
251 671 431 720 inimico,
453 673 568 711 cuius
589 683 664 711 nos
680 674 729 711 lis
746 671 940 720 servavit,
963 673 1056 711 dum
1073 677 1255 711 vexatae
1273 673 1343 711 de-

53 729 162 768 tinet.
199 729 286 766 Non
306 733 368 766 est
386 727 623 767 beneficium
646 728 724 768 nisi
741 729 852 778 quod
869 738 892 766 a
909 728 1014 766 bona
1027 730 1233 768 voluntate
1251 739 1340 777 pro-
1361 735 1384 770 3

56 784 266 831 ficiscitur,
300 783 378 822 nisi
406 783 503 822 illud
532 784 746 833 adgnoscit
765 786 834 833 qui
854 785 976 823 dedit.
1024 784 1176 824 Profuit
1195 783 1341 834 aliquis

54 839 168 888 mihi,
203 840 298 878 dum
324 840 471 879 nescit:
509 839 605 879 nihil
631 840 686 880 illi
715 841 858 880 debeo.
902 840 1068 890 profuit,
1105 851 1195 879 cum
1223 841 1344 883 vellet

55 905 226 935 nocere:
261 894 446 934 imitabor
465 896 612 944 ipsum.

135 952 183 989 X.
213 951 278 990 Ad
296 952 465 1000 primum
486 952 595 991 illum
614 957 882 991 revertamur:
911 956 956 991 ut
973 951 1141 1001 gratiam
1156 952 1342 1000 referam,
1366 960 1382 991 1

9 1028 16 1038 ι
55 1007 207 1056 aliquid
234 1007 367 1046 facere
394 1018 458 1046 me
484 1008 581 1046 vis?
625 1009 716 1057 ipse
742 1013 786 1047 ut
811 1008 1053 1047 beneficium
1087 1006 1182 1047 mihi
1215 1008 1341 1054 daret,

55 1064 152 1102 nihil
180 1063 285 1101 fecit.
332 1063 385 1102 Ut
404 1064 455 1102 ad
475 1063 640 1102 alterum
662 1069 937 1103 transeamus:
969 1063 1030 1102 vis
1051 1074 1115 1101 me
1139 1063 1232 1102 huic
1254 1075 1342 1113 gra-

56 1121 150 1159 tiam
171 1119 342 1168 referre,
373 1123 414 1158 ut
433 1119 543 1168 quod
566 1130 590 1158 a
609 1121 769 1158 nolente
795 1120 956 1168 accepi,
985 1121 1127 1158 volens
1147 1120 1345 1158 reddam?

53 1176 152 1214 Nam
182 1173 278 1223 quid
306 1175 357 1213 de
383 1175 499 1214 tertio
524 1176 686 1224 loquar,
719 1175 788 1224 qui
809 1175 858 1213 ab
879 1175 1022 1214 iniuria
1040 1175 1079 1213 in
1101 1175 1341 1214 beneficium

55 1232 248 1280 delapsus
270 1234 359 1269 est?
394 1235 439 1270 ut
456 1230 696 1270 beneficium
715 1231 785 1270 tibi
808 1231 996 1277 debeam,
1024 1242 1166 1280 parum
1189 1236 1251 1270 est
1270 1242 1341 1270 vo-

55 1287 179 1326 luisse
197 1291 236 1324 te
256 1286 366 1324 dare.
396 1291 439 1326 ut
458 1296 538 1324 non
559 1287 748 1334 debeam,
770 1287 868 1325 satis
890 1291 953 1326 est
972 1287 1167 1325 noluisse.
1213 1287 1341 1325 Bene·
1362 1291 1383 1323 2

55 1342 186 1381 ficium
210 1342 314 1380 enim
334 1343 519 1381 voluntas
540 1342 650 1381 nuda
668 1353 749 1381 non
769 1342 912 1390 efficit,
936 1343 1011 1381 sed
1027 1342 1136 1391 quod
1153 1342 1342 1381 benefici-

55 1409 121 1437 um
142 1409 223 1437 non
243 1402 371 1446 esset,
393 1398 425 1437 si
443 1398 617 1447 optimae
634 1408 681 1436 ac
696 1397 957 1447 plenissimae
971 1397 1167 1437 voluntati
1184 1398 1343 1451 fortuna

58 1454 239 1501 deesset,
270 1453 310 1491 id
333 1464 463 1502 aeque
483 1453 724 1492 beneficium
745 1465 823 1492 non
846 1458 926 1501 est,
960 1453 1037 1492 nisi
1054 1454 1253 1492 fortunam
1272 1465 1340 1492 vo-

57 1511 188 1548 luntas
207 1509 432 1548 antecessit.
469 1520 549 1548 non
570 1510 675 1547 enim
695 1510 898 1559 proluisse
918 1514 956 1548 te
978 1509 1072 1547 mihi
1093 1513 1272 1559 oportet,
1299 1514 1343 1548 ut

58 1565 110 1604 ob
128 1564 208 1603 hoc
225 1563 294 1602 tibi
318 1565 482 1612 obliger,
512 1565 586 1603 sed
606 1575 657 1603 ex
677 1565 876 1604 destinato
898 1565 1116 1614 profuisse.

139 1620 204 1660 XI.
236 1619 444 1658 Cleanthes
461 1621 646 1669 exemplo
663 1621 860 1660 eiusmodi
877 1621 1018 1660 utitur:
1045 1621 1135 1669 „Ad
1147 1631 1341 1670 quaeren—
1364 1625 1381 1658 1

59 1676 152 1715 dum
164 1705 174 1723 ,
194 1675 339 1724 inquit,
362 1680 402 1714 et
424 1676 711 1714 accersendum
729 1687 779 1715 ex
797 1677 1002 1715 academia
1017 1676 1220 1715 Platonem
1238 1677 1341 1716 duos

58 1741 208 1781 pueros
235 1731 346 1769 misi:
377 1732 476 1770 alter
493 1735 616 1770 totam
637 1732 832 1780 porticum
855 1737 1132 1780 perscrutatus
1155 1737 1235 1780 est,
1265 1734 1344 1771 alia

61 1797 226 1836 quoque
241 1787 342 1833 loca,
360 1787 398 1824 in
417 1787 561 1835 quibus
579 1787 689 1825 illum
705 1787 872 1826 inveniri
888 1798 1014 1837 posse
1030 1788 1230 1837 sperabat,
1252 1799 1342 1837 per—

62 1843 237 1882 cucurrit
257 1847 295 1880 et
315 1842 476 1881 domum
499 1853 579 1881 non
601 1842 732 1881 minus
752 1844 886 1882 lassus
909 1855 1026 1893 quam
1048 1844 1186 1882 inritus
1211 1843 1340 1882 rediit.

61 1899 159 1937 alter
180 1898 290 1946 apud
312 1898 538 1946 proximum
558 1898 833 1937 circulatorem
854 1899 1004 1938 resedit
1020 1904 1078 1946 ct,
1101 1899 1193 1937 dum
1211 1910 1341 1948 vagus
1361 1906 1382 1940 2

60 1959 179 2003 atque
199 1963 392 1992 erroneus
411 1954 636 1992 vernaculis
658 1959 923 2003 congregatur
939 1960 978 1993 et
993 1955 1108 2002 ludit,
1130 1959 1340 1994 transeun-

60 2014 138 2048 tem
149 2009 364 2057 Platonem,
382 2019 500 2058 quem
514 2020 593 2048 non
607 2010 845 2058 quaesierat,
862 2010 1024 2049 invenit.
1055 2011 1180 2058 Illum,
1202 2009 1339 2059 inquit,

62 2065 313 2104 laudabimus
334 2075 522 2113 puerum,
547 2064 635 2113 qui,
667 2069 857 2113 quantum
879 2066 915 2104 in
939 2077 983 2104 se
1005 2071 1107 2113 erat,
1130 2067 1239 2114 quod
1259 2067 1339 2105 ius-

64 2130 134 2159 sus
148 2125 210 2159 est
224 2120 335 2159 fecit:
355 2120 461 2159 hunc
477 2120 642 2158 feliciter
656 2119 820 2159 inertem
834 2121 1159 2170 castigabimus.“
1186 2122 1339 2162 Volun-
1359 2129 1381 2164 3

62 2179 124 2214 tas
153 2181 232 2224 est,
263 2187 368 2225 quae
396 2176 504 2225 apud
526 2186 601 2215 nos
623 2176 736 2225 ponit
755 2176 944 2216 officium.
986 2177 1101 2216 cuius
1123 2177 1214 2216 vide
1236 2189 1340 2227 quae

67 2231 247 2271 condicio
281 2232 351 2280 sit,
389 2237 434 2271 ut
469 2241 533 2270 me
567 2232 701 2271 debito
739 2232 971 2280 obstringat.
1023 2232 1166 2271 Parum
1195 2239 1258 2273 est
1284 2235 1338 2273 illi

65 2286 188 2335 velle,
207 2287 284 2326 nisi
304 2287 472 2336 profuit:
504 2299 643 2336 parum
661 2292 723 2326 est
738 2288 962 2336 profuisse,
984 2288 1061 2328 nisi
1077 2289 1212 2328 voluit.
1243 2296 1339 2339 puta

67 2342 169 2380 enim
189 2342 361 2391 aliquem
377 2344 529 2383 donare
544 2344 723 2383 voluisse
743 2353 817 2383 nec
834 2344 1030 2384 donasse:
1057 2345 1230 2384 animum
1252 2346 1336 2395 qui-

123 2410 253 2436 sENECA
277 2411 368 2437 mnr-
397 2402 438 2438 ΙΙ.
1116 2406 1140 2441 8
