1592 2580
271 167 327 209 62
642 167 684 204 L.
702 165 898 204 ,ANNAEI
929 165 1152 205 SENECAE

235 275 253 307 1
348 264 569 314 V.⁴,‚Non
599 265 681 304 dat
708 266 831 305 deus
860 264 1154 304 beneficia.'“
1201 266 1315 305 Unde
1334 276 1429 315 ergo
1449 267 1526 306 ista

272 332 374 371 quae
403 322 622 370 possides?
658 331 761 369 quae
779 321 882 358 das?
923 330 1026 368 quae
1043 324 1195 368 negas?
1237 331 1338 369 quae
1360 327 1527 361 servas?

271 387 374 426 quae
392 376 529 424 rapis?
556 375 663 414 unde
682 375 780 413 haec
799 374 1094 413 innumerabilia
1108 376 1267 423 oculos,
1288 376 1422 424 aures,
1443 378 1525 415 ani—

269 442 372 469 mum
398 430 637 469 mulcentia?
679 430 786 468 unde
813 430 879 467 illa
907 439 1066 477 quoque
1099 430 1292 468 luxuriam
1327 430 1525 470 instruens

270 487 413 534 copia?
454 495 586 534 neque
617 486 720 523 enim
753 483 1055 523 necessitatibus
1082 485 1350 523 tantummodo
1378 487 1525 525 nostris

232 546 253 579 2
268 541 471 589 provisum
497 544 582 578 est:
624 549 754 588 usque
782 540 821 577 in
849 538 1010 577 delicias
1038 549 1224 578 amamur.
1266 540 1339 579 Tot
1364 541 1526 579 arbusta

270 606 349 634 non
370 605 449 633 uno
468 595 587 633 modo
607 595 813 642 frugifera,
843 598 899 632 tot
917 594 1063 632 herbae
1083 595 1294 640 salutares,
1324 600 1382 634 tot
1401 596 1524 634 varie-

267 655 368 688 tates
397 650 574 688 ciborum
601 659 673 697 per
699 653 822 687 totum
849 658 993 687 annum
1013 648 1209 698 digestae,
1237 654 1279 687 ut
1297 650 1408 688 inerti
1429 661 1525 698 quo-

270 714 348 752 que
375 703 533 742 fortuita
564 710 692 742 terrae
726 704 908 742 alimenta
943 703 1189 751 praeberent.
1235 704 1316 742 lam
1347 705 1528 742 animalia

270 759 396 797 onmis
423 758 601 807 generis,
636 758 713 796 alia
739 759 777 796 in
806 760 914 796 sicco
942 758 1172 807 solidoque,
1209 758 1286 796 alia
1306 759 1343 796 in
1364 758 1524 797 humido

268 814 490 861 nascentia,
519 814 596 851 alia
616 823 687 861 per
708 813 873 852 sublime
893 812 1076 860 dim1ssa,
1101 817 1144 851 ut
1164 813 1291 851 omnis
1310 823 1439 851 rerum
1459 823 1526 851 na—

231 869 252 902 3
267 873 378 906 turae
392 878 486 916 pars
501 869 682 906 tributum
698 868 859 916 aliquod
871 867 986 906 nobis
1004 869 1211 906 conferret.
1237 867 1413 906 Flumina
1427 868 1526 906 haec

269 923 557 961 amoenissimis
586 922 757 962 flexibus
785 933 948 971 campos
977 922 1191 970 cingentia,
1219 923 1285 960 illa
1304 923 1527 970 praebitura

267 980 307 1015 in
327 978 562 1016 commercia
582 978 684 1015 viam
703 983 817 1016 vasto
836 982 875 1016 et
893 977 1103 1025 navigabili
1121 988 1237 1016 cursu
1253 978 1455 1025 vadentia,
1476 987 1526 1014 ex

270 1031 412 1080 quibus
434 1033 628 1079 quaedam
656 1032 768 1070 statis
792 1032 932 1070 diebus
956 1031 1132 1070 mirabile
1150 1031 1429 1071 incrementum
1450 1036 1525 1070 tra-

267 1086 382 1132 hunt,
413 1091 456 1124 ut
483 1086 593 1123 arida
621 1091 659 1124 et
687 1087 850 1124 ferventi
878 1087 1055 1124 subiecta
1075 1088 1187 1125 coelo
1210 1087 1299 1125 loca
1318 1086 1446 1125 subita
1463 1086 1527 1124 vis

267 1141 407 1178 aestivi
432 1140 616 1178 torrentis
644 1141 796 1188 inriget.
851 1141 951 1188 Quid
980 1141 1263 1179 medicatorum
1295 1140 1525 1179 torrentium

268 1199 421 1233 venae?
458 1195 553 1243 quid
580 1195 619 1232 in
646 1195 744 1243 ipsis
765 1195 944 1234 litoribus
967 1205 1158 1244 aquarum
1178 1196 1384 1234 calentium
1402 1205 1523 1234 exun—

269 1249 374 1288 datio
387 1254 406 1287 ’ὲ

593 1303 661 1350 Te,
689 1304 788 1343 Lari
803 1305 988 1351 maxime,
1018 1308 1143 1353 teque,

398 1359 576 1406 fluctibus
594 1363 633 1413 ej
644 1358 805 1406 fremitu
822 1360 1036 1406 adsumens
1054 1359 1212 1398 Benace
1229 1360 1389 1397 marino.

232 1416 250 1448 1
347 1413 414 1451 VI.
452 1412 494 1451 Si
521 1423 648 1461 pauca
668 1413 756 1461 quis
777 1412 844 1451 tibi
867 1413 1058 1451 donasset
1076 1413 1231 1460 iugera,
1262 1413 1468 1461 accepisse
1486 1419 1523 1452 te

268 1465 422 1506 diceres
438 1467 671 1505 beneficium
682 1482 692 1502 ε
717 1467 895 1506 inmensa
907 1471 1096 1505 terrarum
1112 1468 1189 1507 late
1205 1469 1417 1516 patentium
1433 1478 1524 1516 spa-

266 1522 319 1560 tia
346 1530 470 1569 negas
500 1532 591 1560 esse
620 1521 880 1560 beneficium?
915 1521 957 1560 Si
977 1522 1185 1569 pecuniam
1203 1523 1272 1561 tibi
1292 1522 1434 1570 aliquis
1453 1523 1521 1560 do-

267 1577 418 1614 naverit
437 1581 476 1615 et
494 1587 626 1615 arcam
645 1581 771 1624 tuam,
802 1577 987 1625 quoniam
1006 1577 1046 1615 id
1066 1576 1135 1615 tibi
1154 1587 1339 1625 magnum
1356 1577 1521 1624 videtur,

267 1630 494 1678 inpleverit,
529 1631 767 1669 beneficium
793 1631 977 1670 vocabis:
1014 1636 1071 1670 tot
1097 1632 1251 1670 metalla
1269 1631 1437 1678 defodit,
1466 1637 1524 1671 tot
1545 1643 1547 1646 ·

269 1685 429 1723 flumina
445 1686 572 1724 emisit
585 1690 699 1732 terra,
717 1695 839 1734 super
850 1697 966 1734 quam
978 1685 1193 1724 decurrunt
1207 1687 1375 1725 solidum
1384 1697 1521 1724 aurum

266 1740 461 1778 vehentia.
508 1741 678 1788 argenti,
709 1741 832 1787 aeris,
862 1741 953 1778 ferri
980 1741 1136 1778 inmane
1162 1741 1319 1789 pondus
1339 1741 1520 1779 omnibus

266 1795 366 1833 locis
388 1795 590 1842 obrutum,
614 1795 726 1833 cuius
746 1795 1006 1843 investigandi
1028 1794 1095 1834 tibi
1114 1796 1335 1834 facultatem
1354 1795 1521 1833 deditae

270 1850 466 1887 latentium
487 1849 706 1888 divitiarum
726 1849 765 1887 in
786 1860 937 1887 summa
956 1855 1060 1888 terra
1079 1849 1193 1898 signa
1211 1849 1427 1897 disposuit:
1453 1860 1521 1887 ne-

228 1907 250 1939 2
265 1914 335 1951 gas
363 1907 402 1942 te
422 1904 630 1951 accepisse
646 1904 911 1942 beneficium?
956 1904 997 1942 Si
1017 1905 1157 1942 domus
1177 1904 1245 1942 tibi
1265 1904 1449 1950 donetur,
1480 1905 1520 1941 in

267 1968 345 2005 qua
366 1959 572 1996 marmoris
592 1958 740 2007 aliquid
758 1959 1010 2007 resplendeat
1028 1964 1066 1997 et
1083 1963 1224 1997 tectum
1245 1958 1403 1996 nitidius
1422 1969 1518 1996 auro

266 2017 332 2050 aut
359 2012 558 2051 coloribus
588 2023 789 2060 sparsum,
824 2024 902 2051 non
936 2014 1134 2052 mediocre
1166 2023 1309 2051 munus
1334 2012 1519 2051 vocabis:

266 2067 406 2113 ingens
428 2067 496 2105 tibi
517 2067 755 2106 domicilium
782 2067 869 2106 sine
887 2069 969 2107 ullo
988 2067 1156 2106 incendii
1176 2071 1242 2105 aut
1258 2066 1395 2105 ruinae
1413 2073 1518 2105 metu

267 2120 424 2166 struxit,
454 2122 494 2159 in
523 2132 603 2170 quo
629 2121 743 2160 vides
762 2133 841 2160 non
864 2116 1004 2160 ‘tenues
1024 2125 1176 2160 crustas
1196 2126 1234 2159 et
1251 2121 1339 2168 ipsa
1359 2131 1438 2169 qua
1455 2131 1518 2159 se-

268 2179 406 2212 cantur
430 2176 574 2214 lamina
595 2177 844 2224 graciliores,
872 2177 945 2214 sed
963 2177 1133 2223 integras
1151 2175 1294 2223 lapidis
1314 2176 1516 2224 pretiosis-

268 2228 355 2266 simi
375 2230 519 2277 moles,
548 2231 619 2269 sed
638 2236 742 2270 totas
759 2231 895 2269 variae
914 2230 1199 2278 distinctaeque
1217 2231 1421 2278 materiae,
1449 2240 1516 2268 cu*

267 2283 328 2321 ius
354 2288 394 2321 tu
422 2285 587 2331 parvula
611 2286 736 2324 frusta
760 2285 933 2333 mii-arisi,
967 2289 1112 2326 tectum
1138 2294 1233 2325 vero
1256 2286 1367 2325 aliter
1386 2289 1514 2331 nocte,
