1592 2580
258 159 336 202 158
623 160 665 198 L.
695 159 883 198 ANNAEI
913 159 1138 199 SENECAE

258 258 426 299 subinde
444 258 656 306 inpleatur,
677 257 857 296 sarcirem
875 261 914 295 et
927 256 1099 295 viverem
1114 255 1221 305 aegri
1235 255 1436 297 minister?
1466 264 1509 298 ut

257 318 421 352 mortem
441 313 631 360 timerem,
651 311 714 350 cui
730 311 796 350 uni
810 311 977 361 [omnes]
993 312 1217 350 nascimur?
1251 312 1419 351 Detrahe
1433 312 1509 352 hoc

258 367 540 406 inaestimabile
564 367 728 414 bonum,
765 376 844 404 non
870 371 932 404 est
955 366 1036 405 vita
1058 367 1172 412 tanti,
1208 371 1251 405 ut
1277 367 1434 414 sudem,
1467 372 1511 406 ut

221 427 445 461 saestuem.
493 420 523 459 Ο
548 431 664 470 quam
690 430 755 460 res
783 424 845 459 est
871 424 1093 468 contempta
1117 420 1255 468 homo,
1287 420 1363 459 nisi
1390 432 1512 470 supra

258 477 429 516 humana
442 476 673 515 surrexerit!
694 475 881 523 quamdiu
895 485 984 514 cum
998 475 1217 514 adfectibus
1232 476 1509 522 conluctamur,

258 531 354 579 quid
371 529 568 580 magnifici
588 529 781 568 facimus?
807 534 847 568 et
865 530 898 568 si
915 529 1141 578 superiores
1157 539 1311 578 sumus,
1332 534 1512 578 portenta

258 585 463 624 vincimus.
509 584 609 632 Quid
629 589 708 632 est,
740 594 810 623 cur
829 584 1093 632 suspiciamus
1112 585 1396 633 nosmetipsos,
1421 586 1513 633 quia

260 639 472 678 dissimiles
501 639 720 678 deterrimis
740 642 904 678 sumus?
931 649 1010 677 non
1029 639 1165 687 video,
1195 649 1316 687 quare
1335 639 1409 678 sibi
1428 640 1510 688 pla-

221 696 244 731 6
261 698 348 733 ceat
375 695 442 743 qui
468 693 668 733 robustior
685 698 756 745 ‚est
784 693 822 731 in
840 693 1124 732 valitudinario.
1170 693 1334 731 Multum
1351 693 1513 733 interest

259 748 361 788 inter
386 748 491 787 vires
512 753 551 787 et
575 749 719 786 bonam
749 747 1013 787 valitudinem.
1057 747 1237 795 Effugisti
1265 748 1357 787 vitia
1383 747 1512 796 animi,

259 814 338 842 non
365 808 426 842 est
449 803 518 843 tibi
543 803 652 842 frons
680 802 772 841 ficta
788 813 862 841 nec
880 803 919 841 in
940 802 1106 841 alienam
1125 802 1362 841 voluntatem
1381 812 1511 841 sermo

261 858 492 906 conpositus
519 867 592 896 nec
621 867 690 896 cor
714 856 931 896 involutum
957 867 1030 896 nec
1057 857 1239 906 avaritia,
1277 867 1380 906 quae
1404 857 1512 906 quic-

262 913 357 961 quid
384 913 566 951 omnibus
595 912 769 959 abstulit,
798 911 874 951 sibi
899 912 976 961 ipsi
1006 916 1140 960 neget,
1167 921 1242 950 nec
1268 911 1424 950 luxuria
1443 922 1512 961 pe-

260 967 416 1006 cuniam
434 968 597 1015 turpiter
618 967 811 1016 perdens,
840 978 958 1016 quam
976 967 1130 1015 turpius
1146 971 1318 1015 reparet,
1338 977 1416 1006 non
1432 977 1514 1005 am-

260 1022 374 1070 bitio,
408 1032 510 1071 quae
535 1027 575 1073 te
602 1022 653 1060 ad
673 1021 900 1070 dignitatem
916 1021 991 1060 nisi
1011 1031 1082 1070 per
1100 1021 1259 1070 indigna
1278 1032 1355 1060 non
1376 1021 1512 1060 ducet:

260 1076 355 1115 nihil
382 1077 512 1115 adhuc
540 1082 779 1116 consecutus
807 1087 870 1123 es,
900 1077 1020 1115 multa
1047 1075 1237 1124 effugisti,
1262 1081 1302 1115 te
1328 1076 1514 1115 nondum.

259 1131 383 1170 virtus
411 1130 514 1170 enim
540 1132 633 1177 ista,
665 1142 782 1180 quam
810 1131 1073 1178 adfectamus,
1102 1131 1311 1179 magnifica
1329 1135 1407 1179 est,
1435 1141 1514 1170 non

261 1186 355 1234 quia
380 1196 451 1235 per
475 1196 521 1224 se
540 1186 697 1224 beatum
718 1191 780 1224 est
796 1187 898 1224 malo
919 1185 1113 1232 caruisse,
1142 1186 1215 1224 sed
1235 1186 1327 1235 quia
1345 1186 1515 1225 animum

261 1242 367 1279 laxat
383 1251 431 1278 ac
451 1245 660 1288 praeparat
678 1240 731 1278 ad
750 1240 1010 1288 cognitionem
1031 1241 1258 1280 coelestium
1275 1240 1515 1289 dignumque

224 1299 246 1334 7
261 1295 406 1342 efficit,
431 1296 498 1344 qui
516 1294 555 1332 in
575 1295 813 1334 consortium
834 1295 998 1334 deorum
1018 1295 1159 1334 veniat.
1207 1295 1314 1333 Tunc
1332 1305 1514 1334 consum-

261 1355 406 1388 matum
421 1349 539 1388 habet
553 1350 792 1398 plenumque
804 1349 951 1388 bonum
967 1350 1084 1389 sortis
1101 1349 1314 1397 humanae,
1334 1360 1422 1388 cum
1437 1350 1514 1388 cal-

261 1409 348 1442 cato
369 1404 473 1442 omni
492 1405 594 1442 malo
618 1403 712 1452 petit
730 1406 848 1443 altum
866 1409 904 1443 et
921 1404 959 1442 in
974 1405 1196 1443 interiorem
1211 1409 1372 1443 naturae
1387 1405 1515 1443 sinum

259 1459 379 1496 venit.
407 1463 500 1497 tunc
517 1460 624 1498 iuvat
642 1457 847 1507 inter-ipsa
861 1459 994 1498 sidera
1009 1463 1211 1507 vagantem
1229 1458 1390 1498 divitum
1406 1459 1515 1507 pavi-

260 1518 391 1551 menta
409 1513 538 1551 ridere
558 1518 597 1552 et
615 1518 733 1552 totam
754 1524 842 1552 curn
862 1524 957 1553 auro
979 1524 1051 1553 suo
1071 1519 1232 1560 terram,
1258 1525 1335 1553 non
1351 1514 1417 1552 illo
1432 1518 1514 1552 tan-

259 1573 341 1606 tum
361 1567 470 1615 dico,
493 1569 602 1617 quod
621 1568 769 1617 egessit
786 1573 825 1607 et
843 1568 1278 1617 signandum-monetae
1297 1569 1422 1615 dedit,
1443 1567 1517 1607 sed

259 1628 299 1661 et
316 1623 403 1670 illo,
430 1623 541 1671 quod
558 1622 598 1661 in
617 1624 771 1662 occulto
792 1628 926 1662 servat
945 1629 1190 1672 posterorum
1211 1624 1408 1662 avaritiae.
1435 1633 1515 1661 non

258 1682 391 1726 potest
415 1681 504 1715 ante
530 1683 781 1717 contemnere
808 1678 982 1727 porticus
1008 1683 1047 1717 et
1071 1677 1272 1717 lacunaria
1297 1678 1417 1717 ebore
1443 1678 1514 1716 ful-

259 1732 390 1780 gentia
415 1736 455 1770 et
486 1733 651 1771 tonsiles
684 1732 806 1771 silvas
837 1737 876 1772 et
903 1733 1079 1772 derivata
1104 1733 1141 1771 in
1170 1733 1312 1772 domos
1343 1732 1515 1779 flumina,

261 1797 378 1834 quam
397 1791 520 1825 totum
539 1787 677 1826 circuit
694 1787 902 1835 mundum,
924 1792 964 1826 et
985 1793 1170 1828 terrarum
1190 1788 1324 1827 orbem
1344 1797 1516 1836 superne

261 1841 488 1889 despiciens
511 1846 718 1889 angustum
745 1847 783 1881 et
809 1843 979 1881 maxima
1009 1853 1059 1882 ex
1077 1847 1188 1891 parte
1210 1848 1387 1890 opertum
1407 1842 1514 1888 mari,

261 1896 377 1934 etiam
397 1906 476 1944 qua
495 1901 641 1943 exstat,
669 1897 746 1935 late
765 1897 990 1945 squalidum
1009 1902 1047 1936 et
1067 1902 1134 1936 aut
1152 1902 1283 1936 ustum
1303 1902 1368 1936 aut
1387 1896 1515 1944 rigen-

222 1954 338 1988 8tem
366 1950 441 1989 sibi
469 1951 557 1999 ipse
583 1950 655 1990 ait:
684 1950 761 1990 hoc
787 1956 848 1990 est
866 1952 962 1991 illud
980 1958 1186 2001 punctum,
1215 1951 1323 2000 quod
1342 1950 1442 1989 inter
1460 1955 1516 1990 tot

262 2009 398 2052 gentes
418 2006 523 2044 ferro
542 2010 582 2044 et
599 2005 689 2054 igne
707 2006 915 2045 dividitur?
951 2017 974 2045 ο
996 2017 1114 2055 quam
1131 2002 1284 2046 ridiculi
1303 2009 1393 2044 sunt
1411 2015 1514 2044 mor-

260 2059 394 2098 talium
414 2059 586 2098 termini!
632 2060 742 2099 Ultra
759 2060 900 2099 Istrum
918 2062 1050 2100 Dacus
1069 2073 1147 2100 non
1167 2065 1293 2100 exeat.
1338 2061 1516 2109 Strymon

260 2118 298 2152 et
321 2115 492 2153 Haemus
516 2115 688 2155 Thracas
717 2115 902 2154 includat.
947 2116 1097 2155 Parthis
1126 2116 1255 2155 obstet
1279 2115 1513 2163 Euphrates.

261 2168 464 2208 Danubius
482 2169 697 2208 Sarmatica
714 2180 761 2208 ac
777 2170 952 2210 Romana
966 2170 1217 2209 disterminet.
1243 2170 1404 2209 Rhenus
1421 2169 1513 2207 Ger-

262 2222 416 2262 maniae
441 2225 601 2265 modum
627 2224 755 2263 faciat.
797 2224 1025 2274 Pyrenaeus
1052 2225 1222 2263 medium
1248 2225 1347 2264 inter
1369 2223 1513 2263 Gallias

262 2282 301 2316 et
315 2277 527 2326 Hispanias
542 2279 675 2329 iugum
690 2279 862 2320 extollat.
891 2280 991 2320 inter
1003 2280 1229 2330 Aegyptum
1244 2284 1282 2319 et
1295 2279 1514 2328 Aethiopas
