1624 2626
191 164 262 205 AD
290 160 584 203 GALLIONEM
610 156 677 202 DE
706 159 832 201 VITA
858 158 1043 200 BEATA.
1070 163 1229 201 23—25.
1276 158 1359 200 159

84 266 139 306 ibi
155 262 339 305 beneficii
357 264 473 303 locus
493 268 567 303 est.
589 262 726 303 Potest
744 262 878 312 itaque
892 263 1103 312 pecuniam
1122 263 1237 303 etiam
1258 263 1359 303 intra

84 322 203 362 limen
221 331 339 360 suurn
353 319 574 359 diffundere
593 324 632 358 et
648 319 920 358 liberalitatem
935 329 1138 367 exercere,
1161 330 1265 368 quae
1277 330 1359 359 non

85 377 178 428 quia
195 376 330 415 liberis
348 375 525 423 debetur,
545 375 620 414 sed
635 375 729 424 quia
749 386 773 413 a
791 374 914 414 libero
930 375 1061 414 animo
1078 375 1358 424 proficiscitur,

83 433 137 472 ita
155 431 354 471 nominata
375 435 448 469 est.
485 430 595 469 Haec
615 430 721 479 apud
751 429 972 480 sapientem
999 441 1074 469 nec
1101 442 1290 479 umquam
1319 431 1360 469 in

82 494 221 537 turpes
241 487 507 535 indignosque
527 485 743 535 inpingitur
770 496 844 524 nec
859 497 1049 535 ,umquam
1070 486 1125 524 ita
1145 486 1359 535 defatigata

82 548 198 590 errat,
216 548 367 590 utnon,
396 541 581 591 quotiens
603 543 765 590 dignum
789 542 992 588 invenerit,
1015 542 1132 591 quasi
1158 553 1210 581 ex
1239 543 1359 590 pleno

83 598 194 638 fluat.
220 599 306 637 Non
328 602 389 636 est
409 608 518 646 ergo,
540 598 650 647 quod
670 608 881 646 perperam
902 598 1139 646 exaudiatis,
1160 608 1266 646 quae
1285 597 1357 636 ho-
1375 602 1401 637 4

83 660 209 703 ueste,
231 654 394 701 sortiter,
427 653 609 692 anImose
641 664 666 692 a
692 652 885 692 studiosis
912 653 1134 702 sapientiae
1159 653 1358 692 dicuntur.

83 716 123 749 et
141 710 218 750 hoc
239 710 407 759 primum
427 709 649 748 adtendite:
679 709 787 748 aliud
811 714 872 748 est
898 708 1107 748 studiosus
1127 708 1362 757 sapientiae,

84 766 191 805 aliud
206 765 283 804 iam
302 765 474 813 adeptus
493 764 743 813 sapientiam.
779 764 849 803 llle
868 764 937 803 tibi
957 765 1080 803 dicet:
1107 764 1285 814 „optime
1303 764 1361 803 lo-

87 831 209 870 quor,
237 821 312 860 sed
339 820 470 859 adhuc
500 819 602 858 inter
634 820 740 859 mala
768 821 927 860 volutor
952 820 1134 869 plurima.
1178 831 1260 859 non
1287 824 1363 867 est,

87 877 199 926 quod
218 886 281 914 me
299 876 351 914 ad
370 876 577 914 formulam
602 886 731 914 meam
751 875 904 925 exigas.
943 886 1033 914 cum
1059 876 1231 914 maxime
1258 874 1363 913 facio

86 942 150 971 me
170 936 209 971 et
227 932 353 970 formo
375 937 414 970 et
432 931 484 969 ad
499 931 704 980 exemplar
724 931 865 980 ingens
884 931 1048 970 adtollo.
1070 931 1104 969 si
1122 940 1363 980 processero

87 993 278 1036 quantum
295 987 495 1036 [cumque]
513 985 718 1035 proposui,
739 987 855 1035 exige
873 992 917 1025 ut
935 987 1051 1025 dictis
1072 987 1176 1026 facta
1192 996 1363 1034 respon-

86 1043 247 1082 deant.“
291 1042 521 1080 Adsecutus
550 1052 645 1080 vero
672 1041 833 1081 humani
864 1041 960 1081 boni
985 1052 1141 1089 summa
1167 1042 1280 1081 aliter
1307 1047 1363 1080 te-

88 1108 177 1137 cum
196 1102 287 1146 aget
306 1101 345 1135 et
365 1097 489 1136 dicet:
518 1096 717 1146 „Primum
736 1108 816 1137 non
836 1102 910 1146 est,
939 1098 1047 1146 quod
1067 1097 1138 1136 tibi
1157 1097 1364 1147 permittas

87 1155 139 1193 de
158 1153 387 1193 melioribus
404 1154 507 1192 ferre
527 1153 780 1193 sententiam:
801 1153 896 1191 mihi
911 1153 1000 1201 iam,
1025 1153 1136 1202 quod
1156 1163 1364 1202 argumen-

85 1215 169 1249 tum
189 1214 250 1248 est
263 1208 372 1257 recti,
393 1208 583 1258 contingit
603 1209 716 1248 malis
733 1209 959 1258 displicere.
997 1209 1083 1257 sed,
1102 1214 1146 1248 ut
1163 1209 1231 1249 tibi
1246 1209 1364 1247 ratio·
1384 1216 1406 1250 5

85 1276 176 1304 nem
193 1264 372 1311 reddam,
395 1275 474 1313 qua
494 1266 590 1304 nulli
609 1265 829 1304 mortalium
851 1265 1025 1310 invideo,
1047 1265 1142 1303 audi
1158 1264 1251 1314 quid
1271 1275 1364 1314 pro-

86 1321 237 1360 mittam
256 1325 295 1359 et
315 1320 450 1369 quanti
467 1331 651 1370 quaeque
670 1321 896 1360 aestimem:
917 1320 1075 1360 divitias
1095 1331 1199 1370 nego
1216 1320 1366 1360 bonum

88 1387 195 1416 esse.
215 1387 306 1414 nam
327 1375 360 1414 si
382 1381 529 1424 essent,
548 1376 679 1416 bonos
697 1377 884 1415 facerent.
911 1387 1018 1416 nunc
1035 1377 1234 1425 quoniam,
1257 1377 1367 1426 quod

90 1432 198 1480 apud
217 1432 344 1470 malos
370 1431 690 1480 deprehenditur,
718 1432 796 1471 dici
823 1433 974 1471 bonum
1000 1443 1079 1471 non
1111 1437 1256 1481 potest,
1289 1431 1368 1471 hoc

91 1486 168 1526 illis
187 1497 330 1526 nomen
359 1497 475 1535 nego.
506 1492 680 1527 ceterum
704 1492 742 1527 et
768 1487 975 1526 habendas
1003 1498 1097 1527 esse
1121 1492 1160 1527 et
1185 1487 1301 1527 utiles
1330 1492 1369 1526 et

91 1553 236 1591 magna
257 1543 467 1581 commoda
487 1543 589 1582 vitae
608 1544 823 1583 adferentis
844 1545 983 1583 fateor.

91 1603 94 1609 '
173 1597 295 1636 XXV.
326 1597 427 1645 Quid
446 1609 541 1647 ergo
563 1603 650 1638 est?
679 1610 803 1648 quare
822 1599 911 1639 illas
929 1611 1010 1639 non
1030 1599 1069 1638 in
1088 1599 1207 1639 bonis
1230 1609 1366 1638 nume·
1389 1605 1407 1638 1

91 1664 175 1693 rem
195 1658 234 1692 et
261 1653 354 1702 quid
375 1659 574 1702 praestem
601 1654 642 1693 in
669 1654 746 1694 illis
776 1655 884 1694 aliud
912 1667 1032 1705 quam
1062 1666 1147 1703 vos,
1178 1655 1369 1704 quoniam

90 1710 192 1748 inter
212 1714 404 1758 utrosque
424 1709 608 1749 convenit
634 1709 852 1758 habendas,
880 1711 1028 1751 audite.
1061 1711 1171 1751 Pone
1199 1711 1239 1749 in
1269 1721 1367 1760 opu-

90 1764 314 1804 lentissima
342 1775 406 1803 me
432 1765 564 1812 domo,
591 1776 698 1814 pone
720 1767 813 1813 [ube]
845 1776 982 1806 aurum
1011 1772 1301 1816 argentumque
1328 1767 1366 1804 in

91 1819 323 1870 promiscuo
340 1831 418 1859 usu
433 1821 502 1859 sit:
522 1831 603 1860 non
620 1821 837 1870 suspiciam
856 1821 922 1860 me·
938 1822 988 1862 ob
1003 1823 1091 1870 ista,
1114 1833 1218 1872 quae
1233 1822 1368 1861 etiam-

93 1877 129 1915 si
147 1876 256 1925 apud
275 1886 349 1924 me,
380 1881 491 1915 extra
510 1887 573 1915 me
600 1881 732 1915 tamen
758 1883 862 1917 sunt.
898 1877 943 1917 In
967 1878 1179 1918 sublicium
1207 1883 1370 1927 pontem

92 1942 158 1970 me
176 1932 346 1971 transfer
373 1936 412 1971 et
436 1933 536 1970 inter
566 1937 728 1980 egentes
752 1932 887 1981 abige:
916 1945 996 1973 non
1024 1934 1116 1973 ideo
1148 1939 1278 1973 tamen
1306 1943 1370 1971 me

93 1987 326 2036 despiciam,
356 1989 465 2036 quod
489 1988 706 2027 initlorum
730 1999 894 2027 numero
925 1990 1161 2037 consedero,
1191 1988 1260 2038 qui
1287 2000 1369 2028 ma-

92 2054 189 2082 num
209 2043 262 2082 ad
281 2043 424 2092 stipem
442 2043 660 2093 porrigunt.
710 2042 806 2092 quid
825 2044 929 2083 enim
948 2045 1001 2083 ad
1018 2055 1114 2091 rem,
1135 2055 1185 2083 an
1204 2045 1370 2084 frustum

94 2099 211 2148 panis
230 2099 345 2147 desit,
374 2101 437 2139 cui
466 2111 547 2139 non
575 2099 689 2139 deest
712 2098 813 2138 mori
839 2105 993 2149 posse?
1030 2100 1133 2148 Quid
1158 2110 1254 2149 ergo
1282 2105 1370 2140 est?

96 2155 258 2194 domum
283 2154 389 2193 illam
418 2155 667 2204 splendidam
694 2155 798 2194 malo
828 2166 946 2204 quam
976 2160 1150 2205 pontem.
1193 2155 1302 2195 Pone
1327 2157 1365 2194 in
1385 2162 1408 2196 2

97 2211 322 2250 stramentis
343 2211 645 2260 splendentibus
666 2216 705 2249 et
723 2211 891 2250 delicato
911 2211 1125 2260 adparatu:
1154 2212 1273 2252 nihilo
1306 2223 1370 2250 me

98 2264 313 2305 feliciorem
332 2267 504 2315 credam,
535 2267 644 2317 quod
661 2266 756 2305 mihi
776 2267 894 2306 molle
920 2266 994 2306 erit
1011 2267 1233 2317 amiculum,
1262 2269 1372 2317 quod

100 2331 275 2370 purpura
292 2322 472 2363 convivis
491 2323 590 2363 meis
611 2323 896 2363 substernetur.
916 2321 1046 2365 Mutas
1060 2325 1370 2376 magn[ificentz]-
