1624 2626
84 177 453 223 CONTUMELIAM
474 179 722 221 ACCIPERE
740 179 1039 219 SAPIENTEM.
1055 179 1288 219 XII—XIV.
1306 179 1361 220 29

65 287 222 326 talusve
257 284 382 324 Asiae
428 285 665 324 salutantem
708 282 864 322 silentio
907 293 955 321 ac
995 283 1108 322 voltu
1150 282 1362 332 adroganti

63 342 278 382 transierit.
325 340 402 380 scit
429 345 574 379 statum
602 340 689 378 eius
718 349 797 379 non
825 337 954 387 magis
975 338 1125 377 habere
1147 339 1362 388 quicquam

65 398 326 438 invidendum
353 407 472 446 quam
494 397 602 444 eius,
632 394 696 434 cui
716 395 754 434 in
775 405 920 444 magna
939 395 1088 433 familia
1109 406 1204 434 cura
1225 394 1365 444 obtigit

66 465 213 504 aegros
234 454 483 502 insanosque
512 462 776 501 conpescere.
821 451 923 490 Num
952 451 1122 490 moleste
1152 452 1296 499 seram,
1331 451 1401 496 si4

65 511 160 550 mihi
179 522 258 549 non
281 509 501 548 reddiderit
519 518 665 547 nomen
688 507 832 556 aliquis
853 518 904 546 ex
923 506 1000 553 his,
1024 508 1092 557 qui
1114 507 1166 546 ad
1187 506 1365 546 Castoris

66 566 322 616 negotiantur
338 576 415 614 neq
423 576 513 604 uam
530 563 731 613 mancipia
748 568 924 603 ementes
937 563 1253 613 vendentesque,
1266 574 1364 613 quo—

66 634 154 662 rum
174 623 366 662 tabernae
387 622 656 671 pessimorum
678 631 887 659 servorum
916 619 1034 658 turba
1053 620 1225 658 refertae
1247 623 1367 658 sunt?

68 690 168 727 non,
202 683 246 717 ut
266 683 376 727 puto.
424 678 521 727 quid
551 677 654 715 enim
677 677 710 715 is
741 677 836 715 boni
862 676 1006 724 habet,
1043 676 1119 715 sub
1144 687 1224 725 quo
1247 686 1365 714 nemo

67 735 146 774 nisi
165 736 292 774 malus
315 738 406 773 est?
455 734 562 783 Ergo
582 737 626 772 ut
652 733 770 771 huius
796 732 1080 771 humanitatem
1101 731 1359 770 inhumanita-

68 798 230 841 temque
251 789 438 839 neglegit,
459 790 512 829 ita
531 795 571 829 et
589 789 718 838 regis:
739 787 866 827 habes
887 789 962 827 sub
984 793 1023 827 te
1042 787 1210 828 Parthos
1232 794 1270 828 et
1284 788 1366 826 Me—

69 849 144 887 dos
166 852 204 886 et
222 846 479 893 Bactrianos,
510 846 584 884 sed
614 856 718 894 quos
746 850 854 884 metu
875 845 1077 892 contines,
1109 845 1183 883 sed
1205 849 1369 894 propter

71 912 176 952 quos
199 903 399 941 remittere
428 912 566 941 arcum
594 902 663 941 tibi
694 913 775 940 non
805 900 987 950 contigit,
1024 900 1098 939 sed
1124 906 1367 950 postremos,

71 960 144 999 sed
167 960 351 1007 venales,
377 958 450 996 sed
478 969 626 997 novum
657 962 907 1006 aucupantes
938 956 1170 995 dominium.
1214 956 1368 996 Nullius
1386 971 1406 1004 5

70 1026 166 1064 ergo
196 1013 420 1054 movebitur
443 1014 693 1052 contumelia.
743 1023 884 1052 omnes
920 1012 1025 1051 enim
1052 1013 1154 1051 inter
1181 1023 1226 1051 se
1254 1011 1369 1050 diffe—

69 1076 180 1118 runt,
217 1070 381 1120 sapiens
411 1069 572 1118 quidem
599 1079 720 1118 pares
749 1068 840 1108 illos
862 1069 913 1107 ob
933 1069 1144 1117 aequalem
1166 1068 1368 1108 stultitiam

71 1127 202 1167 omnis
225 1131 347 1175 putat.
386 1137 477 1164 nam
500 1125 535 1164 si
554 1126 676 1164 semel
700 1136 746 1163 se
767 1124 974 1164 demiserit
995 1135 1056 1172 eo,
1077 1129 1121 1163 ut
1141 1130 1207 1164 aut
1226 1124 1371 1164 iniuria

69 1188 280 1222 moveatur
299 1186 368 1221 aut
387 1182 648 1230 contumelia,
676 1192 754 1220 non
785 1180 960 1230 potuerit
977 1192 1168 1230 umquam
1190 1191 1284 1220 esse
1306 1191 1369 1220 56-

70 1250 206 1279 curus.
255 1237 451 1278 securitas
482 1243 612 1276 autem
643 1237 849 1287 proprium
882 1237 1031 1276 bonum
1066 1237 1261 1286 sapientis
1298 1242 1370 1283 est,

70 1306 146 1335 nec
166 1296 395 1342 committet,
429 1299 473 1333 ut
493 1294 709 1332 iudicando
731 1294 1013 1333 contumeliam
1036 1293 1112 1332 sibi
1134 1295 1280 1332 factam
1300 1292 1371 1331 ho-

72 1361 212 1391 norem
231 1351 377 1390 habeat
397 1351 432 1389 ei
454 1350 521 1400 qui
543 1351 647 1388 fecit.
697 1360 868 1389 necesse
896 1354 957 1388 est
985 1349 1090 1387 enim
1112 1360 1136 1388 a
1157 1360 1238 1399 quo
1261 1349 1370 1399 quis-

75 1418 154 1457 que
175 1407 375 1447 contemni
396 1408 564 1446 moleste
584 1407 696 1454 ferat,
718 1405 873 1455 suspici
894 1405 1081 1454 gaudeat.

151 1463 256 1501 XIV.
297 1464 422 1502 Tanta
444 1463 644 1512 quosdam
665 1462 866 1501 dementia
884 1466 1014 1510 tenet,
1048 1467 1091 1500 ut
1125 1461 1202 1501 sibi
1232 1466 1372 1501 contu-
1391 1474 1406 1506 1

75 1520 232 1558 meliam
265 1519 352 1557 fieri
382 1524 521 1568 putent
545 1529 671 1568 posse
693 1529 715 1558 a
735 1518 914 1557 muliere.
964 1517 1062 1567 quid
1096 1519 1220 1557 refert
1253 1515 1414 1567 quamO

75 1574 261 1622 habeant,
282 1580 380 1623 quot
398 1575 622 1614 lecticarios
643 1575 869 1621 habentem,
893 1584 1013 1623 quam
1031 1578 1218 1613 oneratas
1239 1584 1371 1619 aures,

78 1641 198 1680 quam
219 1631 349 1669 laxam
373 1632 539 1669 sellam?
575 1642 705 1680 aeque
725 1630 948 1680 inprudens
969 1630 1116 1669 animal
1136 1635 1198 1670 est
1217 1635 1273 1679 et,
1295 1629 1373 1668 nisi

78 1686 244 1726 scientia
263 1687 437 1725 accessit
456 1697 502 1724 ac
522 1688 646 1726 multa
664 1687 848 1735 eruditio,
870 1687 1009 1735 serum,
1033 1686 1296 1735 cupiditatum
1316 1687 1373 1725 in-

76 1743 301 1782 continens.
337 1742 506 1790 Quidam
527 1753 571 1781 se
590 1754 614 1781 a
634 1742 828 1782 cinerario
850 1744 1035 1792 inpulsos
1056 1743 1225 1782 moleste
1244 1743 1376 1781 serunt

78 1805 117 1838 et
137 1799 417 1838 contumeliam
438 1803 586 1837 vocant
606 1799 756 1838 ostiarii
776 1799 1049 1839 difficultatem
1063 1829 1072 1847 ,
1101 1800 1374 1838 nomenclato—

77 1855 133 1893 ris
155 1855 405 1904 superbiam,
428 1854 661 1894 cubicularii
689 1856 961 1904 supercilium.
1018 1867 1041 1894 o
1071 1860 1244 1904 quantus
1274 1854 1376 1894 inter

78 1911 154 1950 ista
174 1912 281 1950 risus
303 1911 506 1950 tollendus
525 1915 606 1959 est,
636 1917 784 1960 quanta
810 1913 1018 1960 voluptate
1048 1910 1263 1959 inplendus
1293 1911 1375 1950 ani-

79 1978 168 2006 mus
190 1978 241 2006 ex
261 1968 482 2006 alienorum
505 1978 683 2006 errorum
702 1968 874 2007 tumultu
895 1967 1180 2016 contemplanti
1201 1967 1375 2016 quietem

79 2028 213 2062 suam!
273 2023 375 2072 Quid
404 2027 529 2072 ergo?
567 2024 730 2072 sapiens
758 2035 840 2062 non
861 2024 1030 2062 accedet
1050 2023 1103 2061 ad
1121 2023 1251 2071 fores,
1272 2034 1374 2072 quas
1391 2028 1413 2061 2

79 2080 205 2119 durus
226 2079 369 2120 ianitor
390 2080 575 2119 obsidet?
618 2080 683 2118 ille
703 2090 822 2127 vero,
850 2079 886 2118 si
912 2090 980 2117 res
999 2079 1234 2118 necessaria
1252 2090 1373 2118 voca-

78 2135 146 2183 bit,
184 2136 413 2185 experietur
451 2141 490 2174 et
528 2136 635 2174 illum
673 2136 858 2185 quisquis
891 2135 964 2174 erit
994 2139 1196 2184 tamquam
1235 2146 1375 2174 canem

82 2201 215 2230 acrem
237 2191 394 2232 obiecto
416 2193 505 2231 cibo
527 2192 648 2231 leniet
666 2202 741 2230 nec
761 2190 1031 2240 indignabitur
1045 2191 1202 2245 aliquid
1233 2192 1375 2241 inpen—

80 2247 198 2296 dere,
235 2252 280 2287 ut
306 2248 425 2286 limen
447 2253 644 2295 transeat,
674 2248 855 2296 cogitans
877 2251 917 2286 et
934 2247 974 2286 in
993 2248 1184 2297 pontibus
1207 2247 1376 2298 quibus-

81 2303 172 2342 dam
195 2314 270 2352 pro
295 2305 464 2343 transitu
486 2305 585 2343 dari.
634 2305 770 2352 itaque
799 2304 852 2342 illi
877 2314 1058 2353 quoque,
1081 2304 1267 2354 quisquis
1288 2305 1373 2350 erit,

81 2360 151 2408 qui
178 2359 256 2399 hoc
285 2361 565 2399 salutationum
598 2361 799 2409 publicum
836 2365 1041 2409 exerceat,
1073 2361 1250 2400 donabit.
1300 2361 1375 2398 scit
