1592 2580
312 200 388 243 182
414 201 456 238 L.
473 199 660 238 ANNAEI
677 199 902 238 SENECAE
928 200 1107 240 NATUR.
1127 201 1334 248 QUAEST.
1358 202 1449 240 LlB.
1466 203 1493 239 Ι.
1511 209 1565 243 17.

307 310 384 348 que
411 309 528 337 casus
557 297 738 337 ostendit.
776 297 920 336 deinde
946 308 1032 336 cum
1050 298 1219 336 blandus
1248 298 1309 337 sui
1335 300 1565 338 mortalibus

305 364 415 392 amor
434 354 588 392 dulcem
613 353 845 400 adspectum
866 353 1016 390 formae
1034 363 1130 391 suae
1150 354 1314 399 faceret,
1338 354 1498 402 saepius
1520 365 1568 392 ea

303 418 538 456 respexere,
567 407 603 445 in
626 408 769 456 quibus
801 407 910 455 prius
939 406 1092 455 effigies
1111 418 1202 445 suas
1223 408 1412 446 viderant.
1456 408 1565 447 Post-

305 474 423 511 quam
450 462 620 500 deterior
648 463 819 510 populus
847 462 956 510 ipsas
977 461 1095 500 subiit
1114 467 1235 500 terras
1256 462 1478 501 effossurus
1496 464 1565 501 ob-

303 517 476 564 ruenda,
498 518 642 554 ferrum
661 517 826 564 primum
846 516 885 553 in
905 526 982 554 usu
1002 515 1071 554 ruit
1087 521 1142 564 (et
1162 516 1200 554 id
1220 517 1366 564 inpune
1386 517 1565 555 homines

305 577 498 618 eruerant,
518 571 551 610 si
571 572 698 610 solum
713 571 925 615 eruissent)
940 575 1031 608 tunc
1051 571 1206 609 demum
1223 571 1298 609 alia
1312 575 1438 610 terrae
1453 573 1566 619 mala,

305 636 472 674 quorum
499 626 661 664 laevitas
692 625 799 664 aliud
830 625 1035 673 agentibus
1066 626 1240 673 speciem
1274 635 1384 663 suam
1419 626 1566 672 obtulit,

307 691 422 728 quam
448 679 510 718 hic
530 681 568 718 in
589 681 754 729 poculo,
774 680 838 717 ille
858 679 898 717 in
917 689 1009 717 aere
1028 679 1078 717 ad
1097 679 1196 718 alios
1221 690 1319 718 usus
1341 686 1566 729 comparato

304 735 412 773 vidit.
446 739 484 772 et
502 746 595 773 mox
614 734 773 784 proprie
792 733 883 773 huic
902 734 1115 772 miniSterio
1138 739 1396 782 praeparatus
1417 740 1477 773 est
1501 746 1562 773 or-

304 790 386 835 bis,
422 790 598 827 nondum
632 789 806 837 argentei
838 788 974 827 nitoris
1010 789 1158 835 frag-ilis
1188 789 1355 836 vilisque
1388 790 1562 828 materia.

266 857 284 891 7
305 845 412 882 Tunc
435 854 614 892 quoque,
636 854 722 882 cum
743 843 890 891 antiqui
911 843 962 880 illi
979 843 1050 880 viri
1071 843 1270 881 incondite
1290 843 1484 890 viverent,
1504 855 1565 882 sa-

309 899 357 937 tis
378 897 507 945 nitidi,
533 898 568 936 si
597 900 822 946 squalorem
851 907 972 945 opere
991 898 1196 936 collectum
1217 898 1386 936 adverso
1406 898 1567 936 flumine

305 953 500 1000 eluerent,
529 964 624 991 cura
643 962 799 991 comere
817 952 1000 1000 capillum
1021 952 1091 990 suit
1111 962 1156 989 ac
1178 953 1460 999 prominentem
1480 953 1566 991 bar-

305 1008 395 1045 bam
414 1009 643 1056 depectere:
672 1012 710 1045 et
729 1008 766 1044 in
785 1006 859 1044 hac
879 1016 923 1044 re
943 1006 1111 1054 quisque
1131 1006 1226 1054 sibi,
1255 1007 1364 1045 alteri
1382 1006 1421 1045 in
1440 1008 1566 1045 vicem

306 1072 467 1109 operam
494 1062 624 1100 dabat.
671 1062 746 1111 [ne]
775 1061 985 1108 coniugum
1013 1061 1168 1108 quidem
1198 1072 1315 1099 manu
1344 1061 1461 1099 crinis
1491 1062 1566 1107 ille,

307 1127 423 1163 quem
442 1117 649 1163 effundere*
665 1116 756 1154 olim
775 1126 860 1154 mos
880 1115 975 1152 viris
996 1115 1084 1161 fuit,
1105 1116 1412 1163 adtrectabatur,
1433 1117 1504 1154 sed
1525 1117 1566 1153 il-

306 1172 383 1208 lum
403 1170 478 1208 sibi
497 1172 574 1219 ipsi
592 1171 775 1209 sineaullo
793 1170 941 1208 artifice
960 1169 1123 1207 formosi
1143 1170 1379 1217 quatiebant,
1402 1181 1479 1208 non
1500 1170 1566 1208 ali-

264 1236 285 1270 8
306 1229 362 1262 ter
389 1235 505 1273 quam
532 1225 662 1264 iubam
690 1234 884 1273 generpsa
916 1223 1109 1261 animalia.
1157 1223 1301 1262 Postea
1334 1224 1409 1262 iam
1437 1235 1567 1262 rerum

306 1280 479 1327 potiente
506 1279 661 1318 luxuria
688 1279 851 1326 specula
878 1278 968 1316 totis
996 1279 1106 1325 paria
1133 1278 1368 1325 corporibus
1390 1289 1485 1316 auro
1506 1290 1566 1316 ar-

304 1340 503 1382 gentoque
518 1335 669 1372 caelata
695 1337 795 1380 sunt,
816 1332 978 1380 gemmis
999 1332 1144 1371 deinde
1163 1333 1352 1371 adornata
1377 1339 1415 1371 et
1443 1334 1565 1380 pluris

304 1399 424 1426 unum
446 1398 494 1426 ex
517 1388 577 1426 his
599 1387 765 1426 feminae
789 1387 978 1432 constitit,
1001 1397 1119 1434 quam
1139 1387 1383 1435 antiquarum
1405 1388 1479 1425 dos
1501 1388 1568 1425 suit

306 1446 414 1489 [non]
436 1443 519 1490 illa,
550 1453 651 1491 quae
679 1441 834 1490 publice
861 1441 1025 1479 dabatur
1046 1441 1325 1489 imperatorum
1347 1451 1565 1489 pauperum

304 1497 448 1535 liberis.
484 1499 545 1534 An
573 1502 615 1535 tu
633 1496 833 1535 existimas
854 1506 950 1534 auro
970 1496 1130 1534 inditum
1161 1495 1349 1534 habuisse
1369 1495 1567 1543 Scipionis

266 1558 287 1591 9
308 1551 408 1589 filias
430 1553 653 1599 speculum,
683 1561 772 1589 cum
798 1551 872 1588 illis
894 1551 968 1588 dos
988 1551 1128 1589 fuisset
1146 1560 1214 1588 aes
1234 1554 1381 1597 grave?
1424 1549 1453 1588 Ο
1475 1551 1566 1587 felix

306 1612 539 1654 paupertas,
561 1616 664 1654 quae
679 1610 784 1644 tanto
798 1605 908 1643 titulo
923 1606 1052 1643 locum
1072 1604 1180 1642 fecit!
1208 1604 1292 1643 Non
1313 1603 1473 1643 fecisset
1491 1604 1566 1643 illis

307 1665 468 1700 senatus
497 1661 648 1707 dotem,
678 1661 712 1699 si
734 1660 976 1698 habuissent.
1018 1663 1058 1697 at
1078 1659 1260 1707 quisquis
1279 1659 1343 1696 ille
1371 1664 1472 1705 erat,
1503 1659 1567 1696 cui

306 1716 435 1754 soceri
465 1716 551 1754 loco
575 1720 736 1753 senatus
768 1714 857 1759 fuit,
891 1713 1080 1751 intellexit
1107 1713 1314 1761 accepisse
1343 1723 1388 1751 se
1421 1714 1564 1759 dotem,

307 1780 424 1818 quam
452 1770 511 1807 fas
533 1780 610 1808 non
632 1774 739 1807 essct
757 1768 943 1806 reddere:
977 1768 1053 1806 iam
1073 1767 1340 1806 libertinorum
1361 1768 1564 1815 virguncu-

306 1826 353 1863 lis
382 1824 420 1861 in
449 1834 570 1862 unum
597 1824 801 1871 speculum
829 1833 908 1860 non
936 1822 1081 1861 sufficit
1105 1822 1170 1860 illa
1190 1822 1283 1867 dos,
1314 1832 1430 1869 quam
1460 1821 1566 1859 dedit

255 1891 302 1924 210
312 1884 469 1917 senatus
494 1889 565 1926 pro
580 1878 766 1926 Scipione.
797 1877 991 1924 processit
1009 1876 1112 1914 enim
1132 1876 1314 1924 paulatim
1332 1875 1370 1913 in
1392 1876 1564 1913 deterius

310 1933 455 1981 opibus
483 1932 582 1981 ipsis
608 1931 770 1970 invitata
788 1931 940 1970 luxuria
959 1936 996 1969 et
1015 1930 1294 1968 incrementum
1314 1930 1451 1977 ingens
1474 1930 1565 1968 vitia

308 1992 514 2035 ceperunt,
548 1987 729 2034 adeoque
761 1985 893 2023 omnia
924 1986 1136 2023 indiscreta
1165 1990 1256 2023 sunt
1284 1983 1564 2022 diversissimis

307 2042 467 2088 artibus,
483 2047 525 2079 ut
539 2041 725 2089 quicquid
743 2040 910 2078 mundus
929 2038 1127 2078 muliebris
1144 2039 1366 2085 vocabatur,
1385 2038 1564 2076 sarcinae

307 2095 439 2134 viriles
468 2095 562 2134 sint:
596 2095 724 2134 minus
744 2094 852 2139 dico,
882 2094 997 2131 etiam
1017 2093 1213 2131 militares.
1252 2092 1331 2130 Iam
1360 2093 1563 2140 speculum

307 2155 466 2188 ornatus
483 2154 628 2188 tantum
650 2159 770 2189 causa
788 2148 1021 2186 adhibetur?
1047 2147 1141 2187 nulli
1159 2157 1239 2186 non
1260 2146 1355 2185 vitio
1377 2156 1561 2186 necessa-

305 2206 402 2243 rium
423 2205 565 2243 factum
586 2209 656 2243 est.
