1592 2580
278 191 357 234 166
650 195 692 231 L.
721 194 909 233 ANNAEI
936 196 1162 236 SENECAE

278 295 330 332 ait
357 298 493 341 pocta,
525 297 596 340 [ut]
614 304 663 332 an
683 294 894 332 dissimiles
915 295 1068 334 colores
1091 296 1186 342 sint,
1218 297 1318 335 scire
1338 307 1415 335 non
1437 307 1528 346 pos-

278 348 353 393 sis,
377 347 454 386 nisi
468 357 556 386 cum
572 347 707 396 primis
723 350 1135 389 extremacontulefis.
1166 361 1254 389 nam
1273 352 1530 390 commissura

277 402 440 450 decipit:
470 413 599 450 usque
619 413 667 441 eo
681 404 779 441 mira
795 408 877 442 arte
892 406 1054 451 naturae
1070 404 1177 453 quod
1193 416 1216 444 a
1231 406 1423 444 simillimo
1441 407 1533 444 coe-'

277 458 351 504 pit,
382 457 420 494 in
450 456 710 495 dissimillimo
739 458 893 496 desinit.
931 459 1027 508 quid
1055 469 1149 507 ergo
1170 459 1258 499 istic
1278 461 1354 499 duo
1376 459 1532 499 colores

277 512 424 549 faciunt
449 511 548 549 lucis
578 516 697 560 atque
727 513 911 560 umbrae,
949 523 1038 552 cum
1069 512 1406 553 innumerabilium
1431 512 1541 554 ratio'

239 566 479 609 5reddenda
505 567 581 604 siti³
627 566 792 613 Quidam
818 567 871 606 ita
897 568 1120 607 existimant
1140 579 1272 608 arcum
1293 569 1396 608 fieri:
1427 570 1463 607 in
1485 580 1533 608 ea

278 625 406 668 parte,
432 620 471 658 in
492 627 570 668 qua
589 620 664 659 iam
685 621 800 669 pluit,
832 622 987 670 singula
1006 622 1201 661 stillicidia
1220 623 1374 672 pluviae
1390 623 1531 662 caden-

276 676 326 713 tis
354 675 508 722 singula
530 683 622 713 csse
641 677 823 724 specula,
853 679 876 715 a
896 676 1059 725 singulis
1081 688 1174 726 ergo
1194 678 1308 716 reddi
1327 679 1532 726 imaginem

277 730 387 769 solis.
432 730 574 767 deinde
606 732 746 780 multas
775 731 986 779 imagines,
1021 732 1137 771 immo
1166 733 1475 771 innumerabiles·
1496 738 1534 771 et

277 785 453 823 devexas
474 789 512 823 et
531 785 568 823 in
590 795 783 834 praeceps
804 791 941 824 euntes
962 787 1163 836 confundi.
1192 788 1323 835 itaque
1344 792 1382 826 et
1400 798 1533 831 arcum

240 843 261 878 6
277 849 369 877 esse
388 839 594 877 multarum
614 840 825 887 imaginum
845 840 941 879 solis
963 841 1231 880 confusiones.
1247 839 1263 843 ”
1278 842 1364 881 Hoc
1380 842 1437 880 sic
1454 842 1532 880 col-

276 894 417 941 ligunt:
448 895 603 941 pelves,
633 894 833 942 inquiunt,
863 896 966 933 mille
987 896 1050 934 die
1066 893 1206 934 sereno
1224 906 1328 944 pone
1344 902 1382 939 et
1397 906 1533 940 omnes

276 947 477 986 habebunt
502 950 692 996 imagines
721 950 831 988 solis.
873 950 912 987 in
939 950 1104 998 singulis
1131 951 1235 989 foliis
1262 951 1431 1000 dispone
1454 951 1533 989 sin-

276 1004 388 1050 gulas
415 1007 563 1050 guttas:
593 1003 771 1051 singulae
790 1004 990 1043 habebunt
1008 1005 1215 1053 imaginem
1237 1007 1346 1044 solis.
1383 1011 1422 1044 at
1441 1016 1532 1044 con-

275 1062 336 1095 tra
361 1057 499 1104 ingens
527 1062 707 1106 stagnum
727 1069 806 1096 non
825 1059 993 1107 amplius
1012 1059 1171 1098 habebit
1190 1071 1305 1109 quam
1326 1060 1534 1110 imaginem

276 1122 406 1150 unam.
446 1117 596 1159 quare?
633 1113 726 1160 quia
751 1114 879 1152 omnis
898 1114 1195 1163 circumscripta
1220 1115 1382 1153 laevitas
1405 1119 1442 1154 et
1462 1115 1534 1153 cir-

277 1166 460 1204 cumdata
485 1167 568 1204 suis
594 1166 739 1205 finibus
767 1169 972 1215 speculum
1001 1174 1073 1207 est.
1113 1170 1245 1217 itaque
1269 1169 1459 1217 piscinam
1477 1170 1534 1207 in-

276 1218 403 1268 gentis
433 1220 712 1268 magnitudinis
740 1221 892 1259 dlvide:
929 1223 1090 1260 totidem
1117 1224 1182 1261 illa
1208 1223 1326 1261 habet
1343 1223 1533 1270 imagines

277 1275 392 1323 solis,
414 1280 511 1322 quot
525 1277 635 1314 lacus
645 1275 842 1323 habuerit.
871 1276 1049 1324 relinque
1064 1277 1168 1315 illam
1184 1277 1284 1326 sicut
1300 1280 1361 1315 est
1371 1277 1533 1316 diffusa:

277 1329 399 1367 semel
425 1330 494 1367 tibi
518 1329 726 1377 imaginem
753 1330 903 1368 reddet.
948 1331 1049 1368 Nihil
1076 1333 1195 1370 refert
1222 1341 1339 1379 quam
1367 1332 1534 1381 exiguus

277 1385 328 1422 sit
356 1384 497 1422 humor
522 1388 589 1422 aut
615 1386 738 1422 lacus.
776 1384 810 1422 si
829 1385 1108 1423 determinatus
1130 1392 1207 1433 est,
1240 1387 1443 1433 speculum
1462 1392 1534 1425 est.

277 1448 372 1485 ergo
394 1438 589 1477 stillicidia
609 1439 675 1476 illa
693 1438 862 1486 infinita,
885 1449 987 1487 quae
1006 1440 1129 1477 imber
1146 1437 1292 1478 cadens
1312 1440 1455 1488 defert,
1476 1446 1534 1479 to-

277 1493 396 1531 tidem
416 1494 580 1540 specula
599 1499 707 1539 sunt,
739 1494 899 1532 totidem
915 1494 1018 1532 solis·
1028 1494 1150 1532 facies
1165 1494 1323 1532 habent.
1351 1494 1426 1533 hae
1442 1506 1534 1534 con-

278 1554 337 1586 tra
366 1547 528 1585 intuenti
555 1548 804 1595 perturbatae
831 1549 1023 1596 adparent
1048 1559 1121 1586 nec
1143 1549 1401 1597 dispiciuntur
1420 1550 1534 1588 inter-

278 1603 398 1646 valla,
422 1601 565 1650 quibus
581 1603 757 1650 singulae
773 1603 935 1650 distant,
961 1603 1088 1651 spatio
1106 1603 1336 1651 prohibente
1352 1604 1534 1642 discerni.

278 1656 430 1694 Deinde
458 1667 529 1704 pro
557 1657 722 1707 singulis
750 1658 915 1705 adparet
934 1669 1012 1695 una
1032 1657 1152 1696 facies
1173 1658 1326 1696 turbata
1343 1668 1394 1696 ex
1414 1659 1535 1696 omni-

241 1711 363 1751 7bus.
417 1711 651 1749 Aristoteles
681 1711 784 1749 idem
813 1712 977 1750 iudicat:
1014 1713 1091 1759 „ab
1121 1712 1243 1759 omni,
1280 1713 1423 1760 inquit,
1456 1713 1535 1750 lae-

278 1764 399 1803 vitate
418 1765 524 1803 acies
545 1766 680 1804 radles
697 1777 792 1804 suos
804 1766 984 1814 replicat.
1013 1766 1108 1804 nihil
1123 1771 1250 1810 autem
1265 1767 1416 1805 laevius
1431 1777 1536 1814 aqua

279 1824 317 1857 et
346 1821 450 1857 aere.
492 1828 586 1866 ergo
613 1822 728 1858 etiam
756 1821 804 1858 ab
834 1823 926 1859 aere
953 1821 1088 1868 spisso
1110 1821 1222 1859 visus
1247 1826 1382 1860 noster
1401 1821 1439 1859 in
1459 1831 1534 1859 nos

278 1874 391 1912 redit.
442 1874 512 1911 Ubi
534 1885 627 1912 vero
650 1875 756 1912 acies
777 1875 898 1913 hebes
916 1881 953 1914 et
972 1876 1124 1913 infirma
1143 1881 1223 1922 est,
1245 1876 1418 1923 quolibet
1433 1875 1535 1913 aeris

279 1929 359 1966 ictu
379 1928 546 1966 deficiet.
585 1929 741 1976 quidam
766 1929 842 1967 hoc
861 1940 1005 1977 genere
1027 1930 1248 1972 valitudinis
1267 1930 1464 1975 laborant,
1494 1934 1536 1968 ut

278 1982 356 2031 ipsi
385 1983 460 2020 sibi
479 1983 684 2021 videantur
711 1993 938 2031 occurrere,
969 1989 1011 2023 ut
1031 1985 1178 2033 ubique
1198 1984 1402 2032 imaginem
1423 1994 1534 2022 suam

281 2042 453 2075 cernant.
493 2042 642 2086 quare?
683 2038 774 2086 quia
801 2037 953 2076 infirma
978 2040 1038 2077 vis
1061 2040 1268 2077 oculorum
1297 2048 1375 2075 non
1405 2042 1536 2085 potest

282 2102 537 2140 perrumpere
557 2103 607 2130 ne
627 2092 699 2130 sibi
719 2092 877 2140 quidem
899 2094 1116 2140 proximum
1132 2094 1241 2139 aera,
1262 2093 1334 2130 sed
1349 2093 1535 2131 resistit.“

243 2152 266 2185 8
280 2147 417 2194 Itaque
439 2147 545 2194 quod
565 2147 603 2184 in
625 2147 710 2185 aliis
730 2147 850 2185 eflicit
868 2148 1017 2199 densus
1039 2158 1124 2194 aer,
1153 2146 1192 2186 in
1212 2147 1273 2185 his
1291 2147 1380 2186 facit
1394 2147 1533 2185 omnis.

282 2202 377 2239 satis
405 2201 507 2239 enim
535 2202 638 2240 valet
665 2202 962 2249 qualiscumque
988 2202 1039 2250 ad
1065 2201 1285 2240 inbecillam
1318 2202 1441 2239 aciem
1472 2211 1533 2239 re-

283 2256 518 2302 pellendam.
560 2256 677 2304 longe
704 2261 831 2294 autem
857 2257 983 2304 magis
1009 2257 1137 2294 visum
1170 2261 1346 2297 nostrum
1379 2255 1535 2293 remittit

282 2319 403 2358 aqua,
425 2311 516 2358 quia
535 2311 708 2349 crassior
725 2315 786 2349 est
803 2314 840 2348 et
853 2310 1029 2358 pervinci
1045 2321 1122 2349 non
1142 2315 1290 2359 potest,
1313 2310 1385 2349 sed
1400 2308 1533 2349 radios
