1592 2580
316 146 369 188 46
674 146 716 184 L.
744 146 932 185 ANNAEI
958 145 1182 185 SENECAE

316 247 517 295 dicebam,
539 246 849 286 iucundissimae
869 246 1035 284 fructum
1054 257 1133 284 non
1157 244 1337 295 percipit.
1374 246 1428 285 At
1447 257 1564 295 quem

315 303 422 341 iuvat
454 302 679 350 accepisse,
710 302 865 349 aequali
900 305 1167 349 perpetuaque
1201 301 1400 349 voluptate
1429 301 1564 340 {ruitur

315 362 353 395 et
372 356 539 394 animum
562 357 666 403 eius,
695 366 718 393 a
739 366 817 404 quo
840 356 1011 403 accepit,
1034 365 1111 393 non
1131 365 1212 393 rem
1231 356 1387 394 intuens
1407 356 1564 403 gaudet.

315 416 465 459 gratum
490 411 684 449 hominem
712 420 870 457 semper
895 409 1128 448 beneficium
1156 409 1340 456 delectat,
1370 409 1564 458 ingratum

273 475 296 509 4
315 467 449 504 semel.
490 465 703 513 Conparari
721 470 851 503 autem
870 468 1001 512 potest
1016 464 1220 511 utriusque
1240 464 1339 502 vita:
1359 474 1448 503 cum
1468 466 1564 503 alter

313 520 435 559 tristis
471 520 520 558 sit
552 524 590 558 et
617 519 831 566 sollicituS,
861 518 987 567 qualis
1018 529 1108 557 esse
1135 518 1319 557 infitiator
1337 529 1384 557 ac
1404 519 1562 557 fraudu-

315 575 441 613 lentus
459 576 579 621 solet,
608 574 716 621 apud
739 583 855 621 quem
874 584 952 611 non
975 578 1199 622 parentum,
1230 574 1295 621 qui
1325 573 1460 621 debet,
1492 573 1561 612 ho—

313 639 386 667 nor
404 634 483 676 est,
509 640 587 667 non
608 629 850 674 educatoris,
870 638 949 666 non
969 633 1288 676 praeceptorum,
1309 628 1407 666 alter
1424 629 1561 676 laetus,

312 683 466 730 hilaris,
497 683 749 722 occasionem
767 682 996 720 referendae
1015 681 1162 730 gratiae
1189 687 1427 729 exspectans
1456 688 1563 721 etex

311 738 389 776 hoc
408 738 496 786 ipso
517 738 674 776 adfectu
693 737 878 785 gaudium
910 737 1059 784 grande
1087 736 1311 784 percipiens
1339 746 1412 774 nec
1441 747 1560 785 quae-

310 802 403 830 rens
437 792 639 840 quomodo
678 793 891 840 decoquat,
930 791 1003 829 sed
1044 791 1373 839 quemadmodum
1409 792 1561 838 plenius

310 847 552 895 uberiusque
579 846 821 894 respondeat
848 855 925 883 non
955 845 1082 884 solum
1106 845 1333 893 parentibus
1354 850 1392 884 et
1411 846 1560 892 amicis,

312 902 384 939 sed
403 901 676 939 humilioribus
697 910 856 948 quoque
876 900 1104 948 [personisj.
1134 911 1223 938 nam
1239 900 1388 938 etiamsi
1404 911 1426 938 a
1443 911 1560 939 servo

312 966 385 994 suo
406 956 641 994 beneficium
667 955 838 1003 accepit,
867 955 1045 992 aestimat
1071 965 1150 993 non
1180 965 1204 992 a
1224 966 1325 1002 quo,
1353 955 1425 992 sed
1453 955 1560 1003 quod

311 1010 521 1058 acceperit.

271 1070 290 1102 1
389 1065 526 1102 XVIII.
553 1064 794 1111 Quamquam
816 1063 1079 1111 quaeritur
1098 1074 1120 1101 a
1141 1062 1374 1111 quibusdam
1396 1062 1497 1101 sicut
1511 1062 1559 1100 ab

308 1118 530 1166 Hecatone,
571 1129 628 1156 an
665 1118 967 1156 beneficium
1003 1118 1120 1155 dare
1156 1127 1334 1155 servus
1362 1116 1558 1155 domino

308 1173 487 1220 possit.
532 1177 622 1211 sunt
641 1172 744 1210 enim
765 1172 830 1219 qui
856 1172 908 1210 ita
936 1172 1195 1219 distinguant:
1227 1172 1420 1219 quaedam
1441 1171 1558 1208 bene-

307 1226 398 1264 ficia
413 1237 524 1274 esse,
554 1226 748 1274 quaedam
777 1225 927 1273 officia,
950 1227 1142 1274 quaedam
1169 1225 1393 1264 ministeria.
1440 1225 1558 1262 bene-

307 1281 437 1319 ficium
459 1291 550 1319 esse
571 1281 679 1328 quod
698 1281 847 1318 alienus
868 1281 952 1318 det:
982 1281 1133 1318 alienus
1154 1285 1231 1326 est,
1254 1279 1318 1327 qui
1334 1280 1458 1327 potuit
1474 1280 1558 1317 sine

306 1335 617 1383 reprehensione
637 1344 808 1373 cessare.
842 1335 1014 1372 officium
1036 1345 1127 1372 esse
1148 1334 1234 1381 filii,
1254 1334 1403 1379 uxoris,
1424 1344 1558 1371 earum

306 1400 587 1437 personarum,
618 1400 718 1437 quas
755 1389 1007 1434 necessitudo
1043 1389 1207 1427 suscitat
1240 1393 1277 1425 et
1309 1389 1409 1425 serre
1442 1398 1558 1435 opem

306 1444 423 1482 iubet.
452 1444 706 1482 ministerium
725 1453 816 1481 esse
836 1444 952 1487 servi,
976 1454 1090 1491 quern
1112 1442 1291 1480 condicio
1313 1453 1386 1480 sua
1405 1452 1452 1480 eo
1468 1443 1556 1480 loco

308 1499 458 1546 posuit,
487 1503 528 1537 ut
551 1498 645 1536 nihil
672 1509 807 1536 eorum
838 1508 939 1546 quae
961 1501 1150 1545 praestat,
1179 1498 1329 1545 inputet
1349 1495 1555 1544 superiori.

264 1552 555 1594 2³¹⁵Praeterea
589 1563 785 1590 servum
819 1553 904 1600 qui
942 1557 1091 1600 negat
1129 1552 1248 1589 dare
1278 1551 1554 1599 aliquando

307 1606 497 1646 domino
518 1607 842 1651 beneficium,
871 1607 1076 1654 ignarus
1107 1611 1182 1644 est
1200 1606 1325 1644 iuris
1346 1605 1554 1644 humani.

304 1662 424 1700 refert
446 1661 567 1707 enim,
591 1661 703 1699 cuius
725 1660 843 1699 animi
863 1661 913 1699 sit
932 1661 998 1709 qui
1018 1665 1210 1710 praestat,
1240 1671 1317 1698 non
1343 1660 1454 1698 cuius
1477 1664 1554 1697 sta-

304 1722 386 1754 tus:
425 1716 519 1754 nulli
553 1717 762 1763 praeclusa
793 1716 917 1753 virtus
945 1721 1025 1762 est,
1055 1714 1234 1754 omnibus
1267 1719 1390 1763 patet,
1417 1724 1553 1753 omnes

305 1771 487 1818 admittit,
507 1780 644 1808 omnes
664 1769 818 1817 invitat,
838 1769 1051 1817 ingenuos,
1071 1770 1292 1815 libertinos,
1314 1779 1473 1814 servos,
1493 1779 1552 1806 re-

303 1835 395 1873 ges,
421 1825 572 1863 exules.
606 1834 684 1862 non
706 1823 811 1872 eligit
832 1825 988 1862 domuin
1009 1834 1082 1862 nec
1102 1834 1283 1870 censum,
1303 1824 1410 1861 nudo
1431 1823 1551 1861 homi-

303 1890 353 1917 ne
374 1883 557 1918 contenta
576 1883 648 1917 est.
695 1879 796 1926 Quid
815 1879 918 1916 enim
937 1884 1020 1917 erat
1035 1879 1105 1917 tuti
1124 1878 1317 1916 adversus
1337 1877 1550 1925 repentina,
1588 1893 1589 1896 ¹

303 1934 398 1982 quid
424 1934 578 1972 animus
605 1943 789 1981 magnum
818 1933 1058 1981 promitteret
1084 1931 1176 1979 sihi,
1207 1932 1241 1969 si
1270 1936 1413 1970 certam
1431 1931 1550 1969 virtu·
1585 1968 1587 1976 ,

259 1995 283 2030 3
300 1993 378 2026 tem
400 1988 557 2027 fortuna
574 1992 766 2026 mutaret?
805 1987 846 2026 Si
865 1998 944 2026 non
973 1988 1038 2026 dat
1062 1986 1295 2025 beneficium
1320 1996 1459 2024 servus
1480 1986 1549 2025 do·
1584 2002 1592 2019 ι

301 2042 426 2089 mino,
453 2053 526 2081 nec
545 2043 629 2090 regi
651 2042 860 2090 quisquam
886 2052 959 2081 suo
986 2052 1058 2080 nec
1078 2041 1167 2079 duci
1187 2051 1260 2078 suo
1282 2041 1407 2078 miles.
1456 2040 1550 2088 quid
1581 2013 1592 2107 i

303 2097 406 2135 enim
424 2097 598 2143 interest,
621 2097 727 2145 quali
748 2096 836 2145 quis
856 2101 1034 2135 teneatur
1052 2095 1236 2143 imperio,
1266 2094 1300 2132 si
1319 2105 1470 2133 summo
1493 2100 1547 2132 te·
1579 2094 1587 2155 4*

302 2155 442 2189 netur?
466 2162 556 2189 nam
583 2152 618 2189 si
644 2161 782 2198 servo,
811 2161 890 2199 quo
910 2150 1037 2188 minus
1057 2150 1095 2188 in
1110 2159 1252 2187 nomen
1269 2148 1394 2188 meriti
1409 2159 1547 2196 perve-
1578 2157 1581 2205 j

301 2204 402 2252 niat,
423 2206 641 2244 necessitas
662 2205 776 2244 obest
794 2210 833 2243 et
847 2204 1017 2253 patiendi
1033 2204 1164 2242 ultima
1176 2203 1309 2251 timor,
1329 2204 1432 2242 idem
1447 2203 1548 2241 istuc
1576 2227 1578 2257 3

302 2259 473 2298 obstabit
491 2264 530 2299 et
548 2260 583 2299 ei
604 2259 670 2308 qui
688 2271 755 2308 re
735 2270 821 2298 em
839 2259 956 2299 habet
974 2263 1011 2297 et
1031 2258 1066 2297 ei
1087 2258 1153 2307 qui
1174 2258 1334 2307 ducem,
1362 2258 1545 2306 quoniam
