1592 2580
278 118 357 159 184
676 120 718 156 L.
746 119 936 157 ANNAEl
964 118 1188 157 SENECAE

236 218 256 249 5
275 225 354 258 tur:
395 224 434 256 at
461 218 527 256 ubi
556 222 785 266 quaeretur,
818 218 906 265 quis
935 221 1062 256 terrae
1089 217 1187 256 situs
1215 218 1284 266 sit,
1321 229 1397 266 qua
1423 226 1532 267 parte

270 273 404 312 mundi
433 273 676 319 consederit,
696 272 908 320 >quomodo
936 272 1129 313 adversus
1149 272 1282 310 sidera
1302 274 1531 322 coelumque

270 328 400 376 posita
419 327 487 373 sit,
509 327 607 365 haec
630 326 810 374 quaestio
831 326 946 364 cedet
965 326 1236 374 superioribus
1256 332 1313 376 et,
1340 333 1382 366 ut
1402 328 1455 366 ita
1475 329 1531 366 di-

271 393 376 428 cam,
403 382 604 420 meliorem
625 381 900 419 condicionem
916 385 1116 428 sequetur.

229 437 247 468 1
346 437 392 474 11.
422 436 610 483 Quoniam
637 435 718 474 dixi
744 435 794 473 de
823 433 1022 484 partibus,
1052 434 1092 474 in
1120 445 1220 485 quas
1248 437 1375 474 omnis
1401 447 1531 474 rerum

270 496 432 530 naturae
452 490 612 528 materia
631 489 835 538 dividitur,
859 489 1098 538 quaedam
1123 490 1169 528 in
1189 499 1439 528 commune
1460 492 1483 528 d
1497 492 1531 528 i-

271 546 428 584 cenda
448 550 562 583 sunt
582 549 627 582 et
645 544 736 583 hoc
761 545 966 592 primum
994 542 1404 592 praesumendum
1423 575 1432 591 ‚
1458 546 1531 582 in-

270 606 344 639 ter
359 610 414 637 ea
434 609 668 647 corpora,
692 602 743 645 [a]
766 598 945 647 quibus
963 598 1132 637 unitas
1152 603 1246 646 est,
1267 601 1385 637 aera
1404 609 1531 637 esse.

230 653 250 686 2
271 654 372 702 Quid
393 654 443 691 sit
466 654 553 701 hoc,
576 664 699 702 quare
719 652 1040 702 praecipiendum
1059 653 1192 699 suerit,
1215 653 1339 700 scies,
1359 653 1394 692 si
1414 655 1531 701 paulo
1554 665 1556 667 ’

270 710 385 747 altius
414 708 609 756 repetiero
631 712 670 746 et
685 708 822 746 dixero
843 718 934 746 esse
954 707 1103 755 aliquid
1124 708 1346 746 continuum
1359 738 1369 755 ,
1386 709 1532 755 aliquid

270 763 537 802 commissum.
575 763 891 801 continuatio
916 767 981 800 est
1009 762 1176 810 partium
1195 761 1295 800 inter
1314 772 1358 800 se
1377 773 1455 801 non
1475 761 1531 800 in-

269 818 452 856 termissa
471 817 709 856 coniunctio.
749 817 918 855 unitas
948 817 1114 855 estsine
1134 816 1391 855 commissura
1411 816 1530 855 conti-

271 872 402 910 nuatio
414 900 424 919 ‚
446 876 484 910 et
504 874 764 919 [commissura
778 872 846 920 est]
867 871 1034 909 duorum
1053 871 1153 909 inter
1172 881 1217 909 se
1237 871 1532 910 coniunctorum

230 931 251 965 3
272 937 482 974 corporum
501 931 640 965 tactus.
674 925 872 974 Numquid
891 925 1051 963 dubium
1073 930 1151 973 est,
1181 926 1274 973 quin
1298 935 1346 963 ex
1365 925 1427 964 his
1447 936 1532 964 eor-

272 981 454 1029 poribuS‚
485 991 587 1028 quae
613 981 792 1019 videmus
811 984 1123 1028 tractamusque,
1153 990 1256 1027 quae
1276 986 1342 1019 aut
1361 981 1531 1019 sentiun-

270 1042 332 1074 tur
352 1040 418 1073 aut
440 1035 631 1082 sentiunt,
660 1035 855 1083 quaedam
875 1035 952 1073 sint
973 1039 987 1081 [
995 1036 1206 1082 conposita,
1227 1036 1416 1082 quaedam
1434 1038 1531 1080 mm]

272 1090 509 1137 conposita?
554 1090 620 1127 iila
652 1094 833 1128 constant
865 1093 932 1127 aut
963 1099 1068 1126 nexu
1099 1094 1165 1127 aut
1192 1090 1460 1137 acervatione,
1494 1093 1535 1128 ut

272 1149 367 1192 puta
386 1144 511 1191 funis,
529 1144 784 1190 frumentum,
805 1143 963 1190 [navis]
985 1154 1125 1181 rursus
1146 1154 1224 1182 non
1246 1144 1472 1192 conposita,
1491 1149 1535 1182 ut

274 1199 409 1246 arbor,
444 1198 560 1245 lapis.
603 1198 709 1245 Ergo
739 1198 938 1235 concedas
966 1201 1139 1246 oportet,
1172 1208 1223 1235 ex
1256 1197 1318 1236 his
1360 1208 1532 1246 quoque,

274 1263 376 1301 quae
404 1262 567 1291 sensum
595 1253 751 1301 quidem
787 1251 996 1300 effugiunt,
1031 1257 1200 1290 ceterum
1234 1252 1386 1290 ratione
1417 1263 1532 1301 pren—

231 1308 253 1341 4
274 1308 436 1355 duntur,
457 1317 548 1344 esse
564 1307 602 1344 in
619 1306 855 1354 quibusdam
868 1307 1054 1345 unitatem
1069 1316 1292 1354 corporum.
1315 1307 1416 1345 Vide
1436 1318 1534 1355 quo-

273 1362 393 1400 modo
422 1361 583 1399 auribus
616 1362 695 1399 tuis
730 1371 910 1408 parcam:
947 1360 1138 1408 expedire
1174 1371 1236 1399 me
1268 1366 1465 1409 poteram,
1498 1362 1533 1400 si

272 1416 598 1465 philosophorum
624 1416 758 1462 lingua
783 1415 837 1453 uti
869 1415 1098 1463 voluissem,
1133 1420 1175 1453 ut
1201 1416 1371 1454 dicerem
1397 1415 1536 1454 unita

274 1481 392 1519 corp
405 1481 502 1509 ora.
524 1470 600 1509 hoc
620 1480 706 1508 cum
727 1469 796 1507 tibi
814 1470 1022 1516 remittam,
1043 1474 1085 1508 tu
1105 1470 1270 1508 invicem
1293 1469 1413 1517 [mihi]
1432 1470 1542 1508 refer·

272 1526 447 1572 gratiam.
487 1524 613 1571 Quare
632 1524 764 1562 istud?
779 1523 825 1562 -si
845 1525 1004 1572 quando
1025 1524 1162 1563 dixero
1182 1535 1320 1571 unum,
1349 1524 1534 1563 memine-

272 1581 326 1618 ris
347 1590 409 1617 me
426 1590 506 1619 non
530 1580 581 1617 ad
603 1589 805 1617 numerum
823 1579 990 1626 referre,
1019 1579 1093 1617 sed
1116 1579 1167 1616 ad
1195 1583 1372 1617 naturam
1392 1589 1532 1627 corpo—

272 1635 328 1672 ris
343 1635 450 1672 nulla
469 1634 545 1682 ope
565 1639 746 1680 externa,
768 1634 841 1672 sed
855 1634 1001 1672 unitate
1017 1643 1091 1672 sua
1104 1633 1362 1672 cohaerentis.
1381 1633 1440 1672 Ex
1459 1633 1533 1672 hac

272 1695 367 1728 nota
385 1699 594 1736 corporum
615 1698 682 1725 aer
701 1692 772 1726 est.
812 1719 814 1722 ,
830 1706 831 1709 =

235 1752 252 1783 1
350 1743 415 1781 ΙΙΙ.
446 1742 582 1780 Omnia
611 1753 714 1790 quae
740 1743 780 1780 in
806 1743 981 1781 notitiam
1009 1747 1182 1781 nostram
1212 1743 1356 1781 cadunt
1383 1746 1450 1783 aut
1469 1752 1531 1780 ca-

274 1799 369 1836 dere
390 1803 576 1846 possunt,
597 1796 767 1835 mundus
789 1797 1059 1845 conplectitur.
1089 1807 1139 1835 ex
1157 1797 1218 1836 his
1235 1797 1429 1845 quaedam
1447 1797 1532 1834 eius

275 1860 407 1900 partes
441 1857 556 1899 sunt,
587 1851 782 1899 quaedam
808 1851 995 1890 materiae
1021 1852 1111 1890 loco
1137 1851 1284 1890 relicta.
1336 1851 1533 1888 desiderat

273 1908 374 1945 enirn
394 1906 521 1945 omnis
537 1910 674 1944 natura
692 1906 906 1952 materiam,
928 1906 1029 1944 sicut
1051 1916 1116 1944 ars
1133 1906 1278 1953 omnis,
1301 1915 1402 1953 quae
1417 1915 1533 1942 manu

233 1967 254 1999 ‘2
275 1966 439 2000 constat.
483 1960 586 2008 Quid
612 1960 662 1998 sit
687 1960 782 2006 hoc,
815 1961 987 2008 apertius
1017 1961 1169 1998 faciam.
1209 1960 1304 1998 Pars
1330 1964 1391 1997 est
1409 1959 1533 1997 nostri

274 2017 434 2062 oculus,
453 2026 611 2062 manus,
632 2025 745 2062 ossa,
766 2015 897 2052 nervi=
927 2015 1088 2052 materia
1104 2024 1247 2053 succus
1267 2013 1436 2052 recentis
1457 2014 1532 2051 cibi

273 2070 397 2108 iturus
416 2070 455 2107 in
468 2075 619 2118 partes.
653 2079 793 2108 rursus
810 2069 924 2116 quasi
945 2079 1038 2117 pars
1058 2074 1120 2108 est
1141 2069 1300 2116 sanguis
1319 2067 1464 2106 nostri:
1496 2076 1534 2105 et

274 2130 404 2163 tamen
427 2128 488 2162 est
510 2123 684 2162 materia.
722 2127 932 2172 praeparat
951 2123 1053 2160 enim
1073 2127 1111 2161 et
1129 2123 1206 2161 alia
1220 2126 1262 2161 et
1281 2121 1533 2160 nihilominus

275 2189 410 2217 eorum
430 2183 508 2225 est,
532 2178 674 2226 quibus
694 2183 829 2216 totum
835 2187 980 2225 corpus
1001 2177 1179 2215 efficitur.

240 2239 256 2271 1
356 2234 422 2271 lV.
457 2232 522 2271 Sic
549 2233 683 2271 mundi
713 2242 807 2281 pars
834 2236 895 2271 est
922 2242 988 2270 aer
1024 2233 1086 2282 [et]
1116 2230 1274 2279 quidem
1293 2231 1531 2270 necessaria.
