1624 2626
994 78 1007 95 Ι

140 173 212 213 AD
224 169 459 211 HELVIAM
466 168 685 210 MATREM
694 169 762 210 DE
772 167 1166 209 GONSOLATIONE.
1182 175 1216 210 5.
1232 173 1266 210 6.
1295 167 1375 210 241

96 276 244 315 victum
277 271 452 313 animum
483 277 592 312 tenet
618 273 854 322 exploratae
877 271 956 310 iam
975 268 1184 327 firmitatis.
1224 271 1375 311 namin

97 331 189 381 ipsa
213 330 399 369 felicitate
419 328 516 378 quid
537 333 678 368 contra
696 327 964 367 infelicitatem
981 328 1152 374 valeret,
1181 331 1373 376 expertus

97 392 171 426 est.
212 387 353 435 ltaque
379 395 455 434 ego
484 385 524 423 in
551 383 650 432 illis,
679 394 784 434 quae
804 393 943 423 omnes
964 386 1120 430 optant,
1150 383 1374 422 existimavi
1396 388 1419 423 6

97 452 258 492 semper
275 440 372 480 nihil
391 440 477 480 veri
495 440 593 479 boni
614 440 762 479 inesse.
800 444 883 478 tum
901 436 1034 476 inania
1053 442 1093 476 et
1112 439 1304 486 specioso
1325 450 1375 478 ac

96 499 318 547 decepture
351 497 444 536 fuco
478 496 698 535 circumlita
730 494 883 540 inveni,
920 492 1023 531 intra
1055 492 1153 531 nihil
1186 493 1375 535 habentia

95 554 214 593 fronti
234 563 332 592 suae
352 552 498 591 simile:
531 562 637 590 nunc
661 552 699 589 in
719 550 800 595 his,
825 558 929 598 quae
948 549 1053 587 mala
1073 555 1286 598 vocantur,
1314 552 1372 589 ni-

93 609 148 648 hil
168 615 247 649 tam
265 608 441 648 terribile
461 618 509 646 ac
530 607 674 647 durum
694 604 850 645 invenio
873 615 991 653 quam
1014 605 1151 653 opinio
1172 606 1280 655 volgi
1301 608 1371 645 mi-

94 665 275 706 nabatur.
316 664 483 703 verbum
507 663 666 712 quidem
694 660 827 709 ipsum
853 661 1119 709 persuasione
1139 662 1315 710 quadam
1334 668 1374 703 et

94 731 299 760 consensu
325 719 402 759 iam
432 719 616 768 asperius
635 717 686 755 ad
708 725 827 754 aures
851 716 962 755 venit
982 721 1021 756 et
1043 716 1253 756 audientes
1272 722 1371 757 tam-

95 787 215 826 quam
241 776 354 815 triste
381 780 420 814 et
445 771 694 814 exsecrabile
714 771 823 810 ferit:
845 771 900 811 ita
918 772 1022 811 enim
1043 774 1220 822 populus
1241 774 1371 815 iussit.

94 833 170 872 sed
190 831 332 881 populi
353 831 454 870 scita
473 841 523 869 ex
541 838 684 876 magna
704 832 818 876 parte
838 828 1041 876 sapientes
1062 829 1269 878 abrogant.

174 888 242 926 VI.
270 888 439 927 Remoto
457 895 552 934 ergo
571 883 719 922 iudicio
742 883 934 932 plurium,
964 895 1069 933 quos
1089 884 1217 934 prima
1237 895 1372 925 rerum
1390 888 1410 921 l

93 943 266 994 species,
286 948 500 991 utcumque
521 939 670 978 credita
690 943 763 987 est,
785 940 925 987 aufert,
944 940 990 978 vi
1003 941 1026 979 d
1039 951 1229 989 eamus,
1251 942 1373 990 quid

3 1026 42 1058 Ι.
94 995 1058 1043 sitexilium=nempelociconmutatio.
1089 1002 1373 1046 neangustare

94 1056 234 1094 videar
261 1054 342 1094 vim
361 1054 445 1092 eius
465 1055 504 1089 et
524 1049 716 1099 quicquid
735 1051 958 1099 pessimum
978 1051 1017 1089 in
1041 1061 1086 1091 se
1106 1051 1246 1101 habet,
1275 1053 1371 1092 sub-

92 1111 267 1150 trahere:
288 1110 414 1148 hanc
430 1105 862 1145 conmutationem
879 1107 892 1144 l
907 1106 985 1145 oci
1001 1112 1288 1156 sequuntur
1303 1109 1371 1147 in-

93 1166 367 1206 commoda:
390 1165 689 1211 paupertaS,
705 1161 1010 1212 ignominia,
1032 1168 1368 1213 contemptus.

94 1222 357 1261 Adversus
385 1218 481 1256 ista
500 1222 687 1266 postea
707 1218 1007 1268 confligam:
1039 1219 1245 1258 interim
1266 1221 1368 1269 pri-

91 1289 214 1317 murn
246 1275 372 1316 illud
404 1274 589 1312 intueri
619 1274 760 1321 volo,
797 1274 921 1324 quid
953 1274 1128 1327 acerbi
1165 1275 1370 1316 adferat

91 1329 664 1384 ipsalociconmutatio.
1166 1379 1171 1383 ι

172 1420 195 1437 ,,
207 1389 346 1427 Carere
381 1385 509 1434 patria
542 1385 792 1424 intolerabile
826 1389 899 1424 est.
911 1388 936 1407 ‘⁴
978 1385 1162 1436 Adspice
1194 1388 1368 1436 agedum
1383 1392 1405 1425 2

91 1446 194 1484 hanc
213 1441 482 1490 frequentiam,
505 1440 570 1479 cui
584 1442 654 1480 vix
668 1441 781 1480 urbis
800 1441 1007 1481 inmensae
1022 1447 1127 1481 tecta
1142 1443 1368 1483 sufficiunt:

91 1500 260 1539 maxima
289 1508 381 1546 pars
400 1496 518 1535 istius
536 1496 675 1536 turbae
695 1498 824 1546 patria
845 1502 965 1536 caret.
1011 1508 1063 1536 ex
1082 1499 1309 1547 municipiis
1330 1505 1370 1539 et

92 1555 257 1594 coloniis
293 1553 398 1600 suis,
432 1562 484 1590 ex
511 1557 596 1592 toto
621 1553 795 1603 denique
822 1553 920 1592 orbe
945 1558 1138 1593 terrarum
1160 1547 1368 1594 conssu‘xe-

91 1616 192 1650 runt.
234 1609 346 1647 Alios
375 1607 543 1655 adduxit
561 1609 744 1656 ambitio,
780 1609 882 1649 alios
902 1611 1127 1649 necessitas
1149 1610 1271 1649 officii
1293 1622 1367 1660 pu-

90 1666 201 1712 blici,
228 1663 330 1702 alios
349 1663 524 1712 inposita
544 1665 710 1712 legatio,
739 1664 840 1704 allos
860 1666 1019 1704 luxuria
1036 1671 1308 1715 opportunum
1330 1671 1368 1705 et

91 1721 316 1771 opulentum
337 1719 442 1758 vitiis
462 1719 594 1758 locum
615 1731 827 1769 quaerens,
847 1722 950 1760 alios
970 1720 1192 1761 liberalium
1213 1723 1365 1762 studio-

89 1788 173 1817 rum
194 1776 411 1824 cupiditas,
432 1775 533 1813 alios
554 1777 798 1824 spectacula.
829 1777 1027 1824 quosdam
1045 1779 1164 1817 traxit
1183 1778 1365 1826 amicitia,

89 1831 284 1883 quosdam
306 1830 503 1870 industria
524 1832 654 1869 laxam
675 1831 953 1871 ostendendae
973 1833 1107 1872 virtuti
1122 1838 1269 1873 nancta
1283 1845 1366 1872 ma-

88 1889 236 1928 teriam.
279 1887 442 1936 quidam
460 1887 642 1925 venalem
662 1888 830 1927 sormam
848 1889 1095 1936 adtulerunt,
1116 1890 1278 1939 quidam
1299 1900 1366 1928 ve-

88 1944 215 1983 nalem
244 1942 524 1992 eloquentiam.
565 1942 723 1981 Nullum
744 1953 823 1982 non
843 1944 1049 1983 hominurn
1069 1955 1198 1994 genus
1219 1956 1366 1985 concu-
1381 1948 1404 1983 3

88 1998 208 2038 currit
226 1998 265 2036 in
287 1999 427 2038 urbem
445 2003 483 2037 et
502 1998 712 2037 virtutibus
731 2003 771 2037 et
788 1999 895 2038 vitiis
910 2011 1057 2049 magna
1073 2000 1198 2049 pretia
1214 2011 1366 2050 ponen-

87 2061 176 2094 tem.
218 2055 315 2093 lube
333 2055 434 2094 istos
454 2064 595 2094 omnes
617 2054 667 2092 ad
687 2064 832 2093 nomen
852 2056 963 2094 citari
982 2061 1021 2094 et
1046 2056 1190 2103 „unde
1210 2057 1330 2097 domo
1340 2060 1365 2079 “

89 2110 260 2159 quisque
290 2111 340 2150 sit
360 2120 528 2160 quaere:
559 2109 713 2148 videbis
732 2110 923 2150 maiorem
945 2115 1098 2160 partem
1118 2122 1231 2161 esse,
1261 2123 1365 2163 quae

86 2166 234 2205 relictis
262 2166 428 2205 sedibus
457 2166 542 2205 suis
565 2164 718 2204 venerit
737 2165 777 2204 in
796 2166 1010 2205 maximam
1031 2167 1191 2215 quidem
1203 2178 1257 2208 -ac
1277 2170 1364 2218 pul-

88 2220 324 2260 cherrimam
342 2222 502 2271 urbem,
522 2233 601 2261 non
621 2226 753 2260 tamen
773 2232 900 2261 suam.
928 2222 1083 2261 Deinde
1102 2223 1153 2262 ab
1172 2223 1248 2264 hac
1268 2225 1362 2264 civi·
1379 2223 1402 2258 4

88 2281 167 2315 tate
194 2277 378 2325 discede,
408 2289 513 2327 quae
536 2277 658 2317 veluti
685 2278 908 2317 communis
935 2282 1070 2327 potest
1088 2278 1180 2318 dici.
1221 2291 1363 2320 omnes

92 2332 210 2371 urbes
228 2333 408 2371 circumi:
429 2335 536 2373 nulla
552 2345 630 2374 non
647 2344 831 2383 magnam
846 2339 998 2384 partem
1013 2335 1248 2385 peregrinae
1265 2339 1362 2376 mul-

146 2401 276 2426 SENECA
301 2402 391 2426 pau„
420 2392 445 2428 I.
1118 2397 1160 2432 16
