1592 2580
251 226 253 228 Ι
284 173 365 215 226
660 176 703 214 L.
731 175 921 216 ANNAEI
949 178 1174 218 SENECAE

282 272 434 320 virgam
459 273 523 310 vel
549 273 729 313 frondem
757 275 1012 324 demerseris,
1037 277 1207 326 lapidem
1229 283 1319 326 post
1341 279 1426 319 dies
1447 291 1540 329 pau-

284 337 354 366 cos
382 326 568 367 extrahis.
607 328 930 368 circumfunditur
955 331 1058 369 enim
1085 333 1243 380 corpori
1271 334 1387 372 limus
1403 335 1541 374 adlini-

282 385 425 429 turque
443 382 642 430 paulatim.
689 383 775 422 Hoc
793 385 923 422 minus
942 385 1010 423 tibi
1027 385 1223 425 videbitur
1238 388 1395 436 mirum,
1421 388 1456 427 si
1471 401 1540 428 no-

280 436 426 474 taveris
453 436 618 476 Albulas
640 442 680 476 et
705 439 788 476 fere
807 439 1078 487 sulphuratam
1096 451 1238 489 aquam
1257 442 1362 480 circa
1382 445 1540 482 canales

243 490 264 523 5
280 500 378 529 suos
403 490 594 540 ripasque
621 492 765 532 durari.
819 494 946 532 Aliam
973 493 1120 533 habent
1146 505 1305 534 causam
1337 497 1390 535 illi
1416 498 1538 545 lacus,

739 558 832 596 quos
849 550 1007 597 quisque
1025 553 1068 588 ut
1078 549 1261 597 faucibus
1281 552 1419 601 hausit,

279 603 322 638 ut
339 599 442 638 idem
464 605 583 648 poeta
601 599 664 648 ait,

358 659 427 692 aut
439 655 545 701 furit
560 659 629 694 aut
635 658 789 704 patitur
806 658 944 696 mirum
960 659 1152 706 qravitate
1169 670 1352 708 soporem.

280 708 453 747 SImilem
485 710 564 748 vim
595 709 741 749 habent
772 721 910 759 mero,
952 713 1025 751 sed
1059 713 1404 753 vehementiorem.
1450 726 1538 754 nam

280 764 614 811 quemadmodum
633 765 825 813 ebrietas,
851 766 980 805 donec
1001 768 1234 816 exsiccetur,
1264 769 1458 816 dementia
1478 777 1539 809 est

278 823 317 856 et
343 818 461 856 nimia
486 819 677 866 gravitate
703 820 878 859 defertur
903 821 943 859 in
966 832 1166 860 somnum:
1197 823 1254 862 sic
1273 823 1389 862 huius
1409 835 1538 873 aquae

279 872 493 920 sulphurea
519 874 580 912 vis
604 877 671 921 [et]
691 873 842 914 habens
862 876 1064 924 quoddam
1084 877 1212 916 acrius
1232 888 1283 915 ex
1306 880 1397 916 aere
1416 879 1536 918 noxio

239 930 260 964 6
275 927 382 965 virus
403 932 571 966 mentem
591 933 658 967 aut
676 929 809 969 surore
827 935 961 970 movet
975 935 1043 970 aut
1058 942 1205 980 sopore
1220 933 1414 981 opprimit.
1451 934 1538 973 Hoc

274 981 392 1021 habet
411 983 501 1021 mali

999 1041 1187 1090 Lync-eius
1205 1043 1340 1090 amnis,

381 1103 490 1140 quem
510 1094 736 1141 quicumque
750 1105 894 1143 parum
911 1096 1106 1135 moderato
1119 1101 1274 1144 ‚qutture
1293 1097 1424 1144 traxit,

380 1147 476 1184 haut
493 1149 607 1186 aliter
626 1149 778 1196 titubat,
805 1160 920 1197 quam
938 1152 975 1189 si
989 1161 1097 1189 mera
1117 1153 1206 1189 vina
1225 1153 1384 1190 bibisset.

237 1206 255 1237 1
351 1200 451 1238 XXI.
487 1202 531 1239 In
552 1202 748 1249 quosdam
775 1213 922 1251 specus
949 1204 1015 1253 qui
1039 1205 1281 1254 despexere,
1306 1206 1533 1245 moriuntur.

272 1260 350 1294 tam
370 1256 488 1294 velox
507 1257 651 1295 malum
671 1261 750 1304 est,
779 1262 822 1296 ut
835 1260 1128 1298 transvolantes
1144 1270 1240 1298 aves
1258 1260 1416 1298 deiciat:
1443 1259 1541 1299 tali&

273 1315 333 1348 est
358 1320 446 1357 aer,
475 1311 564 1349 talis
591 1312 724 1358 locus,
753 1322 804 1350 ex
826 1323 905 1360 quo
932 1314 1059 1352 letalis
1078 1325 1183 1363 aqua
1201 1314 1373 1353 distillat.
1420 1315 1533 1361 Quod

272 1364 305 1402 si
325 1365 530 1403 remissior
556 1364 628 1404 fuit
646 1365 749 1404 aeris
770 1371 809 1405 et
825 1367 903 1405 loci
922 1369 1065 1416 pestis,
1094 1369 1183 1417 ipsa
1204 1380 1363 1418 quoque
1385 1373 1531 1418 tempe-

270 1418 392 1457 ratior
406 1420 620 1458 noxa‘nihil
636 1420 804 1468 amplius
819 1432 937 1470 quam
951 1425 1114 1471 temptat
1128 1434 1273 1462 nervos
1286 1425 1394 1462 velut
1408 1423 1531 1462 ebrie—

233 1473 254 1506 2
272 1479 348 1512 tate
375 1479 592 1522 torpentes.
646 1475 727 1512 Nec
753 1476 892 1523 miror,
922 1478 955 1515 si
974 1477 1086 1516 locus
1107 1483 1226 1527 atque
1245 1489 1313 1516 aer
1331 1489 1455 1527 aquas
1475 1478 1531 1516 in-

269 1527 351 1566 ficit
369 1529 598 1578 similesque
617 1529 846 1577 regionibus
869 1531 1017 1579 reddit,
1049 1534 1120 1580 per
1140 1543 1240 1581 quas
1261 1537 1300 1570 et
1319 1543 1370 1571 ex
1389 1532 1530 1581 quibus

270 1583 448 1621 veniunt:
478 1583 613 1632 pabuli
632 1595 754 1633 sapor
772 1586 938 1634 adparet
955 1586 994 1624 in
1013 1588 1134 1634 lacte,
1161 1591 1199 1626 et
1219 1586 1299 1626 vini
1318 1587 1378 1625 vis
1398 1586 1531 1625 existit

269 1638 308 1675 in
338 1643 463 1676 aceto.
509 1638 623 1677 Nulla
651 1649 718 1678 res
746 1645 826 1688 est,
860 1651 962 1689 quae
988 1652 1068 1681 non
1097 1642 1200 1690 eius,
1237 1652 1317 1691 quo
1343 1643 1528 1688 nascitur,

269 1695 382 1731 notas
401 1693 554 1731 reddat.

346 1746 463 1785 XXII.
493 1747 646 1787 Aliud
673 1754 749 1788 est
771 1760 1207 1799 aquarumgenus‚
1235 1751 1366 1800 quod
1384 1751 1528 1790 nobis
1591 1792 1592 1795 ,

268 1802 435 1849 placet
472 1803 710 1850 coepisse
747 1814 851 1843 cum
887 1805 1090 1844 mundo:
1133 1806 1218 1844 sive
1250 1806 1314 1844 ille
1346 1811 1527 1846 aeternus
1590 1840 1592 1847 .

268 1860 348 1904 est,
379 1855 478 1895 haec
507 1867 667 1906 quoque
694 1859 764 1897 suit
791 1861 966 1908 semper,
998 1859 1083 1898 sive
1110 1860 1260 1900 initium
1288 1861 1449 1909 aliquod
1468 1866 1529 1900 est
1590 1863 1592 1906 j

266 1910 339 1957 illi,
369 1910 468 1949 haec
494 1922 653 1961 quoque
681 1923 769 1951 cum
793 1918 875 1952 toto
897 1913 1091 1962 disposita
1112 1921 1184 1954 est.
1231 1915 1338 1962 Quae
1357 1915 1408 1953 sit
1427 1914 1525 1953 haec

268 1965 426 2014 quaeris
435 1970 454 2004 ’ἒ
500 1966 529 2004 Ο
540 1976 561 2004 o
570 1977 592 2005 e
604 1977 627 2005 a
636 1978 660 2004 n
671 1978 698 2006 u
708 1978 727 2005 s
754 1972 791 2006 et
806 1969 1086 2017 quodcumque
1102 1980 1152 2008 ex
1169 1970 1234 2008 illo
1251 1975 1375 2008 terras
1394 1980 1432 2006 m
1443 1980 1465 2007 a
1474 1981 1493 2007 r
1504 1980 1525 2007 e
1590 1987 1592 2017 1

265 2020 448 2059 interluit.
500 2021 678 2070 Indicant
704 2021 864 2070 quidam
900 2024 1110 2063 flumina
1138 2035 1317 2073 quoque,
1356 2035 1524 2073 quorum

265 2074 537 2114 inenarrabilis
564 2080 703 2115 natura
729 2081 808 2123 est,
838 2087 926 2116 cum
953 2078 1043 2126 ipso
1061 2079 1211 2118 mundo
1229 2077 1400 2117 traxisse
1419 2079 1529 2128 prin-·
1590 2082 1592 2085 “

265 2129 387 2178 cipia,
421 2134 464 2169 ut
490 2130 650 2180 Istrum,
678 2136 721 2170 ut
744 2130 890 2178 Nilum,
918 2138 1057 2171 vastos
1085 2143 1220 2171 amnes
1240 2134 1446 2182 magisque
1465 2134 1522 2171 in—

264 2183 417 2232 signes,
450 2195 569 2233 quam
594 2190 637 2225 ut
656 2186 732 2224 dici
750 2186 882 2234 possit
899 2188 1076 2226 eamdem
1095 2187 1171 2226 illis
1192 2186 1382 2236 originem
1404 2198 1528 2237 quam·

265 2239 405 2278 ceteris
427 2249 529 2278 esse.

342 2292 476 2334 XXIII.
515 2294 647 2335 Haec
679 2299 757 2335 est
795 2305 916 2346 ergo
955 2306 1191 2346 aquarum
1228 2296 1439 2345 divisio,
1478 2301 1521 2336 ut
