1592 2580
296 182 363 221 DE
388 180 670 221 BENEFlcnS
698 181 894 221 LIB.V‘lI.
927 185 1057 224 2‘—-4.
1240 179 1322 229 137

34 282 332 332 tranquilloque
357 282 482 321 tutela
508 287 591 330 est,
618 281 671 321 ita
694 280 759 321 hic
780 281 1029 328 officiasua,
1061 278 1246 330 quamvis
1264 281 1322 321 la·-

34 339 188 379 tissime
204 343 390 387 pateant,
419 338 507 376 sine
526 339 692 377 tumultu
711 336 797 376 obit
815 342 855 376 et
877 347 997 376 omne
1016 336 1232 383 humanum
1252 348 1320 386 ge-
1347 376 1350 382 .

34 404 112 434 nus
139 393 441 444 potentissimus
463 393 551 432 eius
575 394 835 442 optimusque
853 392 956 431 infra
974 402 1021 431 se
1040 393 1162 432 videt.
1209 393 1359 439 Ded-'3

34 451 136 490 deas
157 449 269 489 lieet=
304 449 477 498 ingentis
506 449 671 498 spiritus
689 459 757 488 res
776 454 977 497 est,·cum
997 448 1190 489 orientem
1212 449 1319 489 occi·

34 506 274 554 dentemque
298 505 550 545 >lustraveris
587 505 721 544 animo
738 535 749 553 ,
792 515 875 554 quo
916 505 1036 544 etiam
1062 511 1236 544 *remota
1280 509 1322 544 et

33 561 315 601 solitudinibus
350 561 567 600 interclusa
602 565 879 610 penetrantur,
917 570 1008 599 cum
1038 565 1094 600 tot
1120 560 1318 608 animalia,

29 621 178 657 tantam
198 616 357 666 copiam
378 628 532 664 rerum,
555 627 656 665 quas
677 621 817 656 natura
830 616 1061 656 beatissime
1085 616 1231 665 fundit,
1246 617 1319 655 ad-

31 673 216 721 spexeris
227 702 237 720 ,
254 673 432 712 emittere
448 673 552 711 hanc
567 673 631 711 dei
646 683 810 712 vocem=
838 672 939 710 haec
956 671 1090 717 omnia
1104 683 1195 711 mea
1211 678 1318 712 sunt.

32 728 101 767 Sic
119 728 182 774 fit,
206 733 250 767 ut
269 728 364 766 nihil
384 728 538 777 cupiat,
561 728 655 777 quia
674 727 771 767 nihil
791 733 854 768 est
871 732 986 767 extra
1005 728 1150 767 omnia.

42 813 46 818 .
112 783 183 822 lV.
212 784 493 833 „Hocipsum,
521 784 677 833 inquis,
694 784 823 823 volui:
854 789 972 824 teneo
990 787 1041 822 te.
1068 785 1164 823 volo
1178 784 1318 824 videre
1335 790 1354 824 1

32 839 237 889 quomodo
267 850 318 878 ex
344 840 408 879 his
436 840 612 889 laqueis,
644 841 683 879 in
712 850 817 889 quos
849 845 919 879 tua
946 845 1092 889 sponte
1119 840 1316 890 decidisti,

31 894 260 944 explicetis.
312 895 385 934 Die
411 895 526 944 mihi,
566 895 978 945 quemadmodum
1017 899 1191 945 potest
1222 896 1316 935 ali-

32 950 149 1000 quis
199 951 391 991 donare
441 951 692 1001 sapienti,
750 951 794 991 si
824 950 1009 991 ‘omnia
1041 948 1316 1001 'sapientis

31 1010 184 1046 sunt?
215 1017 306 1045 nam
325 1007 368 1046 id
390 1018 573 1057 quoque,
602 1008 714 1056 quod
733 1006 788 1046 illi
808 1007 949 1054 donat,
970 1007 1101 1056 ipsius
1121 1011 1195 1046 est.
1238 1007 1315 1047 Ita·

32 1073 112 1111 que
139 1073 219 1101 non
246 1068 381 1112 potest
406 1063 493 1102 dari
519 1063 760 1103 beneficium
792 1063 985 1112 sapienti,
1021 1062 1087 1102 cui
1104 1062 1315 1112 >quicquid

30 1118 158 1167 datur,
187 1119 240 1157 de
268 1130 343 1158 suo
371 1119 505 1158 datur:
538 1119 647 1167 atqui
670 1118 800 1157 dicitis
821 1118 991 1167 sapienti
1013 1129 1139 1167 posse
1158 1119 1314 1161 donari.

28 1173 137 1212 Idem
159 1179 295 1213 autem>
310 1185 374 1213 me
394 1175 496 1213 scito
517 1179 557 1213 et
576 1175 626 1213 de
648 1174 788 1213 amicis
807 1174 1071 1223 interrogarez
1101 1175 1235 1214 omnia
1255 1175 1313 1214 di-

29 1229 117 1269 citis
132 1229 209 1268 illis
225 1240 319 1269 esse
335 1230 578 1278 communia,
599 1240 696 1278 ergo
725 1240 866 1269 nemo
894 1231 1080 1279 quicqu
1094 1241 1166 1269 am
1195 1231 1313 1269 ami-

29 1295 86 1323 eo
114 1285 303 1324 donare
330 1290 519 1335 potest:
549 1287 704 1325 donat
731 1286 858 1325 enim
889 1285 965 1325 illi
994 1287 1313 1325 eommunia.“

27 1339 131 1379 Nihil
151 1340 336 1389 prohibet
354 1341 505 1391 aliquid
523 1346 563 1380 et
581 1342 774 1390 sapientis
794 1352 889 1380 esse
907 1346 947 1381 et
965 1342 1080 1380 etiam
1103 1342 1211 1391 eius,
1242 1342 1311 1392 qui
1326 1345 1349 1379 2

29 1396 230 1445 possidet,
262 1396 327 1436 eui
346 1397 482 1436 datum
501 1399 543 1436 et'
558 1398 811 1446 adsignatum
829 1401 903 1437 est.
950 1398 1042 1436 Iure
1058 1397 1162 1436 civili
1181 1398 1315 1437 omnia

26 1451 136 1500 regis
157 1456 271 1491 sunt.
299 1457 486 1491 ettamen
507 1453 594 1501 illa,
624 1464 795 1501 quorum
816 1453 867 1491 ad
887 1463 1022 1501 regem
1042 1454 1212 1501 pertinet
1226 1454 1312 1492 uni-

27 1517 150 1546 versa
177 1507 409 1556 possessio,
441 1508 480 1546 in
509 1509 690 1557 singulos
719 1509 906 1548 dominos
935 1509 1142 1557 descripta
1161 1514 1255 1548 sunt
1273 1514 1313 1549 et
1345 1530 1347 1532 ·

27 1573 296 1612 unaquaeque
322 1574 388 1602 res
414 1564 533 1602 habet
559 1575 846 1613 possessorem
872 1575 1014 1606 suume
1050 1565 1187 1614 itaque
1214 1565 1312 1603 dare

28 1618 113 1666 regi
138 1623 178 1656 et
205 1618 367 1658 domum
387 1624 427 1658 et
444 1620 683 1669 mancipium
703 1625 743 1659 et
760 1619 973 1669 pecuniam
992 1631 1213 1669 possumus
1234 1631 1311 1660 nec

27 1674 180 1713 donare
200 1674 255 1713 illi
275 1675 326 1714 de
345 1686 419 1714 suo
439 1675 619 1714 dicimur.
648 1675 699 1714 ad
718 1686 837 1724 reges
857 1675 961 1714 enim
982 1681 1162 1724 potestas
1184 1676 1310 1715 omni·

0 1725 3 1773 l
26 1740 94 1768 um
110 1730 300 1778 pertinet,
321 1731 373 1768 ad
388 1731 567 1779 singulos
584 1731 824 1780 proprietas.
867 1731 988 1770 Fines
1002 1731 1308 1771 Atheniensium
1323 1735 1346 1770 3

0 1783 2 1827 ἰ
28 1790 94 1823 aut
122 1785 413 1835 Campanorum
441 1798 655 1833 vocamus,
689 1797 792 1835 quos
821 1786 966 1826 deinde
993 1787 1095 1826 inter
1122 1798 1168 1825 se
1187 1787 1308 1827 vicini

27 1840 182 1889 privata
201 1842 476 1881 terminatione
496 1842 755 1891 distinguunt.
783 1847 825 1881 et
840 1847 948 1882 totus
970 1853 1065 1891 ager
1086 1844 1219 1891 [illius]
1240 1847 1310 1882 aut

10 1895 132 1942 ,illius
151 1896 394 1946 reipublicae
414 1903 500 1945 est,
535 1909 630 1947 pars
658 1898 803 1937 deinde
823 1909 898 1938 suo
926 1899 1088 1942 domino
1120 1909 1308 1947 quaeque

29 1957 227 1992 censetur.
255 1953 431 2002 ideoque
451 1954 603 1993 donare
621 1964 742 2002 agros
763 1959 925 1993 nostros
945 1953 1191 2002 reipublicae
1210 1965 1308 2003 pos·

27 2017 178 2056 sumus,
200 2010 383 2057 quamvis
398 2009 503 2048 illius
519 2020 613 2048 esse
629 2009 821 2057 dicantur,
842 2009 936 2058 quia
952 2010 1066 2048 aliter
1079 2009 1184 2049 illius
1199 2015 1305 2058 sunt,

28 2062 140 2102 aliter
154 2065 243 2103 mei.
279 2065 481 2113 Numquid
496 2064 659 2103 dubium
676 2069 749 2113 est,
768 2065 862 2114 quin
879 2075 1023 2104 servus
1041 2075 1130 2104 cum
1147 2066 1305 2114 peculio
1320 2070 1345 2106 4

28 2118 178 2158 domini
192 2120 270 2159 sit?
298 2121 367 2160 dat
385 2126 514 2160 tamen
532 2120 695 2159 domino
710 2130 786 2160 suo
802 2132 960 2160 munus.
990 2131 1070 2160 nou
1087 2121 1191 2161 enim
1211 2121 1315 2167 ideo-

26 2172 123 2212 nihil
148 2174 269 2214 habet
292 2187 456 2222 servus,
487 2176 580 2225 quia
610 2187 691 2214 non
719 2181 782 2214 est
807 2176 1034 2225 habituruS,
1064 2177 1098 2215 si
1117 2176 1303 2223 dominus

27 2228 136 2267 illum
160 2229 309 2270 habere
327 2232 510 2271 noluerit.
540 2241 614 2269 nec
634 2231 725 2270 ideo
746 2241 824 2270 non
847 2236 910 2271 est
927 2242 1090 2279 munus,
1121 2243 1300 2273 cumvo-

28 2283 116 2322 lens
143 2284 270 2335 dedit,
299 2287 393 2335 quia
423 2287 550 2336 potuit
578 2287 698 2335 eripi,
729 2287 882 2326 etiamsi
905 2287 1113 2327 noluisset.
1161 2288 1300 2337 Quem·
1320 2296 1342 2330 5

29 2339 248 2379 admodum.
269 2342 484 2391 probemus
510 2343 670 2382 omnia?
706 2353 812 2382 nunc
832 2343 934 2383 enim
953 2343 1086 2384 omnia
1105 2344 1300 2393 sapientis

29 2403 123 2434 esse
146 2395 374 2437 inter-,duos
405 2398 609 2438 convenit:
637 2398 735 2438 illud
758 2398 868 2448 quod
888 2400 1091 2448 quaeritur
1111 2400 1299 2450 colligen-
