1624 2626
324 150 403 191 288
684 150 726 190 L.
754 148 942 187 ANNAEI
973 149 1197 188 SENECAE

325 251 397 289 sed
416 259 509 287 mox
533 248 598 296 [de
619 247 740 297 Sulla]
765 257 1055 295 consequemur
1078 248 1278 295 quomodo
1298 247 1477 287 hostibus
1498 247 1572 287 ira-

327 304 517 343 scendum
550 303 619 348 sit,
660 302 796 350 utique
824 302 858 339 si
891 302 930 339 in
970 301 1113 340 hostile
1140 312 1282 341 nomen
1310 303 1418 341 cives
1452 307 1491 341 et
1524 313 1575 341 ex

287 369 309 402 3
326 359 467 396 eodem
486 366 654 405 corpore
672 356 826 404 abrupti
845 354 1079 394 transierint.
1114 357 1271 394 Interim
1294 356 1370 395 hoc
1390 358 1498 404 quod
1517 358 1577 396 di-

326 413 463 451 cebam
490 411 695 450 clementia
716 410 853 458 efficit,
882 414 924 448 ut
949 420 1132 458 magnum
1159 410 1257 449 inter
1283 421 1417 458 regem
1442 417 1574 462 tyran-

326 477 497 515 numque
524 465 733 504 discrimen
764 465 831 511 sit,
864 469 1029 512 uterque
1060 465 1151 504 licet
1185 474 1266 503 non
1297 465 1423 504 minus
1455 465 1573 504 armis

324 522 500 560 valletur.
542 521 616 558 sed
641 521 738 558 alter
764 529 873 557 arma
899 519 1034 565 habet,
1060 519 1203 567 quibus
1230 520 1268 557 in
1296 521 1572 564 munimentum

326 576 436 624 pacis
455 575 591 621 utitur,
622 575 736 620 alter,
758 578 801 612 ut
819 583 959 621 magno
980 574 1118 612 timore
1144 584 1285 622 magna
1312 574 1403 612 odia
1429 585 1572 622 conpe-

326 634 430 676 scat‚
457 640 530 668 nec
550 630 636 667 illas
655 629 765 676 ipsas
793 638 951 675 manus,
978 628 1121 676 quibus
1156 638 1201 667 se
1221 628 1432 676 commisit,
1461 639 1574 667 secu-

290 698 312 731 4
325 695 394 723 rus
414 683 595 732 adspicit.
634 682 845 721 Contrariis
867 683 904 720 in
925 683 1119 722 contraria
1136 682 1273 730 agitur.
1301 693 1389 720 nam
1410 694 1499 722 cum
1518 683 1573 721 in-

326 740 436 777 visus
457 740 524 786 sit,
555 738 646 786 quia
663 738 837 784 timetur,
866 737 992 776 timeri
1011 739 1111 782 vult,
1143 738 1234 785 quia
1256 737 1407 776 invisus
1435 742 1514 784 est,
1537 743 1576 776 et

325 794 390 832 illo
411 792 645 831 exsecrabili
658 802 789 839 versu,
807 792 873 840 qui
893 792 1036 831 multos
1052 792 1160 830 dedit
1173 792 1422 840 praecipites,
1437 793 1574 831 utitur=

698 846 872 893 Oderint,
905 847 994 884 dum
1011 851 1188 894 metuant,

325 904 484 950 ignarus
514 904 660 950 quanta
691 900 823 939 rabies
857 900 1020 948 oriatur,
1057 901 1123 940 ubi
1151 911 1273 949 supra
1297 901 1458 939 modum
1485 901 1576 940 odia

326 962 545 995 creverunt.
590 959 830 1004 temperatus
859 956 962 994 enim
990 956 1106 994 timor
1132 956 1288 994 cohibet
1314 955 1485 1001 animos,
1506 956 1574 994 ad—

326 1011 465 1050 siduus
494 1021 588 1049 vero
619 1014 658 1048 et
683 1020 775 1047 acer
797 1014 835 1048 et
861 1014 1034 1048 extrema
1060 1010 1277 1049 admovens
1304 1011 1342 1049 in
1371 1010 1574 1048 audaciam

290 1071 312 1103 5
327 1066 490 1103 iacentis
511 1065 655 1102 excitat
673 1068 711 1102 et
728 1064 858 1102 omnia
873 1063 1044 1112 experiri
1059 1065 1212 1103 suadet.
1240 1064 1304 1103 Sic
1321 1066 1426 1103 feras
1448 1064 1576 1103 lineae

326 1126 365 1158 et
392 1120 535 1167 pinnae
562 1119 694 1156 clusas
714 1118 923 1156 continent.
954 1118 1114 1156 easdem
1144 1129 1167 1156 a
1197 1124 1307 1167 tergo
1334 1130 1459 1167 eques
1486 1119 1574 1157 telis

324 1176 517 1212 incessat:
537 1172 781 1220 temptabunt
797 1172 927 1219 fugam
942 1182 1015 1220 per
1031 1173 1129 1220 ipsa,
1152 1183 1254 1220 quae
1274 1175 1464 1221 fugerant,
1484 1183 1575 1221 pro-

327 1228 615 1275 culcabuntque
638 1226 894 1265 formidInem.
923 1227 1128 1265 Acerrima
1148 1227 1270 1265 virtus
1290 1232 1361 1275 est,
1382 1238 1500 1276 quam
1519 1228 1575 1265 ul·

324 1283 418 1320 tima
451 1282 669 1320 necessitas
702 1281 891 1319 extundit.
944 1281 1138 1328 relinquat
1165 1286 1321 1330 oportet
1352 1281 1481 1320 securi
1509 1283 1577 1320 ali-

327 1336 421 1384 quid
439 1341 564 1374 metus
585 1336 786 1383 multoque
805 1337 894 1383 plus
915 1334 1003 1383 spei
1023 1346 1140 1384 quam
1163 1337 1428 1384 periculorum
1447 1341 1577 1375 osten-

326 1395 398 1428 tet:
427 1391 621 1439 alioquin,
649 1390 717 1428 ubi
737 1389 954 1438 quiescenti
974 1391 1084 1438 paria
1110 1395 1351 1438 metuuntur,
1378 1391 1578 1429 incurrere

325 1446 364 1483 in
385 1444 559 1493 pericula
578 1446 685 1483 iuvat
704 1449 742 1482 et
760 1444 828 1494 [ut]
850 1443 979 1483 aliena
997 1444 1126 1482 anima
1145 1446 1263 1483 abuti.

290 1506 308 1538 1
404 1500 503 1537 XIII.
527 1499 686 1537 Placido
705 1499 994 1547 tranquilloque
1013 1500 1096 1546 regi
1115 1499 1196 1538 fida
1215 1504 1306 1538 sunt
1324 1499 1469 1538 auxilia
1493 1510 1576 1541 sua.

325 1559 366 1592 ut
394 1554 536 1602 quibus
565 1553 615 1591 ad
645 1563 891 1592 communem
919 1554 1084 1592 salutem
1112 1558 1259 1602 utatur,
1298 1554 1580 1602 gloriosusque

326 1609 436 1646 miles
469 1607 669 1656 (publicae
695 1608 798 1646 enim
825 1608 1024 1647 securitati
1055 1618 1099 1646 se
1131 1609 1227 1647 dare
1258 1619 1419 1657 operam
1455 1609 1577 1652 videt)

327 1673 483 1701 omnem
500 1661 676 1700 laborem
695 1661 823 1701 libens
845 1662 987 1710 patitur
1012 1667 1054 1701 ut
1077 1664 1249 1711 parentis
1278 1668 1430 1702 custos:
1463 1668 1504 1701 at
1533 1663 1575 1700 il-

327 1718 406 1756 lum
425 1716 610 1755 acerbum
629 1721 667 1755 et
685 1717 980 1764 sanguinarium
999 1728 1165 1756 necesse
1185 1722 1247 1756 est
1272 1722 1482 1766 graventur
1510 1717 1576 1755 sli-

290 1778 311 1811 2
328 1777 485 1820 patores
505 1771 593 1810 sui.¹
607 1771 694 1809 Non
713 1775 845 1819 potest
856 1771 1008 1812 ⁴habere
1030 1771 1242 1820 quisquam
1257 1772 1386 1811 bonae
1404 1782 1453 1810 ac
1473 1771 1577 1809 fidae

327 1825 538 1865 voluntatis
572 1826 791 1874 ministros,
828 1826 972 1875 quibus
1005 1827 1044 1864 in
1077 1825 1279 1865 tormentis
1307 1831 1347 1865 et
1373 1826 1510 1864 eculeo
1539 1830 1578 1863 et

326 1880 569 1919 ferramentis
593 1880 645 1918 ad
663 1885 827 1919 mortem
847 1881 994 1928 paratis
1026 1881 1162 1928 utitur,
1191 1881 1332 1929 quibus
1361 1891 1439 1918 non
1466 1881 1576 1925 aliter

327 1946 446 1983 quam
463 1935 600 1974 bestiis
621 1934 801 1974 homines
829 1935 1015 1983 obiectat,
1036 1936 1217 1974 omnibus
1234 1937 1424 1981 [omnium]
1444 1945 1575 1972 rerum

326 1991 466 2028 noxior
485 2000 532 2028 ac
554 1989 774 2036 sollicitior,
804 1994 847 2028 ut
874 1991 942 2038 qui
968 1990 1148 2029 homines
1173 1990 1352 2037 deosque
1379 1994 1500 2027 testes
1528 1999 1587 2026 ac.

327 2043 502 2082 vindices
531 2044 750 2083 facinorum
777 2044 927 2092 timeat,
957 2055 1004 2084 eo
1032 2044 1264 2093 perductuS,
1293 2047 1433 2082 utnon
1459 2043 1576 2080 liceat

326 2097 380 2134 illi
399 2103 548 2136 mutare
569 2108 713 2138 mores.
760 2099 838 2137 hoc
864 2098 966 2138 enim
994 2100 1093 2138 inter
1119 2103 1248 2137 cetera
1273 2098 1335 2135 vel
1358 2098 1574 2145 pessimum

327 2151 444 2189 habet
464 2153 694 2192 crudelitas:
723 2154 1060 2202 perseverandum
1080 2156 1141 2191 est
1165 2162 1238 2190 nec
1257 2152 1309 2190 ad
1325 2152 1488 2190 meliora
1505 2162 1587 2199 pas

326 2209 381 2243 tet
400 2217 620 2254 regressus.
655 2209 807 2246 scelera
825 2208 927 2246 enim
943 2206 1156 2247 sceleribus
1175 2207 1321 2245 tuenda
1340 2211 1448 2245 sunt:
1479 2206 1575 2254 quid

289 2264 456 2299 sautem
477 2271 524 2300 eo
546 2261 760 2311 infelicius,
790 2262 853 2302 cui
882 2263 958 2301 iam
985 2271 1076 2302 esse
1103 2262 1204 2300 malo
1233 2271 1399 2299 necesse
1418 2264 1506 2299 est?
1549 2263 1592 2301 0⁹
