1592 2580
239 140 295 180 64
587 141 630 179 L.
659 139 850 179 ANNAEI
879 139 1104 202 SENECAE

198 245 219 277 2
238 251 315 289 que
329 245 402 279 est.
442 240 555 279 Hunc
572 241 755 280 eumdem
769 245 809 279 et
827 241 949 279 fatum
964 241 998 280 si
1013 241 1172 289 dixeris,
1189 252 1269 282 non
1282 243 1495 282 mentieris.

236 306 327 334 nam
352 306 441 334 cum
468 296 589 334 saturn
613 295 709 333 nihil
733 295 841 333 aliud
867 296 917 334 sit
932 306 1055 343 quam
1077 297 1203 335 series
1222 298 1384 345 inplexa
1404 309 1496 337 cau-

236 361 390 397 sarum,
410 350 474 387 ille
490 355 552 388 est
571 350 697 398 prima
716 350 888 388 omnium
904 360 1046 397 causa,
1067 361 1119 389 ex
1137 362 1216 400 qua
1231 357 1385 390 ceterae
1399 363 1497 401 pen·

236 405 342 443 dent.
390 404 672 456 Quaecumque
690 406 804 443 voles
822 405 876 442 illi
895 405 1055 444 nomina
1073 406 1234 454 proprie
1249 406 1404 454 aptabis
1418 408 1497 445 vim

235 459 409 508 aliquam
436 459 703 508 effectumque
732 459 961 498 coelestium
989 470 1119 499 rerum
1149 461 1406 501 continentia:
1441 466 1498 501 tot

236 513 526 563 adpellationes
547 515 633 553 eius
655 519 826 562 possunt
845 525 937 552 esse
957 519 1054 563 quot
1072 525 1246 554 munera.

200 574 215 606 1
314 569 417 607 VIII.
455 569 569 608 Hunc
598 574 637 607 et
660 569 846 607 Liberum
875 574 1023 617 patrem
1047 575 1085 608 et
1102 570 1310 609 Herculem
1330 581 1377 609 ac
1395 570 1498 608 Mer-

235 624 385 662 curium
413 624 538 663 nostri
571 629 722 672 putant.
772 623 954 662 Liberum
988 630 1156 672 patrem,
1201 626 1294 673 quia
1325 627 1497 664 omnium

234 689 380 726 parens
401 679 471 725 sit,
500 679 606 727 quod
628 679 796 727 primum
811 679 970 717 inventa
984 680 1175 717 seminum
1191 680 1252 717 vis
1269 679 1388 718 est**
1404 690 1496 718 con-

235 734 386 772 sultura
406 744 478 781 per
497 735 752 782 voluptatem.
798 733 1023 780 Herculem,
1054 733 1148 782 quia
1165 733 1227 772 vis
1249 735 1334 773 eius
1353 734 1498 773 invicta

236 789 304 836 sit,
342 788 586 836 quandoque
613 790 762 826 lassata
789 789 904 827 fuerit
931 789 1119 836 operibus
1145 788 1280 836 editis,
1309 789 1349 827 in
1368 789 1497 837 ignem

198 845 219 877 2
235 853 458 882 recessura.
501 843 759 890 Mercurium,
785 842 878 892 quia
895 843 994 882 ratio
1016 854 1140 892 penes
1159 844 1266 882 illum
1284 849 1345 883 est
1362 854 1496 882 nume-

234 908 385 946 rusque
413 903 451 936 et
479 899 579 937 ordo
608 903 647 936 et
676 898 853 936 scientia.
902 898 1159 947 Quocumque
1178 903 1216 937 te
1236 898 1416 946 flexeris,
1444 899 1498 936 ibi

235 953 344 991 illum
373 953 528 991 videbis
553 958 824 991 occurrentem
845 952 925 991 tibi.
962 953 1056 991 nihil
1076 954 1125 992 ab
1146 954 1212 992 illo
1233 958 1365 992 vacat:
1394 964 1498 1001 opus

235 1018 351 1046 suum
379 1008 466 1055 ipse
493 1006 627 1055 inplet.
673 1008 778 1055 Ergo
806 1008 901 1045 nihil
929 1008 1034 1056 agis,
1063 1008 1328 1056 ingratissime
1353 1012 1497 1046 morta-

234 1063 346 1108 lium,
377 1061 445 1109 qui
473 1067 511 1100 te
539 1072 663 1109 negas
692 1063 767 1100 deo
795 1062 960 1108 debere,
992 1063 1064 1100 sed
1091 1068 1273 1101 naturae=
1305 1063 1398 1111 quia
1424 1073 1497 1101 nec

235 1121 374 1155 natura
403 1118 489 1154 sine
517 1117 593 1155 deo
621 1121 683 1159 est
710 1127 783 1155 nec
806 1116 907 1155 deus
927 1117 1014 1155 sine
1034 1123 1192 1165 natura,
1221 1117 1295 1155 sed
1313 1118 1417 1156 idem
1437 1123 1500 1157 est

198 1176 466 1219 3utrumque,
498 1175 601 1218 [nec]
627 1171 746 1209 distat
764 1171 911 1209 officio.
959 1171 1019 1216 Si,
1049 1172 1157 1219 quod
1177 1182 1200 1209 a
1216 1171 1369 1210 Seneca
1384 1183 1498 1210 acce·

235 1226 389 1274 pisses,
419 1227 586 1264 Annaeo
612 1231 650 1264 te
678 1226 824 1264 debere
844 1225 998 1264 diceres
1017 1227 1080 1263 vel
1100 1226 1242 1273 Lucio,
1272 1237 1350 1265 non
1371 1227 1495 1264 credi-

235 1286 362 1320 torem
390 1285 584 1329 mutares,
623 1281 697 1319 sed
724 1291 886 1326 nomen,
923 1281 1108 1328 quoniam
1142 1281 1227 1319 sive
1256 1291 1495 1329 praenomen

236 1336 320 1374 eius
341 1336 426 1374 sive
447 1345 591 1373 nomen
610 1335 784 1374 dixisses
804 1335 889 1373 sive
910 1345 1148 1383 cognomen,
1169 1336 1272 1374 idem
1288 1340 1418 1374 tamen
1432 1336 1496 1374 ille

236 1396 364 1429 esset:
394 1391 452 1428 sic
479 1400 583 1428 nunc
605 1396 784 1429 naturam
804 1400 924 1437 voca,
951 1391 1089 1436 satum,
1120 1391 1335 1438 fortunam,
1366 1390 1498 1429 onmia

237 1445 416 1484 eiusdem
439 1445 504 1483 dei
523 1446 682 1484 nomina
700 1449 792 1483 sunt
812 1445 920 1483 varie
940 1446 1085 1484 utentis
1105 1455 1179 1483 sua
1197 1449 1406 1493 potestate.
1448 1445 1498 1484 Et

236 1500 402 1546 iustitia,
438 1499 634 1548 probitas,
667 1499 895 1547 prudentia,
923 1500 1126 1545 fortitudo,
1155 1500 1358 1548 frugalitas
1377 1500 1495 1539 unius

236 1555 354 1592 animi
379 1554 486 1593 bona
512 1560 621 1594 sunt:
660 1554 851 1603 quicquid
877 1554 1017 1593 horum
1044 1554 1113 1593 tibi
1141 1555 1308 1604 placuit,
1342 1555 1494 1593 animus

239 1610 380 1657 placet.

200 1669 221 1703 1
306 1664 381 1703 IX.
411 1663 492 1702 Sed
510 1674 560 1702 ne
579 1664 693 1702 aliam
714 1663 1023 1713 disputationem
1045 1674 1098 1703 ex
1124 1663 1286 1713 obliquo
1313 1663 1492 1710 habeam,

236 1719 404 1767 plurima
418 1719 613 1757 beneficia
632 1730 678 1758 ac
698 1720 870 1758 maxima
886 1720 924 1758 in
945 1731 1020 1759 nos
1036 1720 1135 1758 deus
1151 1720 1302 1758 confert
1316 1718 1402 1757 sine
1420 1730 1495 1767 spe

235 1773 473 1822 recipiendi,
495 1774 679 1822 quoniam
701 1785 775 1812 nec
793 1775 858 1813 ille
878 1775 1020 1813 collato
1042 1779 1131 1822 eget
1145 1784 1218 1813 nec
1237 1784 1311 1812 nos
1332 1773 1368 1811 ei
1385 1775 1493 1821 quic-

238 1839 355 1877 quam
373 1829 556 1867 conferre
577 1839 813 1876 possumus:
842 1839 936 1878 ergo
956 1829 1190 1868 beneficium
1213 1838 1284 1877 per
1301 1838 1347 1866 se
1373 1838 1491 1877 expe-

238 1883 357 1922 tenda
374 1893 441 1922 res
457 1888 529 1922 est.
557 1894 637 1922 una
657 1888 859 1932 spectatur
875 1885 915 1922 in
932 1895 980 1924 eo
1001 1883 1228 1932 accipientis
1247 1883 1403 1921 utilitas.
1442 1883 1494 1921 ad

200 1942 222 1974 2
236 1938 337 1976 hanc
356 1938 596 1976 accedamus
616 1938 806 1987 sepositis
822 1939 1042 1978 commodis
1055 1938 1214 1977 nostris.
1242 1936 1415 1985 „Dicitis,
1434 1937 1492 1975 in-

239 1993 340 2040 quit,
370 1992 579 2040 diligenter
597 1994 803 2041 eligendos
824 1994 968 2042 quibus
988 1993 1180 2032 beneficia
1206 1993 1366 2039 demus,
1400 1993 1493 2040 quia

237 2057 287 2085 ne
306 2047 504 2095 agricolae
526 2048 683 2096 quidem
704 2049 855 2088 semina
874 2049 1005 2088 arenis
1022 2048 1275 2087 committant.
1323 2047 1432 2095 quod
1457 2047 1492 2084 si

237 2111 373 2140 verum
393 2107 472 2150 est,
501 2108 677 2142 nostram
695 2103 896 2143 utilitatem
915 2104 955 2142 in
974 2102 1174 2142 beneficiis
1194 2101 1336 2139 dandis
1358 2101 1490 2149 sequi—

238 2166 342 2203 mur,
364 2158 697 2204 quemadmodum
714 2160 755 2196 in
772 2159 924 2197 arando
944 2156 1215 2204 serendoque:
1244 2166 1374 2204 neque
1389 2156 1492 2194 enim

239 2220 374 2248 serere
392 2222 465 2259 per
484 2222 529 2250 se
544 2223 611 2252 res
630 2214 856 2261 expetenda
873 2217 945 2252 est.
979 2211 1186 2250 Praeterea
1205 2211 1410 2259 quaeritis,
1428 2211 1491 2249 cui

239 2265 341 2304 detis
357 2265 611 2308 beneficium:
643 2268 753 2318 quod
778 2278 858 2307 non
882 2271 990 2307 esset
1014 2265 1255 2315 faciendum,
1284 2266 1321 2305 si
1348 2275 1420 2316 per
1445 2276 1492 2305 se
