1592 2580
318 190 402 233 140*
688 192 735 230 L.
760 191 949 230 ANNAEI
957 191 1202 231 >SENECAE

276 309 297 341 5
315 290 503 330 serviunt.
556 290 664 328 Illam
692 291 852 329 alteram
880 291 1180 339 possessionem
1199 290 1436 340 adgnoscat,
1468 291 1572 331 han'e

311 347 419 385 nolet
444 345 610 393 habere,
639 346 672 383 si
702 347 855 393 poterit.
898 345 1110 393 emittitque
1137 346 1241 384 illam
1263 356 1421 394 vocem,
1450 357 1568 395 quam

309 400 513 441 Romanus
540 400 754 448 imperator
779 399 942 446 emisit„
960 410 1048 439 cum
1068 400 1120 438 illi
1140 401 1192 439 ob
1213 400 1392 439 viitutem
1411 406 1449 440 et
1467 401 1575 440 bene.

288 474 290 477 ·
309 459 462 504 gestam
481 455 762 503 rempublicam
788 459 934 493 tantum
953 455 1036 502 agri
1056 455 1354 502 decerneretur,
1383 461 1570 503 quantum

309 510 460 549 arando
486 520 567 548 uno
595 509 658 547 die
687 509 852 548 circuire
880 509 1101 557 potuissetz-
1125 521 1200 549 non
1220 521 1315 558 opus
1332 514 1404 558 est,
1432 510 1568 558 inquit,

308 566 410 604 vobis
434 576 478 604 eo
503 567 603 611 cive,
630 576 692 603 cm
714 567 803 612 plus
828 575 924 612 opus
947 567 1013 612 sit,
1042 575 1157 612 quam
1183 567 1254 603 um·
1276 566 1361 603 civi.
1416 565 1568 612 Quanto

308 619 469 658 maioris
497 619 569 657 viri
592 625 706 667 putas
728 618 934 667 respuisse
955 618 1030 657 hoc
1049 629 1191 657 munus
1212 630 1328 667 quam
1350 621 1572 658 meruisse?

308 674 417 714 multi
437 674 540 712 enim
560 674 661 712 fines
682 673 768 712 aliis
788 674 1051 721 abstulerunt,
1072 674 1147 711 sibi
1166 684 1281 711 nemo
1303 673 1513 712 constituit.

274 739 289 771 1
388 729 491 766 V111.
523 729 627 776 Ergo
648 739 735 766 cum
757 729 925 766 animum
945 728 1134 776 sapientis
1155 728 1351 766 intuemur
1370 733 1574 776 potentemr

308 783 481 824 omnium
508 788 547 822 et
574 794 644 832 per
671 784 855 821 universa
874 783 1099 829 dimissum,
1130 782 1261 821 omnia
1279 783 1379 820 illius
1401 793 1492 821 esse
1511 784 1570 822 di·

308 839 451 886 cimuS,
482 849 571 877 cum
598 843 723 877 autem
750 838 826 876 hoc
845 838 907 875 ius
927 836 1186 885 cotidianum,
1217 838 1250 875 si
1271 838 1323 875 ita
1341 847 1406 875 res
1426 838 1565 885 tulerit,

307 895 435 943 capite
451 893 687 932 censebitur.
731 893 892 930 Multum
907 892 1086 939 interest,
1108 893 1318 940 possessio
1334 893 1419 930 eius
1435 892 1567 932 animo

305 959 355 987 ac
379 948 648 996 magnitudine
671 948 896 986 aestimetur
913 957 961 984 an
983 957 1119 985 censu.
1167 947 1274 984 Haec
1295 947 1480 985 universa
1497 947 1566 986 ha-

267 1003 418 1050 2bere,
450 1004 500 1041 de
529 1003 674 1051 quibus
707 1002 899 1049 loqueris,
931 1001 1232 1039 abominabitur.
1285 1001 1371 1039 Non
1397 1002 1565 1040 reseram

304 1059 372 1096 tibi
393 1058 616 1104 Socratem,
641 1057 925 1107 Chrysippum,
952 1056 1150 1094 Zenonem
1169 1061 1208 1094 et
1227 1061 1379 1094 ceteros
1399 1066 1567 1104 magnos

306 1113 466 1160 quidem
486 1113 612 1158 viros,
642 1112 811 1149 maiores
831 1111 1008 1159 quidem,
1038 1111 1130 1159 quia
1157 1111 1195 1147 in
1215 1111 1370 1149 laudem
1390 1115 1563 1150 vetusto-

303 1179 390 1205 rum
417 1167 564 1205 invidia
591 1177 669 1204 non
697 1166 838 1204 obstat.
892 1164 1013 1203 Paulo
1049 1170 1139 1203 ante
1172 1165 1408 1203 Demetrium
1437 1167 1565 1212 retuli,

303 1232 422 1270 quem
450 1221 542 1259 mihi
568 1220 723 1259 videtur
747 1231 878 1258 rerum
898 1220 1201 1271 natura-nostris
1220 1219 1360 1258 tulisse
1378 1221 1575 1268 tempori—,

301 1276 398 1323 bus,
426 1282 470 1315 ut
494 1276 721 1314 ostenderet
747 1285 821 1312 nec
846 1275 952 1313 illum
980 1285 1005 1312 a
1030 1275 1146 1313 nobis
1176 1274 1374 1322 corrumpi
1393 1285 1467 1313 nec
1487 1285 1571 1313 nos«

301 1331 352 1370 ab
380 1331 448 1370 illo
477 1330 620 1378 corrigi
649 1340 790 1378 posse:
822 1330 949 1367 virum
976 1334 1158 1376 exactae,
1190 1328 1281 1367 licet
1314 1335 1429 1377 neget
1460 1330 1563 1378 ipse,

302 1385 522 1434 sapientiae
541 1385 757 1432 firmaeque
778 1384 814 1422 in
835 1384 917 1431 his,
938 1394 1040 1431 quae
1058 1384 1283 1432 proposuit,
1305 1385 1573 1430 constantiae,

301 1441 552 1489 eloquentiae
580 1450 675 1477 vero
698 1440 803 1484 eius,
832 1449 934 1486 quae
952 1449 1017 1476 res
1039 1439 1273 1477 fortissimas
1296 1439 1453 1486 deceat,
1481 1449 1561 1477 non

302 1494 562 1534 concinnatae
588 1504 662 1531 nec
691 1493 729 1531 in
756 1493 880 1531 verba
909 1493 1119 1541 sollicitae,
1150 1493 1223 1531 sed
1250 1492 1398 1540 ingenti
1417 1493 1573 1541 animo,-

263 1557 285 1590 3
300 1554 418 1598 prout
435 1550 592 1597 inpetus
611 1549 798 1596 tulit,1·es
818 1558 913 1586 suas
934 1548 1224 1596 prosequentis.
1268 1547 1369 1586 Huic
1388 1559 1472 1586 non¹
1490 1549 1559 1586 du-

299 1605 400 1651 bito,
429 1604 522 1652 quin
544 1603 793 1652 providentia
812 1608 851 1641 et
869 1604 982 1641 talem
1005 1603 1123 1640 vitam
1145 1607 1183 1641 et
1201 1604 1316 1640 talem
1331 1603 1487 1641 dicendi
1505 1604 1570 1640 fa-=

299 1661 481 1698 cultatem
497 1658 667 1705 dederit,
692 1668 741 1695 ne
757 1662 824 1696 aut
837 1657 1059 1705 exemplum
1077 1659 1213 1696 seculo
1229 1662 1365 1696 nostro
1383 1662 1449 1695 aut
1465 1667 1557 1695 con-

294 1715 441 1755 vicium
470 1714 642 1751 deesset.
687 1712 884 1750 Demetrio
916 1713 950 1750 si
968 1722 1033 1749 res
1053 1718 1211 1751 nostras
1231 1712 1373 1760 aliquis
1394 1713 1569 1750 deorum,

296 1768 566 1818 possidendas
582 1767 676 1805 velit
690 1767 844 1805 tradere
860 1767 935 1805 sub
952 1767 1038 1814 lege
1054 1771 1159 1805 certa
1170 1796 1179 1814 ,
1201 1777 1250 1804 ne
1264 1767 1381 1805 liceat
1397 1767 1567 1814 donare„

297 1823 587 1862 adfirmaverim
606 1821 902 1869 repudiaturum
923 1821 1186 1860 dicturumve:

260 1883 278 1917 1
375 1877 439 1917 lX.
468 1877 583 1925 „Ego
604 1887 698 1914 vcro
720 1886 783 1913 me
802 1876 853 1913 ad
869 1875 975 1914 istud
1000 1876 1268 1914 inextricabile
1294 1875 1451 1923 pondus
1478 1885 1568 1913 non*-

293 1933 426 1980 adligo
454 1932 594 1970 necin
621 1931 735 1968 altam
764 1930 888 1968 secem
915 1941 1044 1968 rerum
1065 1930 1168 1968 hunc
1186 1930 1414 1978 expeditum
1432 1929 1557 1968 homi-

293 1998 385 2026 nem
420 1985 594 2025 demitto.
639 1985 740 2032 Quid
772 1985 822 2023 ad
853 1995 915 2023 me
949 1985 1081 2023 defers
1114 1985 1350 2033 populorum
1383 1984 1558 2022 omnium

291 2044 422 2081 mala?
441 2051 543 2091 quae
558 2051 608 2079 ne
623 2040 785 2078 daturus
803 2038 962 2087 quidem
979 2040 1210 2087 acciperem,
1233 2039 1419 2087 quoniam
1436 2040 1563 2077 multa?

290 2098 426 2143 video,
445 2106 553 2145 quae
577 2105 655 2133 me
652 2096 809 2133 donare
830 2105 906 2131 non
928 2094 1078 2133 deceat.
1115 2094 1219 2132 Volo
1241 2093 1315 2131 sub
1336 2099 1563 2141 conspectu·

270 2162 379 2190 -meo
402 2160 572 2200 ponere,
613 2159 716 2198 quae
740 2147 914 2196 gentium
941 2149 1079 2186 oculos
1104 2158 1320 2196 regumque
1343 2148 1564 2196 praestrin—i
1589 2157 1592 2204 j

290 2212 398 2254 gunt.
427 2207 521 2244 volo
549 2204 690 2242 intueri
722 2203 846 2252 pretia
864 2202 1068 2250 sanguinis
1089 2202 1384 2250 animarumque
1404 2207 1553 2240 vestra·
1589 2214 1590 2220 ¹

251 2266 401 2302 2rum.‘
422 2260 552 2298 Prima
578 2259 671 2296 mihi
702 2258 881 2297 luxuriae
907 2258 1036 2305 spolia
1056 2267 1261 2305 propone,
1297 2257 1381 2295 sive
1401 2256 1466 2294 illa
1491 2257 1574 2297 vis:v>

291 2326 361 2364 per
390 2316 571 2353 ordinem·
592 2313 838 2361 expandere,
877 2311 982 2359 sive,
1013 2315 1057 2349 ut
1082 2317 1143 2350 est
1174 2311 1332 2358 melius,
1365 2310 1404 2348 in
1430 2321 1560 2348 unum:
1584 2306 1588 2358 ἕ

289 2379 473 2409 acervum
501 2369 616 2407 dare:
643 2368 760 2406 video
788 2367 1026 2413 elaboratam
1045 2366 1282 2415 scrupulosa
1301 2365 1561 2404 distinctione,
1584 2362 1585 2370 ¹
