1592 2580
308 173 387 213 114
678 176 720 212 L.
747 175 934 213 ANNAEI
962 175 1184 215 SENECAE

308 274 397 310 dem
427 273 510 310 eius
537 273 684 319 habeo,
715 274 787 311 sed
810 273 1042 312 beneficium
1061 286 1138 314 non
1161 276 1307 323 habeo,
1339 279 1447 325 quod
1466 289 1558 317 con-

269 341 292 374 4
308 332 476 365 summat
494 332 532 364 et
551 337 616 364 res
638 332 677 365 et
696 327 862 366 animus.
909 328 1244 375 Quemadmodum
1264 331 1319 378 ei,
1351 332 1418 380 qui
1439 334 1561 372 voluit

308 382 400 420 mihi
421 381 579 429 quidem
599 381 805 429 pecuniam
828 383 1008 429 credere,
1038 385 1110 423 sed
1130 396 1210 423 non
1229 386 1355 432 dedit,
1380 386 1480 425 nihil·
1493 388 1560 426 de-

307 437 402 482 beo,
432 437 485 474 ita
504 436 557 483 ei,
589 436 654 483 qui
674 437 797 474 voluit
815 436 908 474 mihi
926 437 1159 477 beneficium
1175 441 1286 488 dare,
1307 441 1378 479 sed
1394 453 1472 480 non
1490 453 1561 490 po-

310 492 397 538 tuit,
428 490 576 528 amicus
607 491 765 542 quidem
793 501 881 539 ero,
909 493 982 530 sed
1000 503 1079 531 non
1100 495 1312 541 obligatus:
1342 500 1380 533 et
1399 497 1488 534 volo
1508 496 1562 534 illi

308 545 457 594 aliquid
479 551 703 593 praestare,
731 557 821 583 nam
841 551 879 585 et
898 546 962 584 ille
978 548 1099 586 voluit
1117 549 1221 586 mihi.
1253 554 1422 588 ceterum
1442 551 1476 589 si
1494 550 1561 588 be-

309 600 487 648 nigniore
502 600 658 638 fortuna
674 611 771 638 usus
789 601 1030 648 praestitero,
1052 602 1284 641 beneficium
1301 605 1460 652 dedero,
1483 615 1562 643 non

308 655 467 701 gratiam
496 656 676 694 retulero.
718 656 781 692 ille
803 656 892 693 mihi
912 657 1073 703 gratiam
1094 657 1252 696 debebit
1269 659 1429 701 referre,
1471 659 1563 697 hinc

308 710 457 748 initium
477 709 560 747 fiet:
591 720 614 746 a
634 720 694 747 me
716 715 951 749 numeratur.

274 776 289 807 1
390 764 470 802 XII.
501 765 689 811 Intellego
711 765 806 811 iam,
829 765 923 813 quid
940 766 1036 803 velis
1054 777 1263 813 quaerere:
1293 778 1371 805 non
1388 779 1488 816 opus
1503 773 1564 806 est

309 826 346 857 te
374 819 523 865 dicere,
561 822 679 858 voltus
706 824 790 858 tuus
818 822 994 868 loquitur.
1055 821 1103 858 Si
1140 822 1250 868 quis
1289 833 1375 860 sua
1411 833 1563 861 causa

308 873 455 911 nobis
496 874 703 921 profuit,
742 875 871 919 eine,
908 875 1057 922 inquis,
1096 875 1304 914 debetur
1341 877 1564 924 aliquid?

308 930 384 967 hoc
411 928 515 966 enim
541 939 663 977 saepe
690 934 727 967 te
750 934 1054 977 conquerentem
1073 931 1210 978 audio,
1242 932 1347 979 quod
1370 932 1563 978 quaedam

307 982 487 1021 homines
509 983 584 1021 sibi
605 988 824 1031 praestant,
853 984 938 1022 aliis
961 985 1148 1031 inputant.
1196 986 1349 1032 Dicam,
1380 987 1431 1023 mi
1449 986 1561 1024 Libe-

308 1038 420 1075 ralis:
450 1037 521 1076 sed
544 1038 650 1085 prius
673 1038 788 1076 istam
808 1039 1143 1086 quaestiunculam
1164 1040 1336 1078 dividam
1352 1046 1388 1077 et
1404 1051 1483 1078 rem
1500 1050 1561 1078 ae-

272 1105 293 1136 2
310 1104 426 1140 quam
446 1093 494 1130 ab
515 1093 648 1140 iniqua
668 1093 875 1140 separabo.
919 1093 1080 1131 Multum
1105 1093 1207 1132 enim
1227 1094 1406 1142 interest,
1437 1100 1563 1133 utrum

308 1146 451 1194 aliquis
474 1147 704 1184 beneficium
724 1147 837 1185 nobis
859 1147 925 1185 det
945 1158 1017 1186 sua
1038 1158 1157 1185 causa
1173 1159 1221 1186 an
1237 1154 1275 1186 et
1291 1160 1375 1187 sua.
1414 1150 1482 1187 Ille
1497 1149 1563 1196 qui

306 1206 409 1239 totus
430 1201 479 1238 ad
499 1211 542 1238 se
564 1206 716 1249 spectat
735 1206 773 1239 et
791 1202 906 1239 nobis
924 1202 1104 1249 prodest,
1135 1204 1227 1250 quia
1244 1204 1352 1241 aliter
1368 1204 1562 1251 prodesse

308 1256 383 1294 sibi
403 1266 481 1293 non
504 1260 652 1303 potest,
684 1265 731 1294 eo
752 1257 840 1294 loco
861 1257 949 1293 mihi
971 1261 1050 1301 est,
1082 1268 1160 1304 quo
1183 1258 1248 1304 qui
1267 1258 1399 1304 pecori
1416 1269 1487 1296 suo
1507 1257 1563 1294 hi-

307 1312 472 1348 bernum
492 1315 530 1347 et
549 1311 740 1348 aestivum
761 1310 946 1358 pabulum
968 1311 1168 1358 prospicit.
1196 1322 1242 1350 eo
1263 1313 1370 1359 loco,
1397 1323 1474 1359 quo
1496 1312 1563 1359 qui

309 1365 488 1413 captivos
518 1375 632 1412 suos,
661 1369 702 1402 ut
722 1365 965 1402 commodius
985 1371 1171 1412 veneant,
1204 1366 1331 1414 pascit
1351 1372 1388 1404 et
1407 1368 1562 1414 opimos

307 1420 433 1458 boves
454 1418 608 1467 saginat
627 1429 672 1456 ac
693 1419 867 1456 defricat.
897 1431 975 1467 quo
994 1420 1153 1466 lanista,
1182 1421 1247 1468 qui
1264 1421 1445 1458 familiam
1461 1431 1562 1459 sum-

307 1485 371 1512 ma
392 1485 485 1512 cura
504 1472 663 1511 exercet
681 1478 799 1521 atque
820 1479 944 1512 ornat.
990 1475 1197 1522 „Multum,
1217 1480 1258 1512 ut
1277 1475 1329 1513 ait
1345 1475 1562 1522 Cleanthes,

309 1541 332 1567 a
350 1527 544 1566 beneficio
567 1528 684 1566 distat
702 1528 953 1575 negotiatio.“

274 1592 291 1623 1
387 1583 486 1621 XIII.
516 1583 669 1620 Rursus
689 1594 767 1620 non
789 1594 876 1621 sum
893 1588 969 1622 tam
986 1583 1161 1630 iniquus,
1181 1589 1224 1621 ut
1238 1583 1331 1623 nihil
1347 1584 1382 1621 ei
1399 1583 1562 1621 debeam

310 1640 396 1686 qui,
429 1648 516 1675 cum
545 1637 635 1674 mihi
654 1639 759 1675 utilis
781 1642 907 1684 esset,
939 1638 1008 1676 fuit
1028 1643 1066 1676 et
1085 1638 1171 1675 sibi.
1212 1649 1290 1676 non
1311 1638 1412 1675 enim
1433 1637 1562 1684 exigo,

307 1698 350 1731 ut
370 1693 455 1730 sine
474 1697 661 1740 respectu
682 1692 743 1730 sui
763 1692 857 1729 mihi
880 1693 1078 1739 consulat,
1108 1692 1224 1730 immo
1244 1692 1359 1730 etiam
1379 1697 1471 1740 opto
1484 1722 1493 1738 ,
1521 1697 1563 1729 ut

308 1747 543 1787 beneficium
569 1746 663 1784 mihi
689 1747 820 1784 datum
847 1747 910 1784 vel
937 1746 1063 1794 magis
1084 1747 1191 1784 danti
1213 1746 1420 1794 profuerit,
1452 1746 1559 1783 dum-

309 1802 427 1839 modo
443 1801 494 1848 id,
511 1801 578 1848 qui
595 1800 722 1849 dabat,
740 1802 841 1839 duos
860 1801 1014 1839 intuens
1031 1801 1182 1838 dederit
1197 1806 1234 1839 et
1247 1801 1345 1838 inter
1361 1810 1422 1837 me
1439 1809 1562 1848 seque

309 1855 497 1894 diviserit.
525 1856 616 1893 licet
635 1855 675 1893 id
696 1856 782 1903 ipse
805 1850 855 1893 ex
873 1857 1021 1894 maiore
1041 1861 1151 1902 parte
1172 1855 1395 1902 possideat,
1425 1855 1458 1892 si
1478 1865 1559 1891 mo-

272 1918 292 1949 2
308 1911 360 1949 do
383 1921 442 1951 me
464 1910 503 1947 in
524 1910 763 1948 consortium
782 1910 957 1954 admisit,
977 1910 1012 1948 si
1028 1911 1128 1948 duos
1146 1909 1339 1957 cogitavit.
1382 1909 1559 1955 Ingratus

310 1976 415 2012 sum,
444 1975 523 2002 non
548 1965 677 2002 solum
703 1965 891 2011 iniustus,
922 1965 997 2002 nisi
1016 1965 1170 2011 gaudeo
1191 1964 1267 2002 hoc
1289 1962 1343 2000 illi
1362 1962 1561 2010 profuisse

312 2020 419 2067 quod
438 2019 627 2067 proderat
645 2019 749 2056 mihi.
780 2030 954 2057 summae
973 2019 1219 2066 malignitatis
1240 2022 1299 2055 est
1318 2027 1395 2054 non
1415 2026 1561 2054 vocare

310 2073 562 2119 beneficium,
583 2073 660 2111 nisi
680 2074 786 2122 quod
807 2074 962 2111 dantem
982 2074 1112 2121 aliquo
1136 2071 1385 2110 incommodo
1404 2070 1559 2109 adfecit.

310 2129 433 2166 Alteri
460 2126 533 2174 illi,
565 2128 632 2176 qui
660 2128 894 2166 beneficium
921 2129 987 2166 dat
1014 2137 1086 2166 sua
1113 2137 1252 2174 causa,
1287 2124 1558 2172 respondebo:

310 2193 408 2220 usus
436 2193 498 2220 me
527 2193 647 2230 quare
673 2184 804 2230 potius
831 2187 869 2220 te
899 2183 991 2221 mihi
1018 2182 1215 2230 profuisse
1235 2181 1342 2218 dices
1364 2189 1481 2228 quam
1497 2189 1559 2217 me

274 2242 295 2276 3
312 2237 403 2274 tibi?
428 2236 567 2284 „Puta‚
589 2237 731 2285 inquit,
749 2238 859 2276 aliter
873 2237 956 2276 fieri
972 2247 1050 2274 non
1065 2245 1186 2284 posse
1202 2245 1263 2272 me
1279 2235 1557 2282 magistratum,

314 2301 430 2339 quam
459 2293 492 2330 si
521 2292 656 2330 decem
685 2297 822 2340 captos
850 2293 957 2330 cives
987 2301 1036 2329 ex
1061 2300 1202 2338 magno
1224 2289 1468 2338 captivorum
1489 2298 1556 2326 nu-
