1624 2626
239 197 374 237 DlAL.
398 196 448 236 V.
485 194 552 236 DE
573 195 662 235 IRA
678 194 774 234 LIB.
794 193 859 233 111.
877 198 1038 236 37—41.
1233 191 1315 233 109

36 307 198 351 tumque
225 299 332 350 apud
366 300 584 349 plerosque
609 298 736 336 robur
761 296 889 336 cadat.
944 295 1136 344 Indignor
1160 293 1317 334 meher-

6 375 7 380 =
38 359 147 396 cules
167 362 206 395 et
224 367 305 395 non
325 355 485 394 invenio
507 353 671 393 dolendi
691 353 864 401 modum,
894 351 970 391 sed
988 357 1148 401 tempus
1169 361 1317 400 exspe-

6 435 7 453 ;
37 413 220 452 ctandum
249 417 323 451 est.
371 411 480 450 dabit
506 420 673 459 poenas.
729 418 848 447 serva
871 408 978 447 istud
1006 408 1044 445 in
1073 406 1207 446 animo
1234 412 1318 446 tuo.

5 480 7 510 l
36 479 125 511 cum
148 467 340 517 potueris,
368 471 407 505 et
429 477 500 515 pro
520 476 635 505 mora
661 465 850 504 reddes.“
888 463 1086 511 castigare
1111 473 1211 502 vero
1240 463 1317 501 ira-

5 557 7 563 .
37 529 214 563 scentem
235 529 274 562 et
293 524 395 562 ultro
416 522 590 562 obirasci
614 520 780 560 incitare
800 524 873 559 est.
924 518 1047 558 Varie
1069 518 1317 567 adgredieris
1337 526 1361 560 2

36 580 276 628 blandeque,
303 579 381 617 nisi
401 579 501 617 forte
526 582 635 616 tanta
663 587 840 626 persona
864 573 956 622 eris,
985 579 1029 614 ut
1054 575 1192 624 possis
1219 575 1320 612 iram

39 634 316 682 conminuere,
353 633 690 683 quemadmodum
718 633 810 671 fecit
835 632 952 671 divus
971 631 1201 680 Augustus,
1229 640 1319 669 cum

39 695 229 730 coenaret
247 690 356 739 apud
374 689 549 728 Vedium
568 689 800 728 Pollionem.
839 688 1012 736 fregerat
1037 698 1143 725 unus
1163 696 1214 724 ex
1235 696 1318 724 ser-

38 746 100 786 vis
124 746 210 785 eius
231 745 518 796 crystallinum.
555 745 643 794 rapi
671 755 760 783 eum
780 743 934 782 Vedius
958 742 1076 782 iussit
1096 753 1146 781 ne
1165 741 1321 790 volgari

40 802 202 851 quidem
221 812 333 840 more
350 801 581 850 periturum.
612 800 815 839 muraenis
838 798 943 838 obici
963 798 1186 845 iubebatur,
1218 808 1320 845 quas

39 857 211 906 ingentis
231 858 269 895 in
292 857 448 906 piscina
467 856 707 896 continebat.
766 855 861 903 Quis
878 865 958 893 non
977 854 1058 894 hoc
1078 855 1187 893 illum
1209 857 1320 902 puta·

0 924 1 936 ³
40 918 102 951 ret
119 912 302 952 luxuriae
322 922 447 951 causa
469 913 629 951 facere?
657 910 824 950 saevitia
846 915 942 949 erat.
997 910 1138 949 Evasit
1157 920 1180 948 e
1198 908 1321 947 mani-
1342 916 1365 952 3

0 989 2 1023 ὲ
41 968 118 1007 bus
138 979 240 1017 puer
258 973 297 1006 et
316 968 494 1016 confugit
512 968 563 1006 ad
585 967 767 1006 Caesaris
788 966 915 1015 pedes
935 966 1030 1004 nihil
1052 966 1158 1004 aliud
1179 965 1322 1014 petitu-

0 1025 1 1039 *
41 1035 124 1071 rus,
146 1035 264 1073 quam
286 1028 328 1062 ut
347 1022 460 1062 aliter
481 1024 638 1071 periret,
658 1033 708 1060 ne
729 1032 824 1060 esca
843 1021 970 1060 fieret.
1012 1026 1145 1060 motus
1166 1024 1230 1059 est
1251 1031 1322 1059 no·

0 1078 1 1081 ’
42 1080 162 1118 vitate
189 1079 434 1119 crudelitatis
456 1079 603 1117 Caesar
621 1083 660 1117 et
684 1077 793 1116 illum
817 1076 978 1126 quidem
1007 1077 1124 1125 mitti,
1153 1076 1321 1125 crystal-

41 1135 123 1174 lina
141 1140 272 1174 autem
301 1133 435 1174 omnia
453 1144 589 1173 coram
609 1144 654 1173 se
675 1133 803 1181 frangi
822 1133 940 1172 iussit
968 1133 1233 1181 conplerique
1261 1131 1321 1180 pi-

0 1227 1 1234 ,
42 1191 207 1230 seinam.
244 1190 332 1229 Fuit
352 1189 514 1229 Caesari
530 1191 589 1229 sic
609 1189 868 1238 castigandus
891 1188 1058 1227 amicus.
1097 1189 1320 1229 beneusus
1341 1194 1364 1228 4

43 1251 106 1292 est
122 1245 272 1285 viribus
292 1246 390 1285 suis.
426 1246 459 1284 E
476 1246 661 1285 convivio
676 1245 764 1294 rapi
782 1243 966 1284 homines
981 1244 1158 1294 imperas
1174 1249 1214 1284 et
1227 1244 1323 1283 novi

43 1302 201 1350 generis
233 1302 374 1351 poenis
401 1300 620 1340 lancinari?
664 1301 699 1340 si
733 1300 838 1339 calix
856 1305 949 1340 tuus
978 1301 1127 1339 fractus
1156 1304 1236 1347 est,
1265 1301 1321 1338 vi·

45 1367 162 1396 scera
183 1357 354 1398 hominis
375 1357 672 1397 distrahentur?
707 1361 860 1395 tantum
886 1356 957 1396 tibi
976 1356 1171 1406 placebis,
1202 1361 1243 1394 ut
1269 1356 1322 1395 ibi

46 1412 217 1461 aliquem
247 1414 336 1452 duci
356 1412 509 1462 iubeas,
529 1413 598 1452 ubi
618 1413 765 1452 Caesar
784 1417 858 1452 est.

123 1468 219 1506 XLI.
249 1467 291 1507 Si
315 1470 378 1508 cui
393 1474 542 1509 tantum
559 1469 760 1518 potentiae
783 1472 856 1515 est,
876 1472 922 1508 ut
934 1467 1034 1506 iram
1054 1478 1106 1506 ex
1121 1468 1322 1517 superiori
1343 1474 1362 1507 1.

47 1524 136 1562 loco
155 1524 319 1572 adgredi
335 1525 475 1573 possit,
494 1527 597 1564 male
611 1529 764 1572 tractet,
793 1529 834 1564 at
848 1525 966 1563 talem
985 1524 1201 1572 dumtaxat,
1225 1535 1321 1573 qua-

46 1580 124 1617 lem
144 1580 264 1618 modo
293 1579 428 1627 retuli,
455 1581 597 1629 feram,
625 1581 843 1629 inmanem,
871 1579 1188 1628 sanguinariam,
1219 1590 1324 1630 quae

45 1635 124 1673 iam
143 1635 375 1674 insanabilis
393 1640 465 1683 est,
492 1636 570 1674 nisi
597 1637 725 1676 maius
751 1636 902 1685 aliquid
921 1635 1111 1674 extimuit.
1128 1637 1214 1663 ***

126 1690 192 1715 ***
212 1701 354 1739 pacem
365 1691 505 1730 demus
519 1692 664 1740 animo,
685 1703 803 1741 quam
823 1691 933 1731 dabit
943 1697 1250 1740 praeceptorum
1260 1702 1323 1731 sa·
1343 1698 1366 1731 2

44 1745 228 1785 lutarium
240 1746 411 1785 adsidua
429 1747 630 1786 meditatio
641 1752 834 1796 actusque
853 1758 985 1786 rerum
1005 1747 1102 1786 boni
1120 1753 1158 1787 et
1176 1747 1326 1786 intenta

46 1812 159 1841 mens
180 1803 230 1841 ad
240 1802 356 1841 unius
367 1802 523 1842 honesti
539 1803 804 1852 cupiditatem.
836 1803 1110 1842 Conscientiae
1129 1805 1227 1842 satis
1243 1803 1324 1841 fiat.

38 1858 100 1896 'nil
119 1858 158 1896 in
168 1858 311 1897 famam
322 1858 571 1898 laboremus:
592 1863 782 1908 sequatur
797 1860 860 1898 vel
876 1860 991 1906 mala,
1012 1859 1106 1897 dum
1126 1858 1229 1897 bene
1243 1868 1325 1896 me—

46 1914 182 1952 rentis.
219 1917 304 1962 „At
321 1914 466 1962 volgus
485 1915 666 1953 animosa
682 1915 845 1954 miratur
861 1919 900 1957 et
917 1915 1094 1953 audaces
1113 1914 1154 1952 in
1174 1914 1327 1953 honore
1345 1919 1368 1955 3

49 1974 152 2016 sunt,
179 1970 327 2019 placidi
347 1981 422 2018 pro
442 1970 637 2009 inertibus
653 1970 887 2010 habentur.“
923 1970 1050 2019 primo
1068 1970 1234 2010 forsitan
1255 1969 1324 2008 ad·

49 2029 201 2075 spectu.
241 2026 315 2065 sed
332 2026 449 2065 simul
470 2025 690 2075 aequalitas
709 2027 814 2065 vitae
833 2026 954 2065 fidem
976 2026 1070 2065 fecit
1084 2037 1165 2065 non
1191 2025 1322 2074 segni—

47 2081 139 2120 tiem
159 2081 265 2120 illam
285 2082 403 2120 animi
433 2092 537 2127 esse,
566 2082 639 2120 sed
661 2092 813 2130 pacem,
840 2085 1055 2120 veneratur
1082 2082 1173 2121 illos
1195 2092 1323 2130 popu-

47 2137 110 2176 lus
128 2135 235 2176 idem
255 2137 443 2186 colitque.
499 2138 603 2176 Nihil
627 2148 722 2186 ergo
741 2137 862 2176 habet
887 2138 925 2176 in
947 2147 993 2176 se
1013 2137 1107 2176 utile
1124 2142 1225 2177 teter
1249 2138 1324 2177 iste
1342 2142 1366 2177 4

49 2197 90 2231 et
106 2192 264 2233 hostilis
280 2194 474 2239 adlectus,
507 2199 548 2232 at
567 2193 700 2233 omnia
727 2204 778 2231 ex
805 2193 1005 2233 contrario
1033 2194 1146 2241 mala,
1175 2193 1324 2232 ferrum

48 2252 90 2287 et
102 2247 228 2297 ignes.
255 2249 412 2298 pudore
422 2250 575 2288 calcato
587 2249 779 2288 caedibus
794 2248 1015 2298 inquinavit
1027 2259 1180 2298 manus,
1201 2260 1324 2288 mem-

50 2301 122 2342 bra
140 2303 356 2345 liberorum
377 2305 579 2356 dispersit.
628 2305 723 2344 nihil
745 2315 915 2345 vacuum
937 2305 1094 2356 reliquit
1111 2315 1137 2344 a
1155 2305 1321 2353 scelere,
