1624 2626
254 175 389 217 DIAL.
415 175 484 215 IV.
521 174 589 216 DE
618 175 710 216 IRA
736 175 831 216 LIB.
862 175 911 214 ΙΙ.
944 182 1121 218 25-28.
1280 175 1332 219 71

46 278 124 320 illis
151 277 259 317 mitis
293 282 334 316 et
369 276 530 327 placida
564 281 646 323 est,
685 280 765 316 tam
793 277 912 324 longe
941 281 1096 316 remota
1125 276 1176 316 ab
1205 277 1335 317 aliena

44 333 188 373 iniuria
216 343 335 382 quam
367 343 392 372 a
422 343 509 372 sua.
557 331 772 371 Dementes
800 331 936 381 itaque
965 337 1006 371 et
1033 332 1161 381 ignari
1188 333 1331 373 verita-
1348 335 1370 368 2

38 390 96 429 tis
117 390 196 429 illis
215 389 399 438 inputant
421 387 627 428 saevitiam
653 387 788 436 maris,
810 387 1036 426 inmodicos
1058 388 1220 437 imbres,
1243 399 1332 438 per-

46 445 230 484 tinaciam
263 444 425 490 hiemis,
466 454 556 482 cum
581 444 745 482 interim
772 442 868 482 nihil
907 442 1051 482 horum
1082 455 1187 493 quae
1215 444 1334 484 nobis

45 505 194 540 nocent
221 504 485 550 prosuntque,
514 499 567 538 ad
590 509 667 538 nos
691 499 853 548 proprie
875 498 1080 548 dirigatur.
1125 510 1205 539 non
1230 500 1335 539 enim

45 567 122 596 nos
143 559 268 595 causa
281 556 431 595 mundo
454 566 596 594 sumus
617 554 787 598 hiemem
809 559 1086 604 aestatemque
1109 555 1333 593 referendi:

47 623 144 652 suas
171 612 248 651 ista
277 613 389 660 leges
417 611 566 650 habent
595 610 742 659 quibus
770 609 905 650 divina
927 615 1177 649 exercentur.
1216 611 1334 649 nimis

47 678 123 707 nos
144 667 419 716 suspicimus,
458 667 492 705 si
525 665 633 715 digni
667 665 787 705 nobis
822 666 1005 705 videmur
1032 671 1198 716 propter
1227 677 1334 715 quos

48 729 154 763 tanta
184 728 431 762 moveantur.
482 721 579 762 nihil
603 732 700 771 ergo
721 721 862 762 horum
886 722 926 760 in
949 728 1124 761 nostram
1151 722 1333 760 iniuriam

45 780 111 828 fit,
141 780 262 819 immo
293 784 432 817 contra
459 777 554 816 nihil
582 788 663 817 non
691 778 744 816 ad
771 778 954 816 salutem.
1013 778 1215 826 Quaedam
1242 781 1373 816 85583

47 835 220 874 diximus
247 844 351 882 quae
376 843 527 872 nocere
547 844 627 872 non
654 833 822 882 possint,
849 834 1046 883 quaedam
1072 842 1176 882 quae
1195 833 1334 872 nolint.

45 890 90 929 In
117 890 166 929 iis
190 894 308 928 erunt
335 890 428 928 boni
452 890 707 937 magistratus
732 894 1004 937 parentesque
1026 893 1066 927 et
1098 893 1333 938 praecepto-

45 956 114 984 res
150 950 190 984 et
226 945 404 993 iudices,
452 955 621 993 quorum
652 945 867 992 castigatio
905 944 965 983 sie
1000 943 1237 993 accipienda
1272 948 1337 982 est

0 1005 1 1022 ³
48 1000 251 1050 quomodo
282 1000 516 1049 scalpellum
549 1005 591 1039 et
619 999 860 1038 abstinentia
888 1004 928 1038 et
955 1000 1034 1038 alia
1062 1010 1165 1048 quae
1200 1000 1334 1048 prosu-

46 1062 134 1096 tura
155 1061 354 1105 torquent.
383 1055 542 1094 Adfeeti
565 1065 703 1093 sumus
727 1065 880 1103 poena:
911 1059 1122 1094 succurrat
1145 1065 1226 1093 non
1252 1059 1334 1093 tan-
1350 1055 1374 1089 4

45 1118 128 1151 tum
164 1112 261 1160 quid
300 1111 514 1160 patiamur,
553 1110 627 1149 sed
661 1110 760 1160 quid
782 1110 1015 1158 fecerimus,
1054 1111 1094 1148 in
1125 1109 1337 1149 consilium

45 1167 98 1206 de
125 1167 207 1206 vita
233 1173 372 1206 nostra
401 1167 618 1206 mittamur:
649 1167 684 1204 si
712 1166 834 1206 modo
864 1176 1004 1206 verum
1028 1165 1108 1215 ipsi
1134 1166 1253 1204 nobis
1277 1165 1334 1204 di-

47 1228 139 1261 cere
167 1222 432 1269 voluerimus‚
463 1222 589 1270 pluris
617 1222 724 1260 litem
751 1226 931 1260 nostram
958 1221 1270 1260 aestimabimus.

127 1278 302 1318 XXVIII.
345 1278 388 1316 Si
419 1279 604 1316 volumus
642 1280 762 1326 aequi
796 1288 931 1316 rerum
968 1278 1141 1317 omnium
1179 1276 1334 1316 iudices
1353 1282 1371 1315 1

47 1343 160 1382 esse,
199 1333 278 1378 hoc
315 1334 484 1383 primum
513 1333 630 1372 nobis
660 1333 1000 1382 persuadeamus,
1034 1333 1233 1372 neminem
1263 1343 1334 1372 no-

48 1394 172 1428 strum
208 1399 304 1428 esse
341 1389 430 1428 sine
467 1390 598 1438 culpa.
648 1389 740 1428 hinc
775 1389 880 1428 enim
913 1388 1089 1428 maxima
1115 1387 1335 1436 indignatio

49 1443 185 1483 oritur.
214 1444 350 1493 „Nihil
373 1444 575 1493 peccavi“
603 1449 642 1483 et
668 1444 800 1494 „nihil
827 1445 944 1483 feei.⁴‘
971 1446 1095 1484 Immo
1118 1443 1215 1483 nihil
1239 1444 1336 1482 fate-

47 1499 118 1538 ris.
147 1500 403 1549 Indignamur
432 1500 568 1549 aliqua
595 1500 867 1540 admonitione
895 1505 963 1540 aut.
989 1499 1234 1539 coercitione
1260 1509 1337 1538 nos

49 1554 285 1603 castigatos,
315 1565 404 1594 cum
432 1556 498 1594 illo
528 1556 619 1605 ipso
642 1561 824 1605 tempore
847 1567 1082 1605 peccemus,
1115 1555 1227 1605 quod
1253 1554 1336 1593 adi-

49 1611 175 1649 cimus
198 1611 418 1649 malefactis
443 1611 715 1660 adrogantiam
740 1617 780 1651 et
807 1612 1111 1651 contumaciam.
1155 1610 1254 1659 Quis
1276 1613 1373 1649 est2

49 1666 126 1705 iste
162 1666 230 1715 qui
262 1676 308 1704 se
342 1665 550 1715 profitetur
578 1668 762 1707 omnibus
789 1668 946 1716 legibus
975 1667 1261 1706 innocentem?
1294 1670 1339 1705 ut

48 1721 127 1760 hoc
155 1721 210 1761 ita
237 1721 308 1769 sit,
342 1732 463 1770 quam
491 1728 662 1771 angusta
688 1723 917 1763 innocentia
945 1728 1008 1762 est
1035 1724 1087 1762 ad
1110 1723 1240 1771 legem
1264 1720 1337 1759 bo-

48 1788 142 1816 num
178 1782 301 1816 esse?
335 1781 484 1826 quanto
520 1777 640 1816 latius
676 1779 900 1818 officiorum
936 1783 1046 1827 patet
1082 1789 1203 1828 quam
1239 1776 1338 1815 iuris

48 1833 218 1881 regula?
254 1843 374 1881 quam
403 1832 527 1871 multa
552 1833 702 1882 pietas,
738 1833 986 1883 humanitas,
1010 1834 1248 1879 liberalitas,
1278 1832 1338 1870 iu·

51 1888 168 1934 stitia,
197 1887 302 1927 fides
327 1888 503 1936 exigunt,
530 1899 635 1936 quae
663 1890 797 1928 omnia
825 1895 938 1929 extra
964 1890 1150 1938 >publicas
1179 1887 1338 1926 tabulas

51 1947 172 1982 sunt?
213 1942 295 1982 Sed
321 1954 374 1982 ne
400 1944 452 1981 ad
481 1943 587 1982 illam
618 1944 779 1993 quidem
811 1945 1050 1984 artissimam
1087 1940 1376 1984 innocentiae3

50 1999 260 2038 formulam
296 2003 504 2048 praestare
539 2010 614 2038 nos
644 2010 882 2048 possumus:
919 2001 999 2039 alia
1034 1999 1220 2047 fecimus,
1261 1998 1339 2036 alia

51 2054 336 2103 cogitavimus,
374 2055 452 2094 alia
480 2055 728 2103 optavimus,
765 2056 853 2094 aliis
883 2056 1075 2103 favimus,
1103 2054 1144 2094 in
1172 2052 1336 2103 quibus·

50 2109 143 2148 dam
171 2110 405 2149 innocentes
435 2121 596 2158 sumus,
626 2109 724 2159 quia·
748 2122 831 2151 non
860 2111 1070 2150 successit.
1111 2110 1201 2149 Hoc
1230 2109 1374 2157 cogi—4

50 2170 180 2204 tantes
205 2166 419 2215 aequiores
444 2164 572 2204 simus
595 2166 938 2214 delinquentibus,
968 2165 1178 2205 credamus
1203 2164 1336 2203 obiur-

50 2221 257 2268 gantibus=
284 2222 422 2270 utique
451 2221 568 2260 nobis
590 2229 643 2259 ne
663 2221 902 2269 irascamur,
932 2222 1014 2269 (cui
1041 2220 1146 2261 enim
1169 2231 1271 2267 non,
1301 2219 1336 2258 si

51 2276 169 2315 nobis
195 2280 402 2326 quoquess)
424 2277 585 2315 minime
608 2277 683 2315 dis.
712 2287 792 2315 non
815 2277 921 2316 enim
940 2276 1119 2324 illorum,
1149 2277 1223 2316 sed
1245 2275 1335 2323 lege

49 2332 296 2372 mortalitatis
311 2332 484 2382 patimur
497 2332 689 2382 quicquid
705 2332 947 2372 incommodi
960 2333 1115 2372 accidit.
1139 2333 1192 2371 At
1205 2330 1333 2370 morbi
