1624 2626
493 363 540 418 1„
564 362 748 418 Aluum
777 361 1002 418 SENECAE

315 462 801 529 DIALOGORUM
839 461 1067 525 LIBER
1105 462 1196 525 lx.

608 579 668 613 AD
693 579 893 613 SERENUM

438 658 495 702 ΒΕ
517 657 895 708 'tumultuum
915 656 1066 703 mm.

188 827 220 866 Ι.
261 826 487 877 [SERENUS]
526 825 745 874 Inquirenti
775 825 873 865 mihi
904 826 946 865 in
977 836 1044 865 me
1077 823 1277 874 quaedam
1308 822 1438 863 vitial

107 882 357 933 adparebant
383 885 554 928 retecta,
586 882 626 920 in
655 886 795 931 aperto
829 882 982 931 posita,
1018 891 1123 931 quae
1142 891 1265 919 manu
1282 891 1402 929 pren—

108 940 266 985 derem,
288 938 487 988 quaedam
507 937 746 976 obscuriora
764 943 804 978 et
823 937 864 976 in
884 948 1074 986 recessu,
1103 936 1303 986 quaedam
1322 947 1403 975 non

108 995 316 1042 continua,
337 994 412 1032 sed
432 1004 484 1032 ex
506 994 726 1032 intervallis
745 994 976 1042 redeuntia,
997 1003 1102 1043 quae
1118 992 1183 1031 vel
1202 993 1403 1031 molestis-

108 1051 211 1090 sima
237 1050 428 1096 dixerim,
461 1053 505 1088 ut
530 1048 670 1087 hostes
695 1059 826 1097 vagos
855 1054 896 1088 et
916 1059 968 1088 ex
989 1047 1274 1088 occasionibus
1294 1048 1403 1087 adsi-

105 1107 269 1154 tientes,
302 1115 375 1154 per
402 1115 507 1154 quos
535 1109 722 1143 neutrum
749 1105 861 1153 licet,
894 1115 971 1144 nec
997 1109 1202 1153 tamquam
1229 1103 1270 1142 in
1295 1103 1403 1143 bello

106 1167 289 1212 paratum
309 1171 404 1200 esse
423 1171 498 1199 nec
514 1164 718 1210 tamquam
735 1160 775 1199 in
793 1171 896 1210 pace
911 1171 1113 1200 securum.
1147 1159 1257 1199 iilum
1271 1164 1403 1199 tamen
1420 1165 1442 1198 2

106 1217 282 1257 habitum
303 1217 342 1255 in
365 1227 430 1255 me
449 1216 623 1255 maxime
642 1216 852 1265 deprendo
871 1222 1017 1266 (quare
1037 1217 1143 1254 enim
1162 1227 1244 1255 non
1264 1225 1405 1254 verum

106 1279 151 1313 ut
174 1274 332 1313 medico
360 1273 540 1319 rate-ara)
573 1282 648 1310 nec
682 1271 789 1312 bona
820 1272 903 1312 fide
938 1273 1146 1311 liberatum
1180 1271 1263 1319 eis,
1299 1281 1405 1321 quae

106 1330 295 1369 timebam
322 1333 362 1368 et
392 1328 579 1376 oderam,
607 1338 683 1366 nec
709 1339 853 1368 rursus
882 1328 1115 1368 obnoxium.
1152 1328 1198 1366 In
1229 1332 1336 1367 statu
1362 1332 1407 1367 ut

108 1397 190 1425 non
210 1385 403 1435 pessimo,
424 1384 479 1422 ita
499 1384 670 1423 maxime
691 1385 859 1434 querulo
879 1390 920 1424 et
937 1395 1102 1424 moroso
1118 1384 1278 1433 positus
1294 1395 1404 1423 sum:

110 1452 186 1480 nec
205 1446 370 1490 aegroto
391 1450 467 1479 nec
486 1440 616 1479 valeo.
658 1440 746 1479 Non
767 1446 842 1488 est,
865 1441 976 1490 quod
997 1439 1110 1479 dicas
1131 1439 1308 1479 omnium
1328 1440 1405 1478 vir·
1420 1445 1444 1479 3

109 1502 240 1536 tutum
268 1501 404 1535 tenera
430 1506 525 1534 esse
551 1495 772 1545 principia,
807 1502 991 1545 tempore
1019 1496 1097 1535 illis
1125 1496 1406 1534 duramentum

110 1557 152 1591 et
176 1553 300 1592 robur
327 1552 536 1591 accedere.
573 1563 655 1591 non
688 1553 830 1601 ignoro
865 1552 984 1592 etiam
1019 1562 1126 1601 quae
1158 1552 1198 1590 in
1225 1550 1406 1600 speciem

110 1608 313 1655 laborant,
342 1607 571 1656 dignitatem
600 1607 692 1647 dico
721 1613 760 1647 et
787 1608 1044 1657 eloquentiae
1071 1609 1218 1646 famam
1238 1612 1278 1646 et
1296 1607 1406 1656 quic-

112 1664 211 1713 quid
229 1663 279 1702 ad
302 1663 471 1701 alienum
492 1663 728 1711 suffragium
747 1665 876 1713 venit,
903 1675 1018 1702 mora
1037 1664 1340 1703 convalescere.
1370 1668 1409 1702 et

113 1729 219 1768 quae
241 1729 359 1758 veras
378 1718 485 1756 vires
509 1723 651 1766 parant
669 1724 708 1758 et
728 1730 834 1768 quae
852 1720 906 1759 ad
926 1720 1170 1769 placendum
1191 1719 1285 1758 suco
1306 1729 1407 1768 quo-

112 1776 204 1815 dam
241 1775 532 1821 subornantur,
573 1780 812 1823 exspectant
853 1786 1004 1824 annos,
1046 1776 1179 1815 donec
1215 1774 1409 1824 paulatim

112 1832 291 1871 colorem
318 1829 556 1869 diuturnitas
586 1829 718 1869 ducat.
759 1831 834 1870 sed
861 1841 938 1881 ego
965 1842 1130 1880 vereor,
1158 1842 1211 1870 ne
1237 1841 1408 1870 consue-

108 1887 231 1935 tudo,
266 1896 371 1935 quae
402 1884 527 1924 rebus
561 1885 691 1925 adfert
722 1888 1007 1934 constantiam,
1040 1887 1120 1926 hoc
1146 1886 1285 1926 vitium
1313 1886 1410 1924 mihi

112 1943 230 1982 altius
250 1942 359 1991 figat.
398 1946 478 1980 tam
507 1941 702 1980 malorum
730 1954 851 1991 quam
874 1943 1075 1983 bonorum
1098 1943 1221 1990 longa
1240 1951 1407 1982 eonver-

114 1999 216 2038 satio
249 2007 427 2037 amorem
457 1996 596 2035 induit.
642 1997 751 2036 Haec
779 1998 899 2037 animi
926 1999 1029 2038 inter
1055 2003 1272 2047 utrumque
1300 1997 1447 2038 dubii-1

112 2065 191 2093 nec
218 2053 271 2092 ad
297 2057 409 2092 recta
439 2052 593 2092 sortiter
619 2063 695 2092 nec
724 2055 775 2093 ad
804 2066 930 2102 prava
962 2054 1166 2103 vergentis
1199 2053 1409 2093 infirmitas

115 2109 246 2159 qualis
276 2109 347 2157 sit,
381 2119 463 2148 non
490 2113 571 2146 tam
600 2109 725 2147 semel
750 2110 820 2148 tibi
851 2121 1019 2159 possum
1039 2121 1159 2158 quam
1179 2120 1252 2159 per
1271 2115 1408 2159 partes

114 2165 343 2206 ostendere.
383 2165 516 2203 dicam
544 2174 648 2213 quae
676 2166 861 2205 accidant
886 2165 1003 2204 mihi:
1030 2170 1074 2204 tu
1092 2165 1232 2205 morbo
1259 2176 1410 2205 nomen

114 2221 311 2260 invenies.
348 2220 472 2259 Tenet
497 2231 562 2259 me
591 2230 772 2259 summus
801 2231 913 2260 amor
942 2220 1231 2270 parsimoniae,
1266 2222 1408 2261 fateor.
1426 2227 1448 2260 5

116 2277 249 2325 placet
280 2287 361 2316 non
395 2277 435 2315 in
470 2275 726 2315 ambitionem
759 2276 890 2316 cubile
925 2277 1201 2326 conpositum,
1241 2288 1324 2317 non
1358 2287 1411 2315 cx

117 2333 253 2372 arcula
272 2333 428 2383 prolata
453 2332 600 2381 vestis,
626 2342 707 2372 non
734 2332 983 2382 ponderibus
1012 2343 1059 2372 ac
1077 2333 1184 2373 mille
1202 2333 1409 2374 tormentis
