1592 2580
307 196 384 238 178
674 197 716 234 L.
746 197 933 234 ANNAEI
962 196 1186 236 SENECAE

302 298 442 343 refert,
464 296 581 344 quale
599 295 649 334 sit
667 296 727 343 id,
749 296 857 344 quod
876 297 1111 342 incenditur,
1132 303 1171 336 et
1196 308 1314 345 quam
1333 298 1556 343 vehemens,

305 362 383 399 quo
403 350 634 389 incenditur.
662 351 831 389 Ventum
848 356 975 389 autem
993 351 1186 399 significat
1205 351 1400 391 eiusmodi
1419 352 1556 401 lapsus

302 411 341 445 et
361 405 520 454 quidem
540 404 589 442 ab
612 415 660 442 ea
682 409 811 452 parte,
833 415 911 453 qua
933 406 1109 454 erumpit.

380 459 466 498 XV.
481 459 634 507 „Fulg
645 470 697 496 or
708 470 729 498 e
743 470 762 497 s
774 489 784 507 ,
802 459 945 508 inquit,
962 460 1159 508 quomodo
1176 461 1284 509 fiunt,
1302 471 1402 509 quos
1420 461 1557 500 Graeci

301 515 410 553 sela
435 514 694 562 adpellant2“
721 513 873 561 Multis,
900 519 942 553 ut
969 514 1093 561 aiunt,
1119 515 1269 554 modis=
1309 521 1440 563 potest
1467 515 1556 554 illos

299 574 507 607 ventorum
528 566 589 606 vis
610 568 750 615 edere,
781 573 914 616 potest
932 569 1148 617 superioris
1167 569 1266 607 coeli
1286 570 1428 608 fervor.
1467 581 1556 608 nam

301 633 390 661 cum
417 624 494 661 late
519 623 632 661 susus
653 623 704 660 sit
722 622 844 670 ignis,
871 623 1057 662 inferiora
1076 623 1310 672 aliquando,
1340 624 1374 663 si
1393 625 1557 663 accendi

301 682 392 716 sunt
419 677 581 724 idonea,
608 677 778 725 corripit.
809 681 941 726 potest
968 679 1166 716 stellarum
1186 683 1314 716 motus
1344 689 1463 717 cursu
1482 690 1555 717 suo

300 732 474 771 excitare
501 730 631 779 ignem
657 736 694 769 et
722 731 759 770 in
792 732 968 771 subiecta
993 733 1265 771 transmittere.
1296 733 1391 780 quid
1411 738 1557 781 porro?

300 797 379 825 non
400 791 532 835 potest
557 785 664 833 fieri,
692 791 733 824 ut
752 797 820 825 aer
835 787 914 824 vim
934 787 1088 835 igneam
1106 797 1235 835 usque
1253 786 1290 825 in
1313 787 1471 825 aethera
1489 788 1549 825 eli·

300 842 386 887 dat,
414 851 465 879 ex
485 850 564 888 qua
592 841 722 888 fulgor
748 841 917 880 ardorve
942 840 993 880 sit
1017 843 1080 879 vel
1100 842 1236 880 stellae
1256 841 1392 880 similis
1415 851 1553 880 excur-

257 906 279 938 2
299 900 397 934 sus?
431 895 492 932 Ex
510 895 571 933 his
591 895 809 942 fulgoribus
829 896 1022 944 quaedam
1050 906 1245 944 praeceps
1273 901 1384 943 eunt,
1415 896 1556 934 similia

302 949 600 999 prosilientibus
626 949 762 988 stellis.
808 950 1002 998 quaedam
1028 955 1133 988 certo
1161 951 1249 989 loco
1270 955 1500 998 permanent
1519 955 1557 988 et

299 1010 446 1044 tantum
467 1005 565 1043 lucis
587 1005 782 1051 emittunt,
803 1010 846 1043 ut
865 1005 1000 1054 fugent
1017 1005 1199 1043 tenebras
1218 1009 1257 1043 et
1275 1005 1378 1042 diem
1396 1014 1553 1052 reprae

299 1064 472 1106 sentent,
502 1060 630 1097 donec
656 1065 891 1108 consumpto
918 1060 1101 1097 alimento
1131 1059 1294 1106 primum
1323 1059 1554 1098 obscuriora

299 1115 397 1161 sint,
425 1114 569 1151 deinde
595 1112 776 1151 flammae
796 1114 934 1159 modo,
964 1113 1119 1161 quaein
1139 1123 1184 1150 se
1204 1113 1326 1160 cadit,
1355 1124 1425 1161 per
1450 1112 1553 1151 adsi-

300 1169 418 1207 duam
448 1167 743 1206 diminutionem
761 1168 988 1215 redigantur
1008 1168 1046 1205 in
1067 1167 1239 1205 nihilum.
1275 1167 1334 1205 Ex
1354 1167 1415 1206 his
1436 1178 1552 1216 quae-

299 1223 390 1261 dam
416 1222 455 1260 in
482 1221 652 1260 nubibus
682 1222 889 1270 adparent,
923 1221 1116 1269 quaedam
1145 1232 1265 1269 supra
1285 1222 1431 1268 nubes,
1466 1233 1554 1260 cum

299 1288 367 1316 aer
386 1276 544 1325 spissus
563 1276 712 1324 ignem,
741 1287 858 1324 quem
879 1276 1042 1325 propior
1059 1276 1173 1314 terris
1197 1275 1264 1314 diu
1284 1281 1465 1324 paverat,
1487 1287 1552 1314 us-

257 1346 278 1378 3
299 1342 376 1380 que
393 1332 432 1369 in
453 1331 585 1369 sidera
602 1331 811 1380 expressit.
839 1331 993 1369 Horum,
1008 1331 1140 1378 aliqua
1158 1341 1236 1369 non
1257 1330 1453 1378 patiuntur
1471 1341 1553 1369 mo-

297 1397 378 1424 ram
390 1416 400 1433 ‚
423 1386 496 1424 sed
513 1389 783 1424 transcurrunt
797 1389 864 1424 aut
878 1384 1177 1432 exstinguuntur
1191 1385 1375 1432 subinde,
1397 1395 1476 1433 qua
1493 1395 1553 1422 re-

297 1443 489 1480 luxerunt.
516 1440 625 1478 Haec
644 1440 871 1488 fulgores
891 1440 1090 1486 dicuntur,
1113 1440 1203 1487 quia
1221 1439 1353 1477 brevis
1372 1439 1493 1478 facies
1510 1438 1552 1476 il-

296 1497 422 1535 lorum
439 1494 644 1534 etcaduca
658 1498 807 1533 estnec
822 1494 907 1533 sine
922 1494 1060 1533 iniuria
1076 1493 1278 1532 decidens.
1308 1503 1430 1541 saepe
1452 1493 1553 1531 enim

298 1549 503 1589 fulminum
522 1559 650 1588 noxas
672 1549 888 1588 ediderunt.
925 1549 977 1587 ab
994 1548 1055 1587 his
1077 1552 1176 1586 tecta
1194 1559 1268 1586 nos
1287 1547 1458 1586 vidimus
1476 1547 1554 1586 icta

258 1621 280 1653 4
299 1606 383 1643 sine
412 1604 594 1651 fulmine,
623 1613 724 1652 quae
750 1605 1100 1651 asteroplecta
1129 1603 1267 1641 Graeci
1295 1607 1448 1640 vocant.
1502 1603 1554 1639 At

299 1659 444 1708 quibus
474 1657 629 1706 longior
653 1668 764 1696 mora
790 1662 828 1696 et
854 1658 990 1696 fortior
1007 1656 1108 1705 ignis
1127 1661 1189 1695 est
1202 1662 1427 1704 motumque
1454 1657 1553 1694 coeli

298 1723 486 1762 sequens,
525 1718 591 1751 aut
611 1712 687 1762 qui‘
697 1713 881 1761 proprios
901 1722 1041 1751 cursus
1061 1717 1197 1759 agunt,
1224 1721 1279 1750 co
1291 1722 1326 1749 m
1338 1715 1412 1749 eta
1424 1721 1444 1748 s
1462 1721 1487 1748 n
1503 1720 1551 1749 o-

299 1769 391 1808 stri
411 1772 604 1816 putant,
631 1767 686 1805 de
712 1768 894 1815 quibus
914 1766 1173 1805 dicendum
1193 1771 1280 1804 est.
1315 1766 1466 1803 Horum
1485 1775 1551 1812 ge-

299 1833 395 1861 nera
422 1827 515 1861 sunt
542 1822 814 1870 pogoniae,
841 1821 1099 1869 lampades
1118 1825 1156 1858 et
1175 1819 1496 1870 cyparissiae
1515 1824 1550 1856 et

298 1877 375 1916 alia
395 1875 544 1924 omnia,
572 1887 737 1925 quorum
763 1875 864 1924 ignis
884 1876 921 1914 in
942 1875 1049 1914 exitu
1067 1886 1233 1923 sparsus
1253 1879 1323 1915 est.
1370 1873 1550 1918 Dubium,

299 1943 349 1970 an
373 1931 473 1970 inter
497 1931 573 1971 hos
596 1934 792 1979 ponantur
822 1931 989 1969 trabes
1021 1934 1059 1968 et
1091 1929 1298 1978 pithiae‚
1334 1938 1435 1977 quae
1461 1937 1550 1964 raro

301 1992 393 2026 sunt
427 1985 526 2025 visa.
567 1986 687 2024 multa
720 1985 823 2023 enim
857 1984 1156 2032 conglobatione
1186 1984 1332 2032 ignium
1364 1982 1550 2029 indigent,

301 2051 391 2080 cum
416 2041 555 2089 ingens
582 2041 734 2078 illorum
753 2039 860 2078 orbis
878 2040 1117 2088 aliquantum
1136 2036 1312 2076 matutini
1330 2036 1549 2085 amplitudi-

260 2105 280 2137 5
302 2106 391 2134 nem
408 2095 504 2134 solis
523 2098 748 2144 exsuperet.
785 2095 888 2132 Inter
913 2094 1012 2132 haec
1038 2104 1165 2142 ponas
1183 2092 1272 2130 licet
1290 2097 1328 2130 et
1348 2091 1455 2140 quod
1474 2090 1548 2128 fre-

304 2155 470 2198 quenter
499 2150 536 2188 in
564 2148 739 2189 historiis
763 2149 928 2196 legimus
958 2148 1148 2189 coelum
1175 2146 1352 2184 ardere
1378 2147 1548 2189 visum,

304 2205 416 2244 euius
443 2214 738 2253 nonnumquam
763 2207 841 2241 tam
870 2203 1046 2241 sublimis
1066 2202 1183 2241 ardor
1201 2207 1271 2248 est,
1287 2205 1328 2239 ut
1346 2200 1445 2239 inter
1463 2199 1549 2247 ipsa

304 2260 436 2297 sidera
457 2257 655 2306 videatur,
684 2268 976 2305 nonnumquam
1002 2262 1078 2295 tam
1105 2255 1278 2301 humilis,
1308 2260 1350 2294 ut
1377 2254 1548 2303 speciem

302 2314 504 2362 longinqui
519 2313 688 2353 incendii
702 2312 899 2363 praebeat.
930 2312 1011 2351 Sub
1020 2311 1171 2350 Tiberio
1182 2310 1350 2349 Caesare
1366 2309 1548 2349 cohortes
