1592 2580
289 191 367 232 150
642 191 686 229 L.
714 191 903 230 ANNAEl
931 191 1154 232 SENECAE

420 290 487 338 qui
503 287 672 329 candore
689 290 792 328 nives
809 291 1012 338 anteirent,
1039 292 1212 330 cursibus
1229 302 1357 340 auras,

287 343 395 392 quod
421 354 501 382 non
527 347 681 392 poterat
699 343 784 382 fieri
803 344 918 392 dixit,
943 349 985 384 ut
1003 345 1224 384 crederetur
1244 351 1430 395 quantum
1449 348 1531 398 plu-

285 399 423 437 rimum
442 403 591 446 posset.
633 397 682 436 Et
702 397 767 446 qui
786 397 883 437 dixit

419 453 478 491 his
495 453 705 492 inmobilior
722 455 903 501 scopulis,
930 454 1124 493 violentior
1140 465 1262 502 amne,

286 507 431 545 nemini
450 507 526 546 hoc
547 507 704 555 quidem
723 517 768 545 se
785 517 1064 555 persuasurum
1083 508 1250 556 putavit,
1272 509 1442 558 aliquem
1456 515 1535 549 tam

249 563 271 597 2
288 560 510 600 inmobilem
525 571 616 600 esse
629 571 745 610 quam
760 562 977 610 scopulum.
1005 561 1223 610 Numquam
1238 567 1385 602 tantum
1401 570 1536 612 sperat

285 616 506 665 hyperbole
534 620 719 664 quantum
748 616 884 662 audet,
912 616 984 655 sed
1010 616 1252 656 incredibilia
1273 618 1468 665 adfirmat,
1493 624 1535 658 ut

285 671 337 708 ad
362 670 562 709 credibilia
588 671 802 718 perveniat.
858 670 951 710 Cum
978 671 1166 710 dicimus:
1204 672 1270 720 qui
1301 672 1535 711 beneficium

286 725 413 771 dedit,
443 725 714 772 obliviscatur,
741 724 818 764 hoc
843 724 1027 764 dicimus:
1056 726 1193 765 similis
1220 726 1271 764 sit
1289 726 1421 766 oblito.
1454 737 1533 765 me-

250 779 272 814 3
289 780 413 818 moria
432 779 517 817 eius
543 790 622 817 non
642 779 832 827 adpareat
848 789 922 818 nec
940 780 1121 819 incurrat.
1171 781 1265 820 Cum
1284 781 1448 819 dicimus
1467 781 1533 820 be—

286 833 468 872 neficium
493 834 617 882 repeti
644 845 722 873 non
750 838 953 882 oportere,
980 845 1060 873 non
1088 845 1139 873 ex
1164 840 1245 874 toto
1265 835 1535 884 repetitionem

286 888 477 927 tollimus:
507 898 627 937 saepe
645 888 747 927 enim
766 899 867 937 opus
887 893 948 927 est
966 888 1078 927 malis
1097 894 1302 937 exactore,
1331 890 1447 942 etiam
1463 890 1534 929 bo—

287 943 348 981 nis
377 942 655 992 admonitione.
699 942 798 990 Quid
823 941 947 991 ergo?
974 943 1224 983 occasionem
1243 942 1535 992 ignorantiffion

287 997 519 1036 ostendam?
561 997 817 1036 necessitates
848 997 902 1036 illi
930 1008 1039 1036 meas
1066 1008 1143 1036 non
1173 999 1379 1046 detegam?
1415 1009 1536 1046 quare

286 1051 466 1089 nescisse
498 1061 543 1090 se
575 1056 642 1090 aut
666 1052 870 1090 mentiatur
901 1056 967 1090 aut
998 1053 1161 1091 doleat?
1201 1052 1437 1092 Interveniat
1466 1054 1534 1091 ali-

287 1105 446 1154 quando
466 1105 697 1154 admonitio,
723 1106 797 1145 sed
816 1107 1057 1155 verecunda,
1083 1117 1186 1156 quae
1204 1117 1283 1146 non
1302 1113 1445 1156 poscat
1462 1117 1535 1145 nec

286 1160 322 1198 in
343 1160 405 1198 ius
424 1164 552 1198 vocet.
1037 1200 1043 1205 ,

251 1216 268 1247 1
363 1213 500 1252 XXIV.
529 1213 713 1253 Socrates
735 1215 870 1253 amicis
889 1214 1157 1262 audientibus,
1186 1217 1372 1263 emissem,
1400 1216 1533 1264 inquit,

278 1269 462 1317 pallium,
490 1269 525 1307 si
541 1279 708 1307 nummos
726 1270 914 1308 haberem.
954 1268 1154 1308 Neminem
1173 1270 1377 1319 poposcit,
1398 1265 1535 1308 o'mnes

286 1322 499 1361 admonuit.
540 1333 565 1360 a
589 1333 668 1371 quo
697 1323 911 1371 acciperet,
937 1324 1104 1362 ambitus
1131 1325 1213 1363 fuit.
1248 1324 1383 1373 quidni
1403 1328 1537 1363 esset?

286 1377 515 1425 quantulum
533 1376 634 1414 enim
654 1382 754 1425 erat,
776 1377 883 1425 quod
902 1377 1086 1416 Socrates
1106 1377 1351 1426 accipiebat?
1381 1382 1421 1416 at
1438 1379 1535 1416 mul-

244 1433 265 1465 2
284 1436 364 1470 tum
384 1434 466 1469 erat
485 1440 572 1469 eum
601 1431 744 1478 fuisse,
773 1441 797 1469 a
816 1442 894 1480 quo
915 1431 1100 1471 Socrates
1120 1433 1329 1480 acciperet.
1373 1432 1474 1470 Num
1492 1431 1536 1470 il-

283 1486 346 1525 los
375 1485 569 1533 castigare
595 1486 750 1524 mollius
773 1487 922 1534 potuit?
964 1486 1166 1534 Emissem‚
1191 1486 1334 1535 inquit,
1360 1488 1534 1535 pallium,

283 1542 319 1578 si
334 1550 501 1578 nummos
514 1540 703 1578 haberem.
738 1539 832 1579 Post
843 1539 920 1578 hoc
937 1540 1117 1589 quisquis
1134 1541 1424 1590 properaverit,
1444 1550 1535 1579 sero

285 1594 364 1632 dat.
392 1593 469 1632 iam
490 1593 642 1632 Socrati
661 1594 796 1633 defuit.
836 1594 1000 1642 Propter
1019 1595 1184 1635 acerbos
1200 1599 1406 1634 exactores
1421 1604 1533 1643 repe-

285 1653 368 1687 tere
388 1648 658 1696 prohibemus,
683 1659 760 1687 non
778 1654 821 1687 ut
838 1660 1047 1697 numquam
1067 1649 1153 1698 fiat,
1181 1650 1254 1688 sed
1271 1655 1314 1689 ut
1331 1659 1463 1698 parce.

246 1708 263 1740 1
364 1701 484 1742 XXV.
533 1701 759 1751 Aristippus
804 1703 1015 1751 aliquando
1060 1704 1276 1744 delectatus
1314 1707 1533 1751 unguentoz

284 1758 402 1803 male,
429 1755 574 1804 inquit,
596 1758 675 1796 istis
692 1757 920 1804 effeminatis
936 1760 1100 1806 eveniat,
1123 1761 1285 1807 quirem
1303 1763 1381 1797 tam
1398 1759 1533 1796 bellam

284 1811 582 1858 infamaverunt.
622 1811 729 1849 Idem
749 1812 957 1850 dicendum
976 1817 1055 1851 est:
1085 1814 1186 1851 male
1203 1811 1289 1852 istis
1304 1811 1480 1860 inprobis
1495 1816 1534 1850 et

285 1864 505 1913 inportunis
535 1864 815 1903 beneficiorum
848 1877 1008 1905 suorum
1041 1867 1413 1915 quadruplatoribus
1442 1875 1531 1904 eve·

285 1920 383 1967 niat,
414 1919 481 1968 qui
505 1924 582 1958 tam
607 1919 748 1957 bellam
774 1930 875 1966 rem,
912 1920 1213 1960 admonitionem
1246 1921 1345 1959 inter
1370 1919 1532 1967 amicos,

285 1975 536 2013 sustulerunt.
580 1973 663 2021 Ego
691 1978 819 2012 tamen
848 1978 935 2012 utar
952 1974 1028 2014 hoc
1046 1975 1130 2013 iure
1149 1975 1338 2014 amicitiae
1357 1979 1395 2012 et
1412 1973 1531 2012 bene-

284 2028 416 2066 ficium
443 2028 492 2067 ab
520 2038 567 2066 eo
594 2033 787 2076 repetam,
819 2038 843 2066 a
862 2039 940 2077 quo
969 2029 1174 2077 petissem,
1202 2029 1268 2078 qui
1287 2028 1445 2067 alterius
1463 2028 1530 2066 be-

245 2089 267 2122 2
285 2082 415 2121 neficii
440 2083 530 2121 loco
559 2087 792 2131 accepturus
812 2086 874 2120 est
894 2083 1074 2132 potu1sse
1090 2083 1268 2123 reddere.
1312 2082 1531 2131 Numquam

285 2146 335 2175 ne
355 2146 525 2186 querens
546 2137 703 2186 quidem
722 2137 868 2176 dicam:

803 2193 958 2230 eiectum
975 2192 1084 2231 litore
1100 2194 1267 2239 eqentem

479 2247 617 2295 excepi
627 2249 670 2285 et
687 2246 800 2294 requi
815 2246 967 2284 demens
983 2247 1023 2284 in
1034 2252 1151 2294 parte
1166 2247 1299 2285 locavi.

284 2298 369 2336 Non
390 2303 450 2337 est
469 2301 543 2338 ista
563 2300 793 2347 admonitio,
819 2299 1038 2339 convicium
1057 2305 1129 2339 est.
1164 2300 1241 2339 hoc
1261 2305 1321 2338 est
1340 2299 1376 2338 in
1396 2299 1527 2339 odium

286 2352 477 2392 beneficia
503 2355 738 2403 perducere,
770 2354 846 2394 boc
873 2358 934 2393 est
960 2355 1136 2403 efficere,
1169 2359 1213 2395 ut
1230 2355 1419 2404 ingratum
1438 2364 1528 2393 esse
