1592 2580
318 147 502 187 NATUR.
523 147 737 196 QUAEST.
761 147 858 188 LIB.
878 150 945 188 VI.
975 156 1008 190 1.
1023 157 1056 190 2.
1242 151 1324 194 273

40 248 127 297 Ego
147 258 246 287 vero
268 247 348 286 hoc
368 246 503 297 ipsum
523 247 655 287 solatii
675 249 766 289 loco
785 260 914 298 pono,
941 255 983 290 et
1011 251 1173 300 quidem
1187 247 1322 292 valen-

40 304 204 351 tissimi,
235 304 425 353 quoniam
455 304 616 352 quidem
645 304 734 343 siue
761 305 938 346 remedio
959 307 1077 346 timor
1095 308 1227 347 stultis
1248 314 1323 347 est.

40 360 141 400 ratio
162 364 356 399 terrorem
379 359 642 408 prudentibus
658 360 832 408 excutit,
855 361 1165 410 inprudentibus
1179 373 1342 413 magna·

40 417 86 456 tit
101 425 153 454 ex
172 415 456 465 desperatione
476 416 684 455 securitas.
724 416 813 455 Hoc
831 416 968 466 itaque
986 419 1125 467 generi
1145 418 1364 460 humano
1343 427 1364 448 θ

41 467 190 527 *ατη
215 476 330 520 puta,
363 471 474 519 quod
499 470 577 510 illis
605 470 738 511 subita
768 472 999 522 captivitate
1028 474 1138 513 inter
1150 474 1264 523 ignes
1285 480 1325 514 et

0 568 1 571 ,
41 523 200 567 hostem
219 527 474 575 stupentibus
495 527 645 566 dictum
665 532 748 566 est:

212 583 330 622 Una
348 585 457 622 salus
473 584 582 622 victis
599 585 750 622 nullam
766 595 932 633 sperare
947 586 1124 624 salutem.

43 638 94 677 Si
126 639 285 677 vultis
313 638 442 677 nihil
468 638 664 685 timere,
694 639 923 688 cogitate
942 641 1242 680 omniaesse
1261 642 1320 680 ti·
1343 650 1365 684 3

41 693 228 732 menda.
259 693 561 743 Circumspicite
578 705 697 743 quam
710 694 867 734 levibus
887 695 1023 734 causis
1043 695 1322 736 discutiamur:

39 760 120 789 non
147 750 262 789 cibus
289 749 426 796 nobis,
456 761 536 789 non
558 749 720 797 humor,
753 761 833 789 non
857 750 1013 799 vigilia,
1046 762 1127 790 non
1155 763 1323 791 somnus

41 806 128 844 sine
147 815 337 844 mensura
358 805 532 854 quadam
554 805 732 844 salubria
752 811 865 845 sunt2
894 805 973 844 iam
993 806 1232 855 intellegetis
1249 819 1321 847 nu>-

38 862 193 909 gatoria
221 871 314 900 esse
342 861 512 911 nos[tra]
541 866 579 900 et
617 860 804 901 inbecilla
838 872 1031 910 corpora,
1063 861 1208 910 fluida,
1241 874 1321 902 non

40 927 185 964 magna
211 915 416 956 molitione
435 917 656 966 perdenda.
700 916 795 956 Sine
810 917 932 956 dubio
954 918 994 956 id
1012 929 1136 956 unum
1155 919 1323 967 periculi

38 971 156 1011 nobis
176 973 275 1011 satis
294 977 424 1020 esset,
455 973 565 1025 quod
586 978 756 1013 tremunt
773 978 924 1020 terrae,
954 973 1066 1022 quod
1086 974 1218 1013 subito
1240 974 1321 1013 dis-

39 1028 222 1077 sipantur
252 1038 301 1067 ac
333 1029 592 1077 superposita
620 1028 837 1068 deducunt.
878 1028 1015 1078 Magni
1047 1039 1093 1068 se
1127 1030 1322 1078 aestimat,
1341 1034 1364 1068 4

28 1080 109 1132 ‘qui
138 1084 302 1122 fulmina
330 1090 370 1123 et
388 1090 520 1123 motus
539 1089 734 1123 terrarum
759 1084 975 1133 hiatusque
1002 1083 1206 1124 formidat:
1239 1086 1324 1125 vult

37 1141 103 1178 ille
135 1139 403 1178 inbecillitatis
431 1139 508 1179 sibi
535 1150 636 1178 suae
668 1139 858 1180 conscius
873 1140 1013 1179 timere
1033 1139 1242 1189 pituitam?
1269 1141 1325 1179 ita

36 1194 227 1234 videlicet
243 1196 324 1234 nati
344 1206 504 1243 sumus,
534 1199 612 1234 tam
635 1195 768 1234 telleia
788 1195 915 1235 sortiti
934 1194 1134 1244 membra,
1158 1196 1199 1234 in
1219 1195 1324 1234 hanc

38 1251 352 1298 magnitudinem
380 1251 600 1290 crevimus:
630 1255 670 1289 et
696 1251 748 1290 ob
775 1250 855 1290 hoc
885 1250 964 1290 nisi
982 1251 1119 1290 mundi
1139 1251 1322 1300 partibus

36 1306 176 1354 motis,
192 1306 269 1345 nisi
287 1308 441 1352 coelum
458 1306 692 1354 intonuerit,
706 1307 782 1346 nisi
797 1312 904 1345 terra
920 1306 1167 1354 subsederit,
1189 1306 1322 1356 perire

40 1372 122 1400 non
138 1367 387 1410 possumus?
411 1360 625 1410 Unguicuii
642 1372 720 1400 nos
741 1367 780 1400 et
798 1372 849 1399 ne
868 1362 1169 1410 totius'quidem
1190 1362 1318 1409 dolor,
1339 1366 1361 1400 5

37 1417 112 1455 sed
130 1416 267 1465 aliqua
284 1417 335 1455 ab
358 1418 483 1455 latere
502 1418 588 1455 eius
605 1416 786 1455 scissura
808 1417 988 1455 conficit:
1009 1421 1048 1455 et
1068 1426 1144 1465 ego
1161 1417 1320 1456 timeam

39 1478 165 1511 terras
186 1477 421 1520 trementes,
445 1482 563 1521 quem
582 1472 759 1511 crassior
777 1472 905 1510 saliva
924 1471 1125 1511 suffocat?
1153 1483 1228 1520 ego
1250 1483 1318 1511 ex·

37 1528 243 1566 timescam
272 1532 446 1567 emotum
474 1528 640 1566 sedibus
657 1527 754 1566 suis
784 1537 913 1575 mare,
941 1532 980 1566 et
1007 1538 1059 1566 ne
1077 1532 1215 1567 aestus
1235 1539 1317 1566 ma-

36 1584 121 1622 iore
137 1594 256 1632 quam
276 1585 379 1622 solet
401 1594 523 1622 cursu
547 1584 636 1632 plus
651 1594 846 1631 aquarum
862 1582 1025 1622 trahens
1046 1582 1318 1632 superveniat,

37 1650 128 1678 cum
145 1640 344 1688 quosdam
359 1639 667 1687 strangulaverit
686 1639 793 1687 potio
810 1639 912 1676 male
931 1639 1047 1687 lapsa
1064 1649 1136 1687 per
1152 1640 1319 1678 fauces?

37 1705 157 1743 quam
184 1696 346 1734 stultum
374 1699 437 1733 est
462 1705 572 1733 mare
601 1693 789 1742 horrere,
820 1704 910 1733 cum
931 1693 1130 1733 stillIcidio
1151 1695 1257 1733 scias
1277 1698 1318 1732 te

36 1760 160 1799 posse
194 1751 346 1799 perire!
397 1751 555 1788 Nullum
588 1750 774 1788 solatium
800 1749 928 1788 maius
958 1754 1020 1788 est
1037 1749 1176 1788 morus
1198 1760 1318 1798 quam
1336 1755 1359 1791 6

35 1806 128 1855 ipsa
146 1806 378 1845 mortalitas.
406 1806 554 1844 nullum
572 1810 704 1844 autem
721 1804 896 1844 omnium
914 1805 1101 1852 istorum,
1123 1815 1226 1853 quae
1247 1815 1317 1843 ex-

35 1862 233 1901 trinsecus
262 1862 431 1908 terrent,
466 1861 725 1910 quam-quod
752 1859 1056 1900 innumerabilia
1073 1861 1254 1909 pericula
1276 1861 1318 1900 in

34 1918 126 1967 ipso
154 1917 246 1956 sinu
275 1921 381 1956 sunt.
424 1916 522 1966 quid
549 1916 654 1955 enim
681 1916 905 1955 dementius
934 1926 1053 1965 quam
1074 1916 1124 1954 ad
1144 1916 1318 1956 tonitrua

35 1973 246 2013 succidere
265 1979 304 2012 et
323 1972 399 2012 sub
418 1976 564 2011 terram
585 1982 799 2020 correpere
818 1972 1024 2011 fulminum
1043 1975 1182 2010 metu?
1218 1971 1318 2020 quid

37 2029 194 2068 stultius
215 2040 335 2078 quam
355 2028 494 2066 timere
523 2027 768 2067 nutationem
787 2033 855 2066 aut
874 2027 1030 2066 subitos
1049 2027 1241 2066 montium
1259 2027 1316 2065 la-

36 2095 138 2132 psus
166 2090 205 2124 et
227 2084 478 2133 inruptiones
505 2084 627 2121 maris
656 2087 768 2121 extra
796 2084 887 2121 litus
916 2082 1052 2129 eiecti,
1088 2093 1178 2122 cum
1205 2093 1316 2122 mors

37 2139 187 2187 ubique
214 2145 376 2189 praesto
406 2140 456 2178 sit
487 2144 526 2178 et
554 2139 732 2187 undique
753 2142 936 2177 occurrat
961 2138 1140 2187 nihilque
1167 2137 1219 2177 sit
1235 2143 1316 2178 tam

38 2194 239 2242 exiguum,
255 2196 365 2244 quod
385 2207 465 2234 non
485 2196 525 2233 in
544 2194 759 2243 perniciem
774 2194 935 2242 generis
952 2193 1117 2232 humani
1128 2194 1227 2233 satis
1245 2205 1314 2232 va-

38 2250 143 2287 leat?
182 2251 299 2290 Adeo
329 2262 409 2290 non
437 2251 584 2289 debent
606 2260 682 2289 nos
708 2249 786 2288 ista
807 2249 1076 2298 confundere,
1110 2253 1313 2298 tamquam
1333 2254 1354 2289 7

41 2306 131 2353 plus
161 2306 258 2344 mali
278 2306 319 2345 in
340 2307 580 2346 sehabeant
599 2316 719 2355 quam
737 2306 913 2356 volgaris
934 2315 1065 2354 mors,
1094 2311 1140 2346 ut
1165 2305 1315 2354 contra,

94 2374 224 2399 semea
250 2375 340 2401 Pau„
370 2366 409 2401 11.
1071 2365 1115 2401 18
