1624 2626
318 175 397 216 268
690 175 733 213 L.
761 175 951 214 ANNAEI
977 175 1201 216 SENECAE

318 277 384 314 vit.
429 276 487 315 Tu
504 280 652 322 autem,
682 275 749 324 qui
769 275 882 323 plura
899 275 990 314 loca
1009 276 1169 315 calcasti
1192 287 1308 326 quam
1330 279 1433 317 ullus
1450 279 1570 319 mulio

321 330 616 379 perpetuarius,
649 329 962 378 Lugudunenses
989 331 1092 369 scire
1118 330 1241 370 debes
1269 337 1308 370 et
1327 334 1447 371 multa
1467 334 1572 373 milia

280 385 418 423 2inter
445 384 641 422 Xanthum
671 390 710 423 et
739 384 975 422 Rhodanum
1014 384 1247 424 interesse.“
1307 386 1573 427 Excandescit
1622 416 1624 420 -

317 439 394 477 hoc
422 439 511 478 loco
541 438 727 477 Claudius
756 443 794 476 et
822 443 968 486 quanto
998 443 1127 487 potest
1155 450 1354 478 murmure
1378 441 1571 481 irascitur.

318 493 414 541 quid
443 493 592 531 diceret
618 503 733 531 nemo
759 493 1019 541 intellegebat.
1065 493 1131 532 ille
1158 500 1288 533 autem
1304 495 1461 535 Febrim
1479 496 1572 535 duci
1622 494 1624 498 ⁴

316 546 476 586 iubebat
500 547 566 586 illo
594 552 708 595 gestu
734 548 887 586 solutae
913 557 1050 586 manus
1080 551 1148 595 [et]
1171 549 1222 587 ad
1241 549 1318 588 hoc
1335 561 1452 589 unum
1473 552 1568 590 satis

317 601 473 648 firmae,
499 612 579 650 quo
600 602 798 640 decollare
816 600 996 640 homines
1015 601 1179 642 solebat.
1226 603 1401 643 Iusserat
1418 605 1473 643 illi
1491 607 1570 644 col—

318 656 397 694 lum
425 655 614 704 praecidi.
656 660 817 703 putares
846 666 983 694 omnes
1007 656 1111 695 illius
1139 667 1231 696 esse
1259 658 1442 698 libertos:
1469 660 1570 699 adeo

317 709 424 748 illum
444 720 559 748 nemo
581 711 752 748 curabat.

281 772 301 803 1
396 765 482 802 VII.
511 764 606 802 Tum
625 765 836 803 Hercules:
863 765 995 813 „Audi
1013 776 1095 814 me,
1121 766 1265 814 inquit,
1293 771 1336 805 tu
1357 766 1495 806 desine
1514 769 1570 806 fa-

318 818 427 856 tuari.
455 819 598 857 venisti
618 818 714 866 huc,
734 819 801 857 ubi
821 830 953 858 mures
974 821 1118 859 semum
1135 821 1292 859 rodunt.
1339 821 1460 860 Citius
1477 822 1571 861 mihi

315 882 451 910 verum
462 902 471 919 ,
491 883 541 910 ne
556 873 624 910 tibi
640 873 790 921 alogias
807 874 1002 912 excutiam
1013 878 1048 912 !“
1072 875 1121 914 Et
1136 886 1215 924 quo
1231 875 1440 915 terribilior
1450 882 1570 922 esset,

316 927 488 974 tragicus
507 927 551 965 fit
569 931 608 965 et
627 927 698 965 ait:

279 988 301 1020 2
425 981 646 1030 „Exprome
659 993 846 1031 propere,
874 984 964 1022 sede
981 994 1058 1031 qua
1072 985 1224 1031 yenitus
1240 986 1359 1032 eluas,

422 1036 507 1074 Hoc
524 1047 572 1074 ne
584 1042 807 1085 peremptus
823 1039 948 1086 stipite
965 1038 1022 1075 ad
1039 1042 1183 1076 terram
1204 1040 1373 1078 accidas.

422 1090 533 1128 Ilaec
551 1092 663 1128 claua
680 1102 792 1138 reyes
808 1102 925 1140 saepe
942 1094 1124 1130 mactavit
1135 1093 1257 1139 feros.

424 1144 528 1189 Quid
544 1155 647 1183 nune
659 1145 824 1193 profatu
841 1148 942 1184 vocis
958 1148 1103 1184 incerto
1119 1145 1263 1185 sonas?

313 1217 327 1237 s
427 1199 536 1243 Quae
546 1201 703 1246 patria,
731 1210 830 1247 quae
845 1211 942 1248 qens
959 1201 1092 1239 mobile
1109 1202 1246 1239 eduxit
1261 1207 1379 1250 caput
1387 1200 1408 1241 ?

421 1252 615 1291 Edissere.
661 1255 835 1301 equidem
851 1266 976 1301 reqna
993 1257 1192 1303 terqemini
1203 1264 1337 1304 petens

421 1307 647 1355 L'onqinqua
664 1310 785 1356 reglis,
812 1310 916 1347 unde
934 1309 982 1347 ab
999 1310 1185 1358 Hesperio
1203 1312 1307 1348 mari

340 1385 346 1392 -
421 1360 626 1400 Inachiam
645 1363 701 1400 ad
716 1363 847 1403 urbem
864 1364 987 1402 nobile
1005 1364 1150 1402 advexi
1162 1375 1300 1413 pecus,

433 1416 524 1454 Vidi
539 1417 683 1455 duobus
702 1419 889 1456 inminens
902 1419 1033 1466 fluviis
1050 1420 1178 1466 iuyum
1189 1448 1200 1465 ‚

313 1485 341 1507 ιο
424 1470 536 1515 Quod
551 1471 724 1510 Phoebus
740 1477 825 1510 ortu
842 1483 991 1521 semper
1009 1473 1162 1511 obverso
1180 1474 1301 1519 videt,

425 1524 497 1563 Ubi
511 1525 726 1564 Rhodanus
745 1528 878 1574 ingens
894 1537 1007 1566 amne
1021 1529 1264 1575 praerapido
1281 1530 1369 1575 fluit

420 1579 602 1627 Ararque
619 1581 816 1627 dubitans,
843 1592 917 1629 quo
934 1592 1022 1620 suos
1039 1593 1176 1620 cursus
1193 1587 1305 1630 aqut,

425 1633 577 1672 Tacitus
595 1636 728 1682 quietis
746 1636 871 1674 adluit
886 1638 998 1684 ripas
1015 1637 1138 1675 vadis.

418 1687 536 1726 Estne
554 1690 624 1727 illa
643 1692 754 1728 tellus
769 1692 928 1738 spiritus
947 1692 1069 1729 altrix
1087 1693 1144 1730 tui
1151 1688 1196 1730 ?“

272 1741 418 1783 3Haec
445 1743 541 1781 satis
569 1743 747 1782 animose
772 1749 811 1783 et
837 1744 1000 1783 fortiter.
1037 1745 1291 1784 nihilominus
1308 1743 1449 1783 mentis
1471 1755 1568 1784 suae

311 1807 389 1835 non
410 1801 472 1835 est
490 1801 529 1835 et
546 1796 656 1836 timet
673 1798 832 1849 μωροῦ
843 1795 1024 1850 πληγήν.
1072 1800 1257 1838 Claudius
1276 1804 1319 1837 ut
1330 1799 1427 1838 vidit
1441 1799 1568 1838 virum

309 1851 525 1898 valentem,
547 1851 691 1890 oblitus
710 1863 903 1900 nugarum
922 1854 1111 1892 intellexit
1127 1853 1321 1892 neminem
1342 1863 1476 1901 parem
1492 1854 1567 1892 sibi

309 1905 460 1944 Romae
487 1905 630 1952 fuisse,
663 1906 741 1945 illic
764 1918 842 1945 non
862 1907 1009 1946 habere
1029 1919 1074 1946 se
1093 1907 1197 1946 idem
1215 1908 1382 1956 gratiae:
1413 1909 1565 1947 Gallum

269 1965 292 1999 4
310 1958 349 1996 in
369 1970 443 1998 suo
463 1960 708 2008 sterquilinio
730 1962 939 2009 plurimum
959 1973 1095 2011 posse.
1142 1963 1278 2010 Itaque
1301 1967 1486 2010 quantum
1506 1961 1563 1999 in—

310 2014 440 2062 tellegi
458 2015 603 2062 potuit,
632 2015 730 2054 haec
749 2017 860 2055 visus
880 2022 942 2056 est
960 2018 1111 2056 dicere:
1143 2017 1252 2064 „Ego
1272 2020 1327 2063 te,
1352 2017 1565 2055 fortissime

310 2067 474 2107 deorum
493 2069 704 2116 Hercules,
737 2071 894 2119 speravi
914 2071 1009 2110 mihi
1027 2072 1249 2109 adfuturum
1268 2071 1375 2118 apud
1393 2070 1492 2109 alios
1513 2074 1562 2116 et,

309 2121 345 2159 si
364 2122 431 2169 qui
450 2133 474 2161 a
490 2134 552 2162 me
571 2130 750 2164 notorem
772 2125 955 2174 petisset,
977 2131 1016 2164 te
1034 2126 1088 2164 fui
1106 2125 1396 2172 nominaturus,
1419 2124 1486 2172 qui
1500 2135 1563 2163 me

310 2177 456 2223 optime
475 2180 591 2217 nosti.
620 2190 711 2218 nam
729 2181 763 2218 si
781 2180 1152 2228 memoriarepetis,
1172 2189 1247 2226 ego
1263 2189 1368 2216 eram
1380 2209 1389 2226 ‚
1411 2180 1478 2227 qui
1493 2179 1561 2218 tibi

309 2235 399 2268 ante
426 2234 611 2279 templum
632 2238 738 2272 tuum
759 2236 822 2273 ius
840 2235 1019 2274 dicebam
1036 2233 1128 2272 totis
1149 2233 1290 2272 diebus
1309 2244 1446 2273 mense
1462 2234 1560 2272 Iulio

272 2289 348 2323 5et
366 2286 560 2332 Augusto.
606 2288 663 2326 Tu
690 2290 791 2337 scis,
820 2294 1007 2338 quantum
1027 2288 1104 2326 illic
1130 2287 1375 2327 miseriarum
1396 2290 1558 2339 [perJtu-
