1624 2626
286 136 421 177 DIAL.
451 136 518 175 111.
562 134 629 174 DE
656 134 749 174 IRA
774 133 870 173 LIB.
898 133 927 171 Ι.
955 137 1107 173 8—11.
1289 129 1346 172 43

53 250 120 280 res
145 238 224 278 illis
252 238 474 287 similisque
503 234 767 286 opposueris,
799 240 843 274 ut
874 235 955 273 irae
978 239 1146 283 metum,
1180 233 1348 272 inertiae

53 297 170 342 iram,
189 294 320 333 timori
345 294 616 342 cupiditatem.
659 291 778 331 Absit
803 292 881 330 hoc
901 302 926 329 a
947 291 1091 329 virtute
1115 289 1274 337 malum,
1301 293 1383 328 ut2

52 361 244 400 umquam
262 350 362 388 rat10
385 350 437 388 ad
455 349 551 388 vitia
570 348 785 396 confugiat.
834 347 923 386 Non
943 351 1079 396 potest
1100 345 1165 384 hic
1185 346 1343 384 animus

52 407 174 447 fidele
194 405 317 445 otium
338 415 495 454 capere.
551 404 748 453 quatiatur
773 413 945 442 neeesse
966 407 1028 441 est
1048 401 1346 450 fluctueturque

54 463 123 512 qui
146 462 259 500 malis
280 460 364 500 suis
386 465 491 500 tutus
512 466 592 510 est,
624 459 694 509 qui
713 459 826 498 fortis
847 469 941 498 esse
960 459 1037 497 nisi
1057 457 1242 496 irascitur
1262 467 1346 496 non

52 522 201 568 potest,
222 517 444 556 industrius
463 515 542 555 nisi
562 517 682 565 cupit,
714 516 871 563 quietus
891 515 968 553 nisi
987 515 1118 553 timet:
1147 513 1187 551 in
1209 518 1345 564 tyran-

53 574 148 612 nide
171 573 224 611 illi
243 572 458 611 vivendum
479 577 542 611 est
561 573 601 610 in
623 571 790 610 alicuius
811 570 994 610 adlectus
1014 569 1191 609 venienti
1218 568 1345 607 servi-

52 634 189 668 tutem.
231 629 318 668 Non
347 629 472 678 pudet
496 627 663 667 virtutes
693 627 731 665 in
759 627 980 666 clientelam
999 626 1186 665 vitiorum
1206 624 1346 663 demit-

52 689 169 724 tere?
228 684 382 723 Deinde
421 683 569 723 desinit
602 683 816 733 quiequam
859 693 984 731 posse
1017 682 1141 730 ratio,
1181 681 1216 720 si
1250 679 1385 722 nihi13

53 744 188 791 potest
207 739 295 779 sine
314 741 485 787 adfectu,
508 745 547 778 et
567 740 705 788 incipit
723 749 797 788 par
814 738 870 777 illi
885 739 1106 787 similisque
1122 747 1228 776 esse.
1250 735 1347 786 quid

55 797 160 836 enim
179 796 362 844 interest,
395 795 429 834 si
459 805 589 844 aeque
615 795 798 834 adfectus
825 795 1051 833 inconsulta
1075 803 1142 832 res
1169 797 1232 831 est
1258 792 1347 831 sine

54 852 209 891 ratione
228 861 348 900 quam
367 850 468 890 ratio
490 851 577 889 sine
595 851 756 889 adfectu
775 850 992 889 inefficax?
1038 860 1114 899 par
1132 852 1347 896 utrumque

57 913 130 954 est,
150 906 219 946 ubi
238 917 332 945 esse
351 908 517 945 alterum
537 907 624 945 sine
642 908 767 945 altero
787 917 866 945 non
889 910 1037 955 potest.
1090 905 1186 953 Quis
1215 907 1346 942 autem

58 962 258 1003 sustineat
277 962 477 1000 adfectum
496 972 725 1011 exaequare
743 960 915 1000 rationi?
961 962 1056 1009 „lta,
1078 960 1218 1009 inquit,
1241 958 1347 998 utilis
1362 963 1385 997 4

57 1019 240 1058 adfectus
261 1022 342 1062 est,
365 1018 399 1056 si
420 1017 605 1057 modicus
625 1020 726 1056 est.“
767 1017 892 1056 Immo
920 1017 954 1056 si
983 1021 1125 1055 natura
1143 1015 1250 1055 utilis
1273 1020 1346 1053 est.

58 1074 133 1113 sed
167 1073 201 1112 si
227 1073 424 1122 inpatiens
451 1072 606 1122 imperii
631 1072 883 1122 rationisque
915 1077 996 1120 est,
1030 1073 1109 1111 hoc
1143 1072 1349 1110 dumtaxat

56 1128 332 1168 moderatione
353 1134 636 1178 consequetur,
656 1134 699 1168 ut
720 1139 799 1177 quo
820 1128 950 1168 minor
971 1129 1100 1176 fuerit,
1124 1127 1256 1165 minus
1276 1137 1347 1165 no-

58 1189 166 1224 ceat:
195 1194 291 1233 crgo
313 1185 495 1224 modicus
515 1185 698 1224 adlectus
719 1185 815 1223 nihil
834 1185 943 1223 aliud
961 1195 1081 1234 quam
1096 1183 1245 1222 malum
1264 1192 1347 1221 mo—

57 1240 188 1279 dicum
210 1245 283 1279 est.
993 1254 998 1257 ·

137 1296 203 1335 XI.
229 1295 339 1344 „Sed
358 1296 555 1335 adversus
570 1296 721 1344 hostes,
742 1296 880 1345 inquit,
902 1297 961 1334 ira
981 1300 1043 1335 est
1062 1294 1296 1334 necessaria
1305 1298 1349 1332 ‘3⁴‘
1367 1295 1386 1328 1

58 1351 265 1401 Nusquam
298 1351 450 1391 minus:
484 1352 553 1391 ubi
580 1364 660 1391 non
689 1351 844 1393 effusos
865 1362 959 1391 esse
987 1356 1147 1401 oportet
1173 1351 1347 1400 inpetus,

59 1407 134 1446 sed
152 1411 396 1456 temperatos
417 1412 457 1447 et
474 1407 722 1447 obedientes.
767 1408 868 1456 Quid
889 1408 994 1446 enim
1014 1413 1076 1447 est
1092 1408 1215 1455 aliud,
1237 1407 1349 1456 quod

58 1462 254 1501 barbaros
274 1468 383 1502 tanto
403 1463 654 1503 robustiores
676 1463 936 1512 corporibus,
958 1468 1067 1502 tanto
1089 1462 1348 1512 patientiores

61 1517 244 1556 laborum
262 1519 503 1558 comminuat
521 1520 598 1559 nisi
624 1521 685 1559 ira
710 1519 972 1559 infestissima
1001 1519 1106 1558 sibi?
1154 1519 1350 1568 gladiato-

60 1583 128 1612 res
149 1583 312 1622 quoque
339 1585 404 1613 ars
432 1579 582 1624 tuetur,
612 1575 671 1615 ira
697 1576 887 1615 denudat.
934 1575 1089 1615 Deinde
1119 1575 1215 1624 quid
1245 1578 1388 1623 opus2

62 1633 125 1667 est
143 1628 213 1676 ira,
235 1639 324 1667 cum
343 1629 448 1668 idem
470 1631 652 1679 proficiat
671 1632 802 1670 ratio?
841 1643 889 1670 an
911 1636 954 1670 tu
980 1636 1097 1680 putas
1116 1635 1349 1669 venatorem

0 1698 3 1708 ¹
61 1684 182 1723 irasci
202 1685 326 1723 feris?
366 1684 476 1733 atqui
496 1690 535 1724 et
553 1687 747 1726 venientis
768 1687 916 1736 excipit
941 1693 980 1726 et
1003 1687 1189 1735 fugientis
1211 1696 1349 1735 perse-

64 1741 208 1788 quitur,
228 1745 267 1779 et
289 1741 422 1779 omnia
439 1741 506 1779 illa
525 1741 612 1780 sine
632 1741 691 1781 ira
709 1743 805 1782 facit
820 1744 935 1782 ratio.
981 1743 1082 1791 Quid
1103 1742 1351 1782 Cimbrorum

60 1796 410 1844 Teutonorumque
437 1801 494 1835 tot
521 1796 628 1836 milia
654 1799 870 1847 superfusa
897 1799 1068 1847 Alpibus
1096 1799 1150 1838 ita
1178 1797 1350 1844 sustulit,

59 1855 104 1889 ut
122 1855 253 1890 tantae
273 1851 399 1890 cladis
420 1852 597 1891 notitiam
624 1854 676 1892 ad
704 1864 802 1893 suos
829 1865 910 1893 non
932 1854 1115 1902 nuntius,
1145 1853 1219 1892 sed
1246 1853 1352 1890 fama

61 1907 287 1955 pertulerit,
317 1907 394 1946 nisi
421 1908 531 1956 quod
559 1913 644 1948 erat
662 1909 739 1948 illis
773 1920 847 1958 pro
875 1910 1018 1949 virtute
1046 1910 1132 1947 ira?
1176 1918 1280 1957 quae
1307 1913 1351 1947 ut

63 1962 280 2011 aliquando
302 1964 477 2012 propulit
496 1964 715 2013 stravitque
735 1965 874 2013 obvia,
903 1966 957 2003 ita
985 1964 1150 2013 saepius
1171 1963 1247 2003 sibi
1267 1964 1348 2002 exi-

0 2056 2 2059 ,
62 2017 117 2056 tio
138 2022 212 2056 est.
255 2018 463 2058 Germanis
486 2019 581 2068 quid
601 2024 662 2058 est
682 2020 929 2060 animosius?
959 2020 1056 2069 quid
1076 2020 1128 2059 ad
1147 2021 1350 2059 incursum
1364 2024 1388 2057 3

63 2072 225 2112 acrius?
257 2073 354 2122 quid
376 2085 574 2114 armorum
595 2075 809 2124 cupidius?
846 2076 991 2125 quibus
1011 2075 1272 2115 innascuntur
1290 2075 1348 2114 in—

61 2128 389 2178 nutriunturque,
420 2142 590 2179 quorum
617 2131 738 2168 unica
763 2130 840 2169 illis
860 2141 958 2169 cura
977 2135 1038 2169 est
1055 2131 1094 2170 in
1114 2132 1191 2170 alia
1213 2133 1346 2180 negle-

62 2184 261 2232 gentibus.
306 2186 402 2234 quid
421 2186 644 2225 induratius
666 2186 717 2224 ad
739 2197 896 2224 omnem
915 2187 1170 2235 patientiam?
1196 2191 1242 2226 ut
1262 2187 1348 2236 qui-

61 2238 140 2278 bus
154 2250 311 2288 -magna
345 2251 396 2278 ex
431 2246 542 2290 parte
575 2253 655 2280 non
688 2240 901 2289 tegimenta
934 2252 1150 2291 corporum
1185 2243 1351 2291 provisa

64 2295 161 2344 sint,
197 2307 279 2336 non
313 2296 488 2346 suffugia
520 2298 718 2336 adversus
754 2302 991 2347 perpetuum
1025 2299 1127 2339 coeli
1155 2298 1349 2348 rigorem:
