1592 2580
359 143 543 182 NATUR.
565 142 777 190 QUAEST.
807 142 902 180 LIB.
918 142 946 179 I.
977 148 1010 181 5.
1030 147 1064 182 6.
1264 138 1353 180 '171

76 247 206 286 situr‘?
241 244 350 293 atqui
378 243 489 293 ipsa,
518 244 699 293 quamvis
730 255 809 282 non
838 243 1039 291 videatur,
1073 248 1154 281 est:
1194 252 1290 291 ergo
1318 247 1358 280 et

77 303 198 341 color.
245 301 302 339 lta
322 304 403 338 est:
434 304 524 347 [non
543 303 612 346 est]
638 305 914 347 argumentum
937 298 1028 337 falsi
1048 298 1218 346 coloriS‚
1248 298 1358 346 quod

76 359 272 406 adparere
291 355 576 393 accedentibus
598 355 755 393 desinit.
794 355 899 393 idem
919 354 1022 392 enim
1043 353 1083 392 in
1103 354 1204 402 ipsis
1225 353 1359 393 evenit

78 413 271 460 nubibus,
293 421 369 449 nec
390 411 481 449 ideo
502 411 629 449 salsae
650 415 759 458 sunt,
782 410 876 459 quia
894 421 975 449 non
995 410 1192 448 videntur.
1238 409 1357 447 Prae·
1368 416 1411 449 12

78 475 185 507 terea
212 477 302 506 cum
330 466 474 504 dicitur
501 466 589 512 tibi,
620 466 765 504 nubem
794 466 882 504 sole
901 463 998 520 'esse
1017 465 1248 512 suffectam,
1276 474 1358 503 non

77 523 220 562 dici-tur
246 522 335 569 tibi,
364 523 542 560 colorem
568 521 675 560 illum
701 522 877 560 inustum
906 531 1000 560 esse
1019 522 1128 559 velut
1147 521 1248 558 duro
1269 530 1358 559 cor-

75 579 165 628 pori
192 589 239 616 ac
268 577 399 616 stabili
426 586 474 615 ac
493 576 687 623 manenti,
717 577 792 615 sed
812 581 855 615 ut
873 577 998 616 fluido
1020 582 1065 615 et*
1080 586 1183 624 vago
1205 579 1244 614 et
1262 575 1360 613 nihil

77 634 248 683 amplius
277 643 398 682 quam
426 632 591 671 brevem
625 633 804 680 speciem
835 632 1056 681 recipienti.
1110 630 1211 670 Sunt
1241 631 1358 669 etiam

78 690 241 739 quidam
269 689 448 736 colores,
479 688 626 737 quiex
652 688 859 727 intervallo
890 688 969 726 vim
989 690 1102 726 suam
1123 686 1359 725 ostendunt:

78 755 297 794 purpuram
310 743 482 793 Tyriam,
504 754 585 792 quo
602 743 742 782 melior
756 743 1020 791 saturiorque,
1042 753 1090 781 eo
1107 742 1224 781 altius
1241 751 1360 791 opor-

76 805 132 839 tet
149 806 307 844 teneas,
332 804 376 838 ut
395 800 591 850 fulgorem
610 808 728 837 suum
746 803 890 837 teneat.
917 810 996 837 non
1017 803 1149 836 tamen
1169 797 1261 837 ideo
1278 807 1360 836 non

76 856 199 895 babet
225 856 400 894 colorem
421 854 506 901 illa,
539 855 634 903 quia
655 865 760 903 quae
780 854 972 902 optimum
990 854 1128 901 habet,
1157 856 1238 892 non
1261 863 1360 901 quo-

79 912 376 959 modocumque
410 910 635 958 explicatur
667 910 856 948 ostendit.
912 909 957 947 In
990 910 1133 948 eadem
1165 907 1415 952 sententiam

81 978 170 1006 sum
189 977 269 1016 qua
285 965 527 1004 Posidonius
538 995 548 1012 ‚
571 970 615 1004 ut
630 965 954 1004 arcum-iudicem
969 965 1055 1003 fieri
1068 964 1177 1003 nube
1193 965 1363 1003 formata

80 1023 118 1061 in
139 1023 300 1060 modum
322 1020 492 1060 concavi
510 1021 666 1070 speculi
686 1025 724 1059 et
741 1021 922 1068 rotundi,
944 1021 1006 1059 cui
1026 1021 1154 1059 forma
1169 1019 1222 1058 sit
1236 1019 1362 1068 partis

81 1088 103 1116 e
123 1078 201 1126 pila
222 1081 344 1116 secta.
371 1076 448 1115 hoc
469 1075 650 1125 probari,
675 1076 750 1114 nisi
770 1081 998 1124 geometrae
1013 1075 1258 1121 adiuverint,
1280 1085 1363 1113 non

79 1138 233 1182 potest,
264 1132 332 1181 qui
358 1132 603 1180 argumentis
631 1131 727 1170 nihil
746 1132 856 1170 dubii
877 1131 1195 1179 relinquentibus
1216 1131 1364 1169 docent

80 1189 179 1228 solis
199 1189 304 1226 illam
326 1198 420 1226 esse
439 1187 612 1235 effigiem
632 1198 712 1226 non
735 1187 918 1225 similem.
956 1197 1088 1235 neque
1109 1187 1214 1224 enim
1229 1185 1362 1224 omnia
1374 1191 1418 1226 14

80 1244 279 1283 adversus
308 1243 474 1291 specula
500 1242 769 1291 respondent:
800 1247 894 1281 sunt
913 1252 1016 1291 quae
1042 1242 1177 1280 videre
1198 1242 1363 1280 extime-

81 1310 192 1339 scas:
224 1298 472 1337 deformitate
498 1303 608 1337 tanta
627 1303 856 1346 corruptam
877 1297 1020 1336 faciem
1040 1297 1251 1336 visentium
1270 1296 1362 1335 red-

82 1356 180 1394 dunt
199 1358 359 1393 servata
378 1353 633 1391 similitudine
649 1354 686 1391 in
704 1354 833 1402 peius.
864 1358 958 1392 sunt
973 1363 1077 1401 quae
1093 1363 1184 1391 cum
1198 1351 1364 1399 videris,

82 1412 245 1459 placere
262 1409 331 1448 tibi
349 1409 456 1447 vires
477 1413 568 1446 tuae
592 1408 767 1457 possint:
797 1410 835 1447 in
858 1414 1007 1447 tantum
1028 1409 1163 1447 lacerti
1180 1412 1365 1446 crescunt

83 1470 123 1504 et
147 1465 268 1504 totius
297 1465 480 1512 corporis
500 1474 623 1512 supra
642 1464 856 1502 humanam
875 1463 1187 1511 magnitudinem
1204 1463 1364 1501 habitus

84 1526 263 1568 augetur.
301 1524 395 1558 sunt
420 1529 525 1568 quae
549 1520 711 1558 dextras
734 1520 858 1558 facies
880 1519 1114 1566 ostendant,
1145 1523 1238 1557 sunt
1260 1528 1364 1566 quae

85 1575 288 1622 sinistras,
327 1579 419 1613 sunt
447 1585 549 1622 quae
577 1575 841 1623 detorqueant
868 1580 907 1614 et
931 1579 1100 1613 vertant.
1145 1574 1246 1622 Quid
1266 1583 1364 1622 ergo

61 1647 65 1652 ·
83 1632 227 1669 mirum
246 1635 307 1668 est
327 1629 526 1668 eiusmodi
545 1630 754 1678 speculum
779 1631 818 1668 in
839 1630 944 1668 nube
966 1640 1130 1679 quoque
1149 1630 1255 1678 fieri,
1283 1639 1364 1678 quo

86 1686 184 1726 solis
205 1685 363 1735 species
384 1685 529 1724 vitiosa
546 1685 764 1724 reddatur?

166 1742 235 1780 VI.
269 1741 375 1779 Inter
401 1746 533 1779 cetera
561 1746 794 1788 argumenta
821 1745 860 1779 et
884 1740 964 1779 hoc
991 1740 1079 1788 erit,
1112 1740 1222 1788 quod
1252 1749 1363 1777 num-
1381 1750 1400 1783 1

88 1808 207 1846 quam
235 1797 361 1835 maior
389 1807 507 1834 arcus
537 1796 699 1835 dimidio
727 1796 877 1835 circulo
901 1796 1070 1844 adparet
1096 1801 1135 1834 et
1161 1806 1209 1834 eo
1236 1796 1366 1834 minor

52 1858 60 1861 “
86 1858 167 1900 est,
201 1863 281 1902 quo
303 1852 418 1891 altior
439 1852 514 1890 sol.
561 1851 613 1890 Ut
632 1851 686 1890 ait
705 1852 904 1900 Vergilius
926 1857 1081 1890 noster:

564 1911 602 1946 et
617 1907 708 1946 bibit
723 1909 859 1956 inqens

286 1974 415 2009 arcus,

28 2062 29 2065 Ἴ
89 2029 178 2057 cum
197 2018 385 2056 adventat
411 2017 557 2056 imber:
588 2017 660 2055 sed
681 2028 759 2055 non
781 2017 965 2064 easdem,
995 2018 1277 2066 undecumque
1297 2017 1365 2055 ad-

89 2073 236 2122 paruit,
266 2074 394 2112 minas
415 2074 562 2111 adfert:
592 2083 615 2110 a
637 2073 802 2111 meridie
824 2077 934 2111 ortus
950 2084 1133 2122 magnam
1151 2074 1227 2111 vim
1243 2083 1365 2121 aqua-

88 2139 176 2167 rum
195 2129 325 2168 vehet.
361 2128 468 2168 vinci
495 2128 600 2166 enim
627 2138 708 2166 non
730 2133 946 2176 potuerunt
963 2129 1237 2168 valentissimo
1259 2130 1364 2168 sole:

89 2188 238 2222 tantum
257 2184 335 2224 illis
356 2189 421 2223 est
439 2184 592 2222 virium.
628 2184 663 2221 si
683 2183 790 2222 circa
809 2194 997 2222 occasum
1017 2184 1190 2232 refulsit,
1219 2184 1368 2223 rorabit

92 2240 286 2278 et.leviter
303 2241 465 2289 inpiuet.
497 2239 531 2277 si
552 2239 602 2277 ab
623 2243 708 2277 ortu
730 2239 888 2277 circave
904 2240 1094 2288 surrexit,
1116 2250 1259 2279 serena
1275 2250 1366 2289 pro-

94 2294 260 2334 mittunt.
303 2296 462 2345 „Quare
487 2300 638 2343 tamen,
669 2294 703 2333 si
729 2294 861 2343 imago
882 2294 981 2334 solis
1001 2299 1062 2334 est
1084 2305 1221 2345 arcus,
1250 2296 1368 2344 longe
1384 2302 1407 2335 2
