1592 2580
267 189 346 231 164
633 190 676 226 L.
704 187 892 227 ANNAEI
921 188 1145 228 SENECAE

267 294 395 327 autem
415 293 568 335 austro,
598 298 684 325 cum
707 288 859 325 coelum
879 288 1045 325 maxime
1065 297 1186 334 grave
1201 292 1240 325 et
1255 288 1430 335 spissum
1447 291 1519 325 est.

267 347 292 391 †
318 343 429 380 aliter
453 353 532 381 non
562 343 664 381 solet
690 341 857 388 adspici.
901 351 988 379 nam
1019 342 1085 388 qui
1113 346 1190 380 stat
1216 351 1302 388 aer,
1331 341 1464 388 inpelli
1483 347 1522 379 et

268 396 402 435 diduci
415 401 454 435 et
474 397 510 434 in
525 397 696 444 aliquam
715 397 853 434 faciem
870 395 962 443 lingi
980 401 1120 443 potest.
1148 397 1181 434 is
1198 401 1325 434 autern
1342 396 1408 444 qui
1425 395 1521 442 fluit,

268 462 342 490 nec
369 451 504 490 seritur
529 451 688 499 quidem
709 451 866 490 lumine.
905 461 983 488 non
1003 449 1105 489 enim
1123 450 1270 489 resistit
1288 460 1360 487 nec
1379 451 1521 487 forma-

232 510 251 545 7
267 512 348 554 tur,
378 506 470 553 quia
489 505 612 553 prima
628 515 809 553 quaeque
825 515 918 552 pars
934 505 1020 543 eius
1035 505 1260 552 dissipatur.
1304 505 1522 552 Numquam

269 571 363 608 ergo
382 561 503 598 ullum
518 560 629 597 sidus
645 561 759 598 talem
776 558 851 597 sibi
866 560 1036 607 effigiem
1053 559 1323 605 circumdabit,
1343 558 1419 596 nisi
1436 569 1523 596 curn

269 625 337 652 aer
364 613 436 652 erit
456 615 604 652 densus
625 619 742 662 atque
765 613 934 652 inmotus
953 620 992 652 et
1008 613 1058 652 ob
1077 613 1154 652 hoc
1174 613 1402 652 custodiens
1429 613 1523 650 inci--

270 670 427 707 dentem
446 669 483 706 in
506 679 551 706 se
570 669 728 707 rotundi
746 667 903 708 luminis
922 668 1075 707 lineam.
1115 678 1188 705 nec
1204 667 1290 705 sine
1305 677 1439 706 causa.
1463 676 1524 704 re-

272 728 360 771 pete
380 723 512 772 [enim]
534 724 775 771 exemplum,
799 723 907 771 quod
924 724 1041 770 paulo
1063 727 1152 760 ante
1176 722 1387 770 proposuit
1415 721 1526 770 lapil-

270 778 331 816 lus
350 778 388 817 in
409 777 603 825 piscinam
620 783 687 816 aut
707 778 834 816 lacum
850 782 889 816 et
907 777 1114 825 adligatam
1131 785 1272 824 aquam
1289 778 1435 815 missus
1453 777 1526 814 cir-

271 833 382 870 culos
410 831 502 870 facit
528 832 852 870 innumerabiles:
882 836 921 870 at
940 831 1016 869 hoc
1036 832 1137 869 idem
1159 841 1237 870 non
1261 830 1376 870 saciet
1394 832 1432 868 in
1453 830 1525 869 ssu-

271 887 386 925 mine.
408 891 559 935 quare?
578 887 670 935 quia
685 897 839 925 omnem
855 886 1021 934 figuram
1036 887 1190 934 fugiens
1206 897 1309 933 aqua
1322 885 1526 924 disturbat.

270 942 378 980 ldem
413 951 507 989 ergo
544 940 583 978 in
616 943 707 979 aere
738 941 886 988 evenit,
923 945 978 979 ut·
991 941 1075 987 ille,
1112 942 1181 989 qui
1207 945 1360 986 manet,
1402 939 1528 988 possit

272 996 450 1043 figurari,
483 1001 523 1034 at
547 996 629 1042 ille,
659 996 726 1043 qui
751 996 901 1043 rapitur
919 1000 958 1034 et
983 995 1120 1042 currit,
1149 1005 1228 1033 non
1250 995 1316 1033 det
1338 995 1397 1033 sui
1418 999 1527 1043 pote·

273 1054 411 1089 statem
431 1054 470 1088 et
488 1060 643 1088 omnem
666 1050 784 1089 ictum
808 1050 1106 1098 venientemque
1126 1050 1288 1088 formam
1310 1060 1359 1087 ex
1383 1059 1431 1088 eo
1452 1053 1527 1086 tra-

235 1109 257 1141 8
273 1104 440 1143 vehatur.
486 1105 570 1142 Hae
595 1105 645 1143 de
672 1105 815 1151 quibus
835 1104 916 1142 dixi
937 1114 1108 1143 coronae
1127 1115 1215 1142 cum
1235 1104 1413 1152 dilapsae
1439 1108 1530 1142 sunt

273 1159 488 1206 aequaliter
503 1159 593 1197 etin
610 1164 735 1197 semet
749 1159 862 1206 ipsae
877 1164 1139 1204 evanuerunt,
1159 1158 1402 1206 significatur
1416 1158 1528 1206 quies

273 1213 375 1252 aeris
401 1217 440 1251 et
467 1212 586 1251 otium
613 1218 652 1251 et
677 1213 938 1261 tranquillitas
958 1216 1010 1258 [et
1029 1218 1120 1250 tunc
1140 1223 1282 1260 aquam
1302 1215 1534 1259 exspecta}-

275 1278 362 1306 cum
384 1268 432 1305 ab
451 1278 531 1306 una
551 1271 660 1315 parte
681 1271 906 1312 cesserunt,
938 1267 1042 1304 illinc
1062 1272 1201 1305 ventus
1221 1271 1299 1312 est,
1322 1267 1426 1305 unde
1443 1267 1530 1305 fun-

275 1323 419 1361 duntur
433 1337 443 1357 z
485 1321 520 1360 si
549 1326 688 1369 ruptae
722 1321 901 1369 pluribus
938 1321 1035 1358 locis
1070 1326 1186 1368 sunt,
1222 1325 1438 1369 tempestas
1474 1321 1528 1359 fit.

239 1384 260 1417 9
276 1377 404 1423 Quare
430 1376 470 1414 id
499 1376 669 1422 accidat,
705 1385 757 1413 ex
781 1375 863 1422 his,
901 1385 1004 1423 quae
1030 1375 1106 1413 iam
1131 1375 1320 1423 exposui,
1358 1374 1530 1422 intellegi

276 1435 420 1479 potest.
446 1440 536 1468 nam
555 1430 590 1468 si
619 1430 740 1468 facies
766 1429 952 1468 universa
972 1429 1169 1475 subsedit,
1200 1430 1364 1477 adparet
1382 1434 1529 1477 tempe-

275 1490 402 1524 ratum
422 1495 514 1523 esse
534 1487 627 1523 aera
646 1490 684 1523 et
702 1485 760 1523 sic
776 1485 986 1532 placidum.
1015 1484 1048 1522 si
1065 1483 1113 1521 ab
1127 1495 1207 1522 una
1224 1489 1333 1531 parte
1347 1483 1531 1522 intercisa

277 1545 356 1586 est,
383 1540 550 1587 adparet
575 1539 669 1577 inde
694 1541 787 1577 aera
813 1538 1040 1577 incumbere
1059 1544 1096 1576 et
1116 1540 1206 1577 ideo
1226 1539 1291 1576 illa
1307 1539 1417 1586 regio
1436 1549 1529 1576 ven-

277 1600 356 1632 tum
383 1594 500 1632 dabit.
537 1599 577 1632 at
603 1604 690 1631 curn
718 1594 895 1641 undique
921 1598 959 1632 et
981 1593 1151 1631 lacerata
1170 1599 1208 1632 et
1227 1598 1439 1640 concerpta
1458 1597 1531 1638 est,

278 1649 525 1687 manifestum
553 1652 614 1686 est
635 1659 659 1685 a
679 1647 870 1695 pluribus·
875 1648 1052 1696 partibus
1073 1648 1110 1685 in
1130 1648 1234 1686 illam
1254 1647 1426 1695 inpetum
1446 1647 1530 1684 fieri

280 1708 318 1741 et
336 1703 551 1751 inquietum
571 1704 663 1740 aera
679 1702 771 1740 hinc
788 1707 908 1750 atque
922 1702 1026 1740 illinc
1041 1702 1218 1740 adsilire:
1246 1702 1378 1750 itaque
1393 1711 1443 1739 ex
1459 1702 1532 1739 hac

280 1757 540 1796 inconstantia
566 1757 666 1795 coeli
693 1761 770 1795 tam
793 1757 913 1795 multa
932 1757 1155 1804 temptantis
1175 1762 1213 1795 et
1231 1757 1406 1804 undique
1424 1757 1530 1793 labo·

229 1822 269 1854 10
279 1812 399 1850 rantis
425 1812 590 1859 adparet
615 1811 744 1849 futura
765 1815 981 1859 tempestas
1000 1816 1203 1849 ventorum
1225 1811 1403 1859 plurium.
1448 1811 1532 1848 Hae

281 1874 452 1905 coronae
470 1865 670 1904 *noctibus*
688 1866 770 1902 sere
795 1865 902 1903 circa
928 1866 1059 1904 lunam
1087 1871 1125 1903 et
1151 1866 1247 1904 alias
1268 1866 1402 1904 stellas
1421 1869 1530 1902 nota-

281 1922 442 1967 buntur,
470 1919 639 1958 interdiu
663 1929 775 1965 raro,
803 1921 904 1959 adeo
924 1925 966 1958 ut
985 1919 1143 1967 quidam
1162 1930 1211 1958 ex
1233 1919 1391 1958 Graecis
1413 1928 1531 1966 nega-

281 1976 407 2014 verint
433 1975 589 2013 omnino
616 1984 685 2012 eas
712 1973 819 2020 fieri,
857 1984 945 2012 cum
973 1974 1061 2014 illos
1089 1973 1276 2012 historiae
1304 1977 1531 2020 coarguant.

283 2040 404 2068 causa
429 2034 565 2067 autem
581 2028 749 2066 raritatis
777 2027 875 2065 haec
893 2033 973 2076 est,
1000 2028 1108 2076 quod
1126 2029 1222 2067 solis
1243 2028 1382 2066 fortius
1402 2028 1531 2066 lumen

283 2089 344 2122 est
361 2088 400 2122 et
418 2093 486 2122 aer
505 2084 592 2131 ipse
610 2083 777 2131 agitatus
795 2082 847 2120 ab
864 2081 930 2120 illo
951 2083 1245 2130 calefactusque
1264 2082 1449 2120 solutior:
1475 2083 1531 2118 lu-

283 2149 358 2176 nae
384 2139 543 2188 [autem]
570 2137 730 2176 inertior
749 2136 809 2175 vis
827 2141 890 2174 est
911 2137 1081 2186 ideoque
1100 2137 1250 2174 facilius
1270 2147 1293 2174 a
1312 2137 1529 2183 circumpo-

231 2198 272 2230 11
284 2192 359 2231 sito
378 2194 469 2231 aere
488 2192 714 2231 sustinetur.
740 2200 867 2239 aeque
887 2191 1020 2229 sidera
1037 2195 1167 2229 cetera
1185 2190 1339 2228 infirma
1354 2195 1444 2229 sunt
1457 2198 1531 2227 nec

287 2256 540 2294 perrumpere
557 2248 649 2285 aera
668 2246 706 2284 vi
724 2255 798 2285 sua
814 2251 993 2294 possunt.
1017 2244 1212 2293 excipitur
1230 2245 1362 2293 itaque
1380 2243 1532 2283 illorum

287 2300 415 2349 imago
436 2306 474 2340 et
499 2301 538 2340 in
557 2301 718 2340 materia
737 2300 922 2340 solidiore
942 2309 989 2339 ac
1010 2300 1137 2338 minus
1158 2299 1322 2338 cedente
1342 2303 1531 2338 servatur.
