1592 2580
337 166 522 205 NATUR.
544 164 756 214 QUAEST.
786 164 882 203 LIB.
903 164 950 202 11.
979 168 1109 203 1—6.
1289 160 1368 219 1835

79 271 143 309 hic
174 274 236 308 est
261 268 384 316 enim,
415 268 484 316 qui
513 267 667 305 coelum
698 271 928 314 terramque
948 263 1168 311 connectit,
1202 264 1271 312 qui
1290 264 1370 301 ima

77 336 124 364 ac
153 335 307 364 summa
334 323 394 362 sic
415 327 596 371 separat,
627 327 667 360 ut
696 322 846 369 iungat.
884 325 1065 369 separat,
1096 317 1192 368 quia
1209 318 1368 358 medius

76 379 297 419 intervenit.
334 379 477 427 iungit,
509 377 604 427 quia
625 378 783 426 utrique
805 386 879 425 per
900 375 979 414 hoc
1006 376 1108 414 inter
1127 386 1173 414 se
1197 385 1367 414 consen—

77 447 148 475 sus
167 440 240 474 cst.
278 445 401 483 supra
429 444 474 473 se
497 434 586 481 dat,
617 431 810 482 quicquid
837 432 996 480 accepit
1014 442 1039 469 a
1058 431 1189 470 terris.
1225 433 1368 470 rursus

10 527 11 532 ,
77 491 154 530 vim
175 491 349 530 siderum
371 490 411 528 in
431 495 590 528 terrena
610 487 863 527 transfundit.
899 487 1023 535 Quasi
1049 491 1204 535 partem
1231 486 1369 525 mundi
1387 486 1410 519 2

9 553 11 579 ἐ
76 558 178 586 voco
201 552 243 585 ut
263 544 465 592 animalia,
497 544 674 583 arbusta.
716 555 810 595 nam
835 553 963 592 genus
994 543 1221 582 animalium
1251 542 1368 580 arbu-

76 608 309 651 storumque
338 612 431 650 pars
461 600 638 639 universi
667 604 749 648 est,
791 599 886 648 quia
911 597 952 637 in
983 598 1370 638 consummationem

75 658 195 698 totius
230 658 484 706 adsumptum
516 661 555 694 et
583 655 679 705 quia
705 666 786 694 non
816 659 879 694 est
904 654 992 693 sine
1017 654 1096 693 hoc
1121 654 1367 694 universum.

75 725 196 753 unum
230 718 362 752 autem
395 712 540 751 animal
576 717 616 750 et
642 722 720 750 una
745 711 865 750 arbor
891 710 1008 759 quasi
1036 720 1132 759 pars
1161 715 1240 756 est,
1276 709 1371 759 quia

77 769 260 819 quamvis
281 768 461 817 perierit,
483 773 616 806 tamen
631 767 692 813 id,
715 777 767 805 ex
790 776 870 815 quo
893 766 1014 815 perit,
1038 771 1163 805 totum
1185 770 1257 804 est.
1287 767 1371 803 Aer

77 830 229 873 autem,
256 829 301 863 ut
319 823 523 871 dicebam,
553 827 594 862 et
620 822 734 861 coelo
764 826 804 860 et
828 821 945 861 terris
966 821 1175 860 cohaeret:
1209 822 1371 870 utrique

76 883 236 920 innatus
256 884 330 920 est.
370 879 489 917 habet
516 883 647 917 autem
676 877 869 916 unitatem
902 876 1094 926 quIcquid
1123 876 1291 916 alicuius
1312 877 1370 914 rei

11 940 13 985 ξ
77 938 211 976 nativa
231 946 326 985 pars
347 939 421 973 est.
451 934 546 972 nihil
568 934 672 972 enim
693 934 871 972 nascitur
890 933 979 972 sine
997 933 1160 972 unitate.

157 993 208 1031 V.
246 992 368 1030 Terra
398 995 437 1028 et
463 1000 558 1038 pars
588 994 651 1028 est
676 988 815 1028 mundi
839 993 879 1027 et
905 989 1097 1027 materia:
1116 988 1214 1026 Pars
1245 998 1370 1037 quare
1387 996 1405 1029 i

77 1048 146 1096 sit,
181 1058 260 1087 non
287 1051 384 1096 puto
414 1050 452 1084 te
479 1045 833 1094 interrogaturum‚
871 1050 940 1083 aut
971 1054 1101 1093 aeque
1133 1044 1370 1092 interroges,

78 1114 202 1152 quare
229 1103 382 1141 coelum
414 1112 509 1150 pars
532 1101 601 1148 sit,
632 1100 728 1150 quia
755 1100 910 1139 scilicet
929 1110 1009 1139 non
1034 1100 1162 1148 magis
1185 1098 1272 1138 sine
1292 1099 1372 1138 hoc

12 1162 13 1166 ’
77 1171 198 1208 quam
218 1159 306 1198 sine
325 1158 392 1196 illa
407 1157 641 1196 universum
661 1161 796 1205 potest
815 1166 928 1203 esse,
951 1155 1062 1204 quod
1087 1165 1177 1194 cum
1199 1155 1262 1193 his
1284 1154 1371 1193 uni-

75 1226 237 1254 versum
260 1219 340 1260 est,
363 1223 414 1251 ex
438 1213 585 1261 quibus
607 1215 839 1260 [tamquam
855 1222 907 1250 ex
923 1210 1018 1260 hac,
1040 1210 1226 1250 alimenta
1247 1211 1370 1249 omni·

12 1287 13 1292 ¹
78 1270 157 1309 bus
181 1268 437 1316 animalibuS,
465 1268 650 1307 omnibus
674 1267 798 1315 satis,
827 1266 1015 1306 omnibus
1037 1267 1164 1306 stellis
1186 1266 1370 1305 dividun-

75 1331 151 1365 tur.
188 1325 282 1364 hinc
300 1324 444 1363 viritim
465 1324 655 1372 singulis,
675 1323 769 1362 hinc
788 1322 867 1371 ipsi
885 1323 1036 1361 mundo
1055 1327 1137 1361 tam
1156 1323 1277 1360 multa
1297 1332 1368 1371 po·
1393 1335 1414 1367 2

77 1381 203 1420 scenti
233 1379 575 1427 subministratur,
610 1379 702 1417 hinc
731 1379 952 1427 profertur,
989 1389 1069 1426 quo
1098 1378 1372 1416 sustineantur

76 1442 140 1475 tot>
157 1437 291 1475 sidera
310 1440 391 1474 tam
410 1435 650 1482 exercitata,
669 1439 749 1473 tam
773 1432 894 1472 avida
914 1444 986 1483 per
1005 1434 1111 1471 diem
1129 1438 1372 1482 noctemque

28 1519 41 1533 ’,ι
77 1497 121 1531 ut
145 1491 186 1530 in
216 1501 340 1540 opere
363 1490 418 1529 ita
445 1493 512 1537 [et]
538 1489 578 1528 in
598 1494 730 1538 pastu.
767 1492 835 1537 [et]
859 1489 1034 1528 omnium
1054 1489 1217 1538 quidem
1237 1499 1373 1528 rerum

77 1552 219 1586 natura
248 1550 439 1596 quantum
468 1545 508 1583 in
533 1545 814 1584 nutrimentum
844 1544 907 1583 sui
928 1544 1026 1584 satis
1048 1544 1117 1591 sit,
1145 1544 1373 1593 adprendit,

77 1603 250 1641 mundus
266 1607 410 1648 autem,
434 1606 623 1649 quantum
639 1601 678 1639 in
695 1606 900 1639 aeternum
921 1600 1189 1646 desiderabat,
1212 1601 1371 1639 invasit.

76 1658 269 1698 Pusillum
300 1657 371 1697 tibi
399 1658 628 1705 exemplum
654 1666 824 1704 magnae
843 1656 901 1694 rei
924 1666 1094 1704 ponam:
1123 1666 1202 1694 ova
1219 1660 1372 1695 tantum

80 1715 388 1763 conplectuntur
420 1712 621 1761 humoris,
656 1717 847 1760 quantum
878 1711 934 1750 ad
963 1710 1151 1750 effectum
1189 1711 1372 1763 animalis

16 1786 22 1789 ·
78 1769 222 1809 exituri
246 1769 344 1808 satis
363 1772 438 1807 est.

159 1826 228 1863 VI.
264 1826 346 1863 Aer
366 1823 579 1862 continuus
601 1827 731 1861 terrae
751 1828 814 1862 est
833 1826 873 1861 et
893 1822 952 1861 sie
971 1822 1205 1871 adpositus,
1235 1827 1280 1860 ut
1299 1827 1375 1861 sta·
1394 1830 1410 1861 1

80 1880 149 1919 tim
177 1880 232 1919 ibi
261 1881 416 1919 futurus
446 1879 517 1938 sit,
545 1879 653 1917 unde
679 1879 748 1916 illa
767 1878 1014 1917 discesserit.
1053 1888 1149 1926 pars
1169 1878 1291 1916 totius
1312 1884 1375 1916 est

79 1937 235 1984 mundi,
265 1935 339 1974 sed
369 1940 523 1983 tamen,
563 1933 755 1983 quicquid
779 1938 885 1972 terra
910 1933 951 1971 in
977 1933 1207 1972 alimentum
1239 1934 1370 1972 coele·

79 1991 199 2031 stium
212 1991 336 2037 misit,
357 1990 518 2038 recipit,
538 1995 582 2028 ut
597 1989 750 2028 scilicet
769 1989 955 2034 materia,
977 1998 1058 2026 non
1080 1999 1175 2037 pars
1198 1987 1373 2037 intellegi

80 2046 234 2087 debeat.
266 2044 417 2085 exffrm:
448 2046 576 2084 omnis
605 2045 874 2083 inconstantia
897 2044 984 2082 eius
1004 2045 1279 2092 tumultusque
1298 2049 1374 2083 est.

79 2102 193 2141 Hunc
235 2102 395 2152 quidam
429 2112 480 2139 ex
513 2099 754 2139 distantibus
789 2099 1043 2148 corpusculis
1080 2104 1124 2138 ut
1161 2100 1370 2148 pulverem
1392 2107 1414 2140 2

82 2162 236 2197 struunt
261 2158 555 2206 plurimumque
583 2166 607 2194 a
636 2166 734 2194 vero
769 2155 976 2193 recedunt.
1018 2166 1236 2204 numquam
1267 2155 1373 2194 enim

81 2212 158 2250 nisi
181 2212 354 2252 contexti
374 2223 446 2261 per
466 2212 656 2250 unitatem
677 2211 860 2259 corporis
880 2210 995 2248 nisus
1016 2216 1096 2258 est,
1129 2221 1219 2249 cum
1238 2216 1373 2259 partes

83 2268 308 2306 consentire
335 2269 387 2306 ad
418 2268 674 2306 intentionem
695 2266 868 2304 debeant
887 2271 926 2304 et
944 2266 1130 2304 conferre
1149 2266 1267 2304 vires.
1302 2277 1373 2304 aer

84 2327 235 2372 autern,
265 2323 300 2362 si
329 2323 368 2362 in
396 2329 552 2363 atomos
581 2321 786 2370 inciditur,
817 2331 985 2370 sparsus
1013 2326 1086 2360 est.
1122 2322 1247 2361 teneri
1275 2332 1371 2361 vero
