1624 2626
358 166 426 208 DE
448 165 737 206 CLEMENTIA
763 165 859 220 LIB.
875 165 906 204 Ι.
934 169 1087 206 9—12.
1287 162 1369 206 287

83 275 193 310 ratus
221 274 261 309 et
286 269 484 317 clemens,
513 277 659 317 nempe
688 271 783 317 post
814 277 926 306 mare
951 266 1160 306 Actiacum
1185 266 1369 307 Romano

85 336 226 366 cruore
245 325 453 372 infectum,
481 334 628 373 nempe
648 329 744 373 post
763 324 910 362 fractas
930 323 971 361 in
993 323 1131 362 Sicilia
1151 324 1305 363 classes
1332 329 1371 363 et

85 393 180 422 suas
201 386 239 420 et
258 381 432 429 alienas,
474 390 621 429 nempe
649 385 744 429 post
761 379 976 419 Perusinas
1005 390 1106 418 aras·
1129 384 1168 419 et
1194 379 1368 429 proscri-

82 438 257 489 ptiones.
286 437 386 487 *Ego
407 447 504 476 vero
526 436 777 475 clementiam
799 446 881 475 non
899 446 1004 475 voco
1025 437 1176 475 lassam
1198 435 1368 475 crudeli·
1385 444 1407 478 2

84 498 224 534 tatem:
252 493 354 532 haec
374 498 454 542 est,
477 493 646 539 Caesar,
673 492 885 532 clementia
902 502 1020 539 vera,
1048 502 1166 541 quam
1188 497 1231 531 tu
1251 502 1368 541 prae-

84 556 186 599 stas,
217 560 322 600 quae
342 559 423 588 non
444 548 636 588 saevitiae
656 547 903 598 poenitentia
928 548 1080 597 coepit,
1120 548 1270 587 nullam
1298 547 1368 586 ha-

82 606 179 645 bere
211 607 426 652 maculam,
471 615 690 654 numquam
727 604 882 644 civilem
920 603 1157 653 sanguinem
1197 603 1368 643 fudisse.

81 663 182 701 haec
207 657 279 701 ‘est
303 661 343 701 in
371 661 548 700 maxima
580 665 781 710 potestate
815 660 1028 700 verissima
1057 659 1179 699 animi
1216 665 1369 709 tempe-

83 718 211 757 rantia
234 723 272 757 et
291 718 452 756 humani
473 716 634 766 generis
664 717 902 766 conprendit
920 719 1123 765 terminos,
1152 728 1234 756 non
1256 717 1368 765 cupi-

84 774 206 813 ditate
226 774 381 824 aliqua,
413 785 492 813 non
509 773 730 813 temeritate
749 773 930 822 incendi,
951 784 1030 813 non
1054 773 1232 822 priorum
1258 773 1367 822 prin-

84 831 218 880 cipum
235 830 433 880 exemplis
455 834 688 879 corruptum
709 834 903 880 quantum
928 830 966 868 in
998 830 1108 869 cives
1130 840 1229 869 suos
1251 829 1370 869 liceat

84 887 332 936 experiendo
366 891 580 935 temptare,
618 886 692 924 sed
721 886 912 924 hebetare
941 886 1070 924 aciem
1102 885 1258 935 imperii
1292 886 1367 925 sui.

81 942 335 991 Praestitisti‚
367 942 534 990 Caesar,
567 942 765 981 civitatem
794 941 1042 981 incruentam
1078 946 1116 981 et
1148 942 1227 981 hoc
1257 942 1406 990 quoda

82 1010 229 1047 magno
258 1000 390 1038 animo
419 998 613 1047 gloriatus
647 1008 712 1036 es:
742 999 890 1037 nullam
916 1003 956 1037 te
984 1003 1068 1037 toto
1099 998 1196 1037 orbe
1224 998 1370 1037 stillam

84 1055 240 1094 cruoris
277 1055 440 1093 humani
473 1054 655 1101 misisse,
699 1063 748 1092 eo
787 1054 917 1092 maius
958 1058 1019 1092 est
1049 1053 1366 1102 mirabiliusque,

86 1111 197 1160 quod
218 1111 314 1150 nulli
334 1121 524 1159 umquam
552 1110 668 1148 citius
696 1109 855 1158 gladius
886 1109 1129 1148 commissus
1159 1115 1232 1150 est.
1283 1110 1406 1148 Cle-4

82 1167 230 1205 mentia
251 1177 346 1215 ergo
370 1177 448 1204 non
468 1171 620 1205 tantum
646 1164 922 1213 honestiores,
953 1165 1027 1204 sed
1055 1166 1223 1205 tutiores
1251 1176 1368 1215 prae-

85 1227 181 1270 stat,
204 1227 562 1271 ornamentumque
582 1221 839 1270 imperiorum
862 1225 924 1261 est
944 1222 1062 1261 simul
1085 1226 1123 1260 et
1143 1222 1369 1261 certissima

83 1279 206 1318 salus.
259 1279 360 1327 Quid
394 1277 499 1317 enim
527 1282 608 1326 est,
637 1277 790 1328 [quod‚]
821 1288 913 1316 cum
941 1288 1059 1327 reges
1081 1278 1369 1317 consenuerint

82 1335 302 1384 liberisque
329 1346 376 1373 ac
408 1333 627 1383 nepotibus
659 1334 896 1373 tradiderint
921 1344 1066 1383 regna,
1101 1339 1368 1386 tyrannorum

83 1390 344 1430 exsecrabilis
373 1401 421 1430 ac
449 1390 584 1429 brevis
613 1394 796 1439 potestas
826 1394 916 1429 est?
955 1390 1055 1439 Quid
1082 1391 1248 1429 interest
1266 1391 1368 1429 inter

84 1450 297 1496 tyrannum
315 1451 354 1486 et
382 1451 550 1494 regem?
586 1447 748 1495 species
777 1445 883 1484 enim
913 1446 1004 1495 ipsa
1033 1446 1216 1485 fortunae
1246 1457 1294 1485 ac
1322 1446 1366 1483 li-

85 1502 214 1540 centia
232 1514 305 1551 par
326 1507 406 1549 est,
429 1503 506 1541 nisi
528 1503 638 1551 quod
657 1502 819 1554 tyranni
838 1502 878 1540 in
897 1502 1147 1552 voluptatem
1167 1502 1365 1549 saeviunt,

84 1568 202 1606 reges
223 1569 303 1597 non
323 1558 399 1596 nisi
420 1569 470 1596 ex
493 1569 616 1597 causa
636 1569 683 1597 ac
703 1558 959 1597 necessitate.

166 1613 248 1651 XII.
279 1614 381 1661 Quid
401 1618 525 1662 ergo?
562 1625 643 1653 non
673 1625 791 1663 reges
812 1624 977 1663 quoque
998 1613 1186 1653 occidere
1210 1615 1369 1653 solent?
1387 1622 1403 1655 1

85 1669 157 1707 sed
181 1670 367 1718 quotiens
388 1669 427 1708 id
447 1670 533 1708 fieri
560 1670 719 1718 publica
739 1670 887 1709 utilitas
907 1671 1145 1719 persuadet:
1183 1671 1366 1721 tyrannis

85 1726 252 1764 saevitia
273 1725 384 1764 cordi
406 1729 479 1764 est.
529 1726 749 1776 Tyrannus>
766 1730 899 1764 autem
927 1737 951 1764 a
976 1737 1073 1775 rege
1093 1725 1215 1765 distat
1236 1725 1366 1774 sactis,

83 1792 161 1820 non
175 1781 347 1820 nomine.
370 1792 461 1819 nam
478 1782 746 1833 etDIOnysius
762 1782 891 1820 maior
905 1782 991 1820 iure
1007 1782 1233 1831 meritoque
1251 1792 1366 1831 prae-

85 1836 178 1876 ferri
205 1837 338 1876 multis
366 1837 530 1885 regibus
558 1842 692 1886 potest
717 1841 756 1876 et
773 1837 817 1876 L.
839 1837 989 1877 Sullam
1014 1838 1208 1888 adpellari
1228 1843 1365 1889 tyran—

83 1904 177 1931 num
199 1894 293 1942 quid
318 1893 522 1942 prohibet,
546 1893 610 1932 cui
631 1893 843 1932 occidendi
860 1894 981 1933 finem
1008 1895 1102 1934 fecit
1128 1894 1266 1943 inopia
1294 1893 1365 1932 ho—

85 1948 233 1987 stium?
258 1949 525 1988 Descenderit
539 1949 631 1987 licet
650 1959 673 1987 e
699 1950 896 1990 dictatura
917 1961 992 1990 sua
1011 1955 1050 1989 et
1071 1961 1116 1989 se
1138 1955 1255 1999 togae
1274 1951 1362 1988 red-
1380 1960 1403 1994 2

84 2005 247 2053 diderit,
283 2005 373 2054 quis
398 2010 529 2043 tamen
555 2016 745 2054 umquam
772 2009 972 2057 tyrannus
990 2011 1069 2044 tam
1092 2006 1210 2044 avide
1228 2005 1365 2045 huma-

83 2071 176 2099 num
196 2062 431 2110 sanguinem
451 2061 549 2100 bibit
569 2072 688 2110 quam
708 2060 794 2109 ille,
830 2061 900 2111 qui
919 2066 1074 2111 septem
1093 2062 1202 2100 milia
1221 2061 1367 2101 civium

82 2116 355 2156 Romanorum
384 2117 652 2157 contrucidari
683 2116 829 2156 iussit?
869 2124 908 2157 et
943 2128 1033 2157 cum
1070 2117 1109 2156 in
1146 2118 1279 2157 vicino
1313 2119 1366 2157 ad

86 2172 226 2211 aedem
245 2172 436 2212 Bellonae
469 2174 619 2212 sedens
652 2174 887 2212 exaudisset
925 2174 1278 2213 conclamationem
1307 2179 1366 2213 tot

85 2228 232 2267 milium
248 2229 323 2267 sub
344 2229 477 2278 gladio
495 2230 748 2278 gementium,
771 2230 959 2268 exterrito
977 2236 1138 2269 senatu:
1158 2231 1244 2270 Hoc
1258 2242 1364 2279 aya-—

84 2293 186 2332 mus,
221 2284 372 2334 inquit,
401 2287 445 2324 P.
467 2286 527 2334 0.,
561 2286 734 2325 seditiosi
746 2288 915 2335 pauculi
939 2297 1021 2325 meo
1042 2289 1147 2326 iussu
1172 2288 1363 2327 occidan-

85 2342 160 2380 tur.
201 2341 288 2380 Hoc
317 2352 397 2382 non
433 2346 495 2382 est
527 2341 735 2382 mentitus:
778 2340 900 2393 pauci
934 2341 1070 2382 Sullae
1113 2343 1362 2383 videbantur.
