1624 2626
265 162 343 204 172
480 163 523 202 L.
550 163 740 202 ANNAEI
769 163 994 202 SENECAE
1019 163 1150 202 DIAL.
1170 163 1234 201 IX.

265 263 477 312 splendere
504 263 736 311 cogentibus
769 272 980 310 expressa,
1014 262 1087 300 sed
1114 259 1330 300 domestica
1356 265 1394 299 et
1418 260 1519 308 vilis,

221 325 243 359 6
263 328 337 356 nec
365 322 522 356 servata
549 328 622 356 nec
652 317 843 356 sumenda
872 316 1050 355 sollicite.
1090 316 1221 354 Placet
1241 315 1371 363 cibus,
1405 325 1521 363 quem

264 382 337 410 nec
358 377 496 420 parent
516 372 685 410 familiae
702 382 776 410 nec
796 374 993 419 spectent,
1017 375 1206 420 non-,ante
1234 371 1376 408 multos
1397 369 1519 417 impe-

264 431 372 465 ratus
393 427 478 465 dies
499 437 572 466 nec
590 427 798 466 multorum
818 424 998 464 manibus
1015 425 1275 470 ministratus,
1306 423 1379 462 sed
1408 433 1521 471 para-

266 480 355 519 bilis
376 480 601 530 facilisque,
630 480 724 518 nih-ii
749 479 901 517 habens
921 478 1100 517 arcessiti
1121 478 1343 527 pretiosive‚
1363 477 1524 516 ubilibet

263 545 342 573 non
371 535 596 582 defuturus,
629 545 704 573 nec
730 533 962 582 patrimonio
990 543 1063 571 nec
1082 533 1239 582 corpori
1259 533 1410 580 gravis,
1442 541 1522 569 non

221 592 242 626 7
262 590 459 628 rediturus
479 601 558 638 qua
576 589 786 628 intraverit.
825 587 958 627 Placet
975 587 1150 626 minister
1168 587 1336 626 incultus
1357 591 1395 624 et
1412 586 1523 624 rudis

262 644 444 692 vernula,
478 648 682 692 argentum
703 653 824 692 grave
850 642 984 681 rustici
1006 641 1127 690 patris
1156 642 1242 680 sine
1260 642 1340 679 ullo
1367 641 1525 678 nomine

263 698 443 745 artificiS,
477 703 515 736 et
542 709 680 736 mensa
710 708 788 736 non
823 697 1011 736 varietate
1037 696 1277 735 macularum
1309 694 1526 744 conspicua

262 763 336 790 nec
357 762 429 800 per
447 754 589 790 multas
610 753 855 791 dominorum
878 751 1112 799 elegantium
1132 750 1411 789 successiones
1432 749 1524 787 civi·

261 806 327 844 tati
348 810 460 854 nota,
481 807 554 845 sed
574 808 611 844 in
632 817 747 845 usum
769 806 916 854 posita,
939 816 1040 854 quae
1059 805 1203 843 nullius
1222 802 1413 843 convivae
1432 814 1526 842 ocu-

220 863 244 896 8
263 860 323 899 los
355 870 429 899 nec
461 863 664 909 voluptate
696 866 871 899 moretur
903 870 978 898 nec
1009 860 1201 898 accendat
1230 859 1390 897 invidia.
1433 858 1527 896 Cum

264 915 367 953 bene
387 915 463 953 ista
483 917 732 964 placuerunt,
761 914 1015 963 praestringit
1033 915 1201 952 animum
1225 914 1439 961 adparatus
1459 912 1528 950 ali·

264 970 376 1007 cuius
404 971 660 1018 paedagogii‚
695 969 920 1016 diligentius
948 979 1066 1016 quam
1095 969 1132 1006 in
1161 969 1303 1007 tralatu
1333 967 1473 1006 vestita
1491 971 1531 1005 et

264 1034 361 1063 auro
387 1025 494 1062 culta
520 1024 715 1072 mancipia
741 1029 779 1061 et
806 1034 943 1071 agmen
975 1034 1182 1061 servorum
1201 1022 1415 1061 nitentium.
1451 1020 1530 1060 iam

262 1078 405 1116 domus
433 1078 550 1116 etiam
570 1089 649 1126 qua
677 1078 852 1116 calcatur
880 1078 1054 1125 pretiosa
1080 1082 1118 1115 et
1136 1077 1281 1116 divitiis
1301 1088 1373 1125 per
1391 1085 1529 1114 omnes

262 1133 430 1180 angulos
469 1132 692 1180 dissipatis,
744 1136 847 1170 tecta
882 1133 972 1179 ipsa
1008 1132 1195 1179 fulgentia
1231 1137 1270 1170 et
1306 1132 1531 1169 adsectator

263 1197 480 1234 comesque
499 1186 822 1234 patrimoniorum
841 1187 1088 1234 pereuntium
1109 1187 1295 1234 populus.
1325 1185 1425 1232 Quid
1440 1195 1529 1233 per·

264 1242 430 1279 lucentis
457 1241 509 1279 ad
534 1242 653 1279 imum
680 1251 805 1288 aquas
833 1246 871 1279 et
890 1239 1208 1278 circumfluentes
1229 1240 1317 1288 ipsa
1337 1238 1529 1286 convivia,

228 1307 250 1341 9
267 1295 361 1344 quid
389 1297 528 1343 epulas
556 1297 698 1343 loquar
728 1305 850 1333 scena
877 1305 950 1333 sua
979 1295 1148 1342 dignas?
1186 1293 1442 1332 Circumfudit
1468 1303 1532 1331 me

266 1361 318 1388 ex
335 1350 455 1398 longo
476 1350 705 1397 frugalitatis
725 1350 802 1388 situ
816 1345 1172 1388 venientem‘multo
1190 1350 1403 1397 splendore
1417 1349 1531 1386 luxu-

265 1405 326 1442 ria
345 1409 384 1443 et
401 1403 579 1452 undique
605 1404 896 1443 circumsonuit.
937 1405 1096 1452 paulum
1114 1404 1254 1442 titubat
1280 1403 1401 1441 acies.
1438 1402 1531 1440 saci·-

266 1459 343 1497 lius
367 1459 561 1497 adversus
582 1459 686 1497 illam
706 1458 876 1496 animum
897 1469 1014 1507 quam
1037 1459 1176 1496 oculos
1200 1459 1359 1496 adtollo.
1386 1456 1532 1495 recedo

267 1513 401 1562 itaque
420 1524 499 1551 non
529 1513 660 1561 peior,
689 1514 762 1551 sed
781 1513 946 1559 tristior,
975 1523 1048 1550 nec
1068 1512 1167 1551 inter
1195 1512 1261 1550 illa
1287 1512 1427 1550 frivola
1445 1521 1534 1548 mea

267 1573 346 1606 tam
379 1569 481 1606 altus
514 1568 656 1606 incedo
688 1568 910 1616 tacitusque
941 1559 1098 1606 morsus
1132 1566 1239 1606 subit
1265 1572 1303 1606 et
1329 1565 1531 1611 dubitatio,

266 1622 459 1670 numquid
487 1621 553 1660 illa
578 1623 740 1660 meliora
767 1623 862 1661 sint:
897 1622 990 1659 nihil
1018 1622 1157 1660 horum
1181 1631 1244 1659 me
1271 1625 1411 1668 mutat,
1438 1619 1531 1658 nihii

216 1687 348 1719 10non
382 1681 511 1715 tamen
545 1677 729 1715 concutit.
782 1676 914 1714 Placet
946 1676 1050 1723 inme
1081 1678 1194 1727 viam]
1232 1680 1532 1724 praeceptorum

270 1730 386 1779 sequi
419 1736 458 1769 et
489 1731 528 1769 in
559 1732 728 1770 mediam
763 1731 820 1769 ire
851 1731 1146 1778 rempublicam.
1199 1732 1330 1779 placet
1359 1730 1532 1768 honores

270 1786 484 1834 fascesque
511 1796 590 1824 non
619 1786 769 1825 scilicet
795 1796 971 1834 purpura
996 1791 1063 1824 aut
1089 1785 1450 1834 virgis'abductum
1467 1791 1534 1821 'ca-

270 1850 447 1887 pessere‚
470 1840 544 1878 sed
561 1845 606 1879 ut
623 1839 760 1878 amicis
780 1841 1096 1888 propinquisque
1117 1845 1155 1878 et
1170 1839 1352 1879 omnibus
1368 1837 1534 1885 civibus,

271 1896 454 1933 omnibus
473 1895 621 1933 deinde·
639 1896 868 1934 mortalibus
885 1895 1058 1942 paratior
1071 1895 1278 1942 utiliorque
1295 1893 1380 1932 sim.
1402 1899 1534 1941 prom-

271 1953 374 1996 ptus,
396 1948 630 1997 conpositus
651 1959 800 1997 sequor
818 1949 990 1997 Zenona,
1011 1949 1232 1994 Cleanthen,
1252 1947 1532 1998 Chrysippum,

272 2014 439 2051 quorum
466 2010 594 2043 tamen
622 2014 739 2043 nemo
769 2005 819 2042 ad
846 2005 1128 2053 rempublicam
1155 2003 1325 2041 accessit
1351 2007 1389 2041 et
1416 2011 1532 2040 nemo

217 2067 255 2100 11
271 2068 350 2095 non
370 2058 491 2096 misit:
520 2058 588 2097 ubi
607 2059 755 2107 aliquid
782 2058 950 2097 animam
978 2058 1170 2098 insolitam
1196 2057 1351 2095 arietari
1373 2053 1534 2105 percus·

274 2112 343 2159 sit,
375 2112 442 2150 ubi
468 2113 616 2161 aliquid
644 2114 812 2152 occurrit
838 2118 904 2152 aut
929 2114 1147 2161 indignum,
1179 2117 1222 2150 ut
1254 2113 1293 2149 in
1321 2111 1425 2150 omni
1455 2109 1536 2147 vita

273 2166 444 2204 humana
463 2168 583 2205 multa
604 2172 714 2215 sunt,
742 2173 810 2207 aut
827 2179 964 2216 parum
982 2178 1033 2206 ex
1052 2166 1156 2205 sacili
1175 2166 1323 2214 fluens,
1354 2170 1419 2204 aut
1436 2165 1533 2202 mui-

273 2226 355 2258 tum
375 2221 563 2269 temporis
589 2233 655 2261 res
689 2233 769 2261 non
789 2233 932 2271 magno
960 2221 1225 2260 aestimandae
1252 2222 1534 2269 poposcerunt,

274 2275 326 2313 ad
344 2275 464 2314 otium
486 2282 694 2316 convertor
714 2282 752 2316 et
779 2276 1108 2327 quemadmodum
1135 2276 1345 2324 pecoribus
1365 2273 1536 2322 fatigatis
