1598 2606
332 159 398 198 DE
425 157 703 206 BENEFICIIS
729 158 823 198 LIB.
847 159 894 197 ΙΙ.
922 163 1050 201 3—6.
1267 158 1320 202 17

58 261 260 310 plerisque
278 265 410 300 autem
425 259 502 300 hoc
517 258 652 299 vitium
669 264 731 299 est
745 258 956 298 ambitione
971 269 1097 309 prava
1111 259 1321 301 differendi

58 316 274 366 promissa,
301 326 352 355 ne
377 316 504 355 minor
530 316 582 355 sit
606 314 828 364 rogantium
851 315 986 363 turba,
1018 317 1157 364 quales
1183 317 1320 366 regiae

54 371 255 422 potentiae
273 370 440 411 ministri
460 376 572 420 sunt,
593 381 696 421 quos
717 370 887 410 delectat
903 371 1102 420 potentiae
1121 383 1219 412 suae
1234 373 1318 414 lon-

54 439 147 478 gum
172 428 445 477 spectaculum
472 427 685 477 minusque
714 437 759 466 se
783 425 958 466 iudicant
977 437 1123 476 posse,
1149 429 1226 468 nisi
1253 428 1322 468 diu

53 484 298 533 mustumque
325 483 491 532 singulis
520 482 617 532 quid
643 483 802 532 possint
827 481 1083 525 ostenderint.
1111 483 1207 523 nihil
1227 495 1320 524 con-

52 539 203 587 festim,
234 537 330 578 nihil
355 540 479 578 semel
506 539 666 578 faciunt.
702 537 868 578 iniuriae
893 538 1047 578 illorum
1067 539 1320 590 praecipites,

50 596 157 634 lenta
183 594 380 635 beneficia
407 599 512 635 sunt.
560 594 691 643 Quare
715 594 966 635 verissimum
985 593 1180 645 existima,
1210 597 1320 645 quod
1339 593 1360 628 2
1396 599 1400 605 “

49 650 116 691 illc
141 651 318 691 comicus
340 650 458 690 dixit:

319 704 451 753 Quid?
476 711 517 746 tu
543 717 620 746 non
644 706 832 755 intelleyis

103 765 250 802 tantum
263 764 420 811 qratiae
436 767 473 802 te
490 763 654 810 demere,
675 767 861 810 quantum
879 772 1011 801 morae
1025 760 1178 803 adicis?

48 818 147 857 Inde
170 818 260 857 illae
280 828 415 865 voces,
437 829 538 866 quas
558 817 754 866 ingenuus
774 817 890 857 dolor
908 817 1111 866 exprimit=
1139 819 1266 868 „Fac,
1284 821 1321 859 si

47 874 286 923 quidfacis“
314 877 353 912 et
380 875 504 920 „nihil
516 878 572 913 est
587 875 706 913 tanti:
733 875 835 913 malo
851 873 948 912 mihi
963 874 1042 912 iam
1058 877 1211 923 neqesf‘
1240 874 1317 915 Ubi

47 929 88 968 in
115 929 287 969 taedium
313 928 510 968 adductus
538 929 693 968 animus
727 928 866 978 incipit
893 927 1131 968 beneficium
1165 930 1316 978 odisse,

47 985 142 1024 dum
162 989 383 1034 exspectat,
402 988 535 1033 potest
552 984 602 1024 ob
618 984 656 1023 id
673 989 810 1033 gratus
827 988 946 1024 esse?
974 983 1316 1032 Quemadmodum
1334 985 1357 1021 3

48 1039 308 1080 acerbissima
327 1040 540 1080 crudelitas
557 1044 630 1087 est,
653 1050 755 1089 quae
770 1040 886 1079 trahit
902 1050 1087 1089 poenam,
1110 1045 1149 1080 et
1162 1040 1315 1080 miseri-

47 1095 210 1136 cordiae
228 1105 357 1144 genus
377 1100 440 1135 est
458 1095 534 1134 cito
559 1095 754 1142 occidere,
776 1095 869 1144 quia
883 1099 1122 1135 tormentum
1137 1097 1316 1135 ultimum

47 1151 166 1190 finem
187 1151 248 1190 sui
269 1160 406 1190 secum
427 1150 574 1199 adfert,
604 1151 712 1199 quod
731 1151 931 1190 antecedit
955 1155 1114 1200 tempus
1141 1152 1316 1191 maxima

46 1206 202 1246 venturi
233 1205 417 1255 supplicii
437 1216 533 1255 pars
561 1211 640 1246 est:
671 1207 726 1245 ita
751 1207 877 1246 maior
896 1210 958 1245 est
983 1206 1160 1246 muneris
1188 1206 1316 1257 gratia

46 1274 127 1312 quo
150 1262 279 1301 minus
299 1261 367 1300 diu
387 1261 589 1310 pependit.
625 1266 687 1302 est
706 1262 811 1301 enim
831 1262 947 1301 etiam
967 1262 1162 1302 bonarum
1181 1274 1314 1302 rerum

45 1317 224 1357 sollicitis
245 1317 513 1366 exspectatio,
533 1322 573 1357 et
591 1327 679 1356 cum
701 1318 870 1367 plurima
883 1317 1080 1357 beneficia
1094 1318 1313 1357 remedium

45 1372 211 1413 alicuius
243 1371 303 1411 rei
338 1373 541 1420 adferant,
577 1373 645 1423 qui
677 1378 745 1412 aut
778 1373 924 1413 diutius
959 1374 1135 1422 torqueri
1167 1373 1315 1423 patitur

45 1439 164 1478 quem
183 1427 366 1477 protinus
387 1433 520 1478 potest
539 1427 728 1476 liberare,
759 1434 826 1468 aut
847 1429 998 1468 tardius
1017 1429 1215 1477 gaudere,
1242 1429 1312 1468 be·

44 1484 188 1523 neficio
210 1494 284 1523 suo
304 1494 446 1523 manus
466 1484 606 1524 adfert.
654 1484 789 1524 Omnis
811 1483 1034 1532 benignitas
1057 1490 1248 1534 properat
1274 1489 1313 1523 et
1330 1485 1353 1520 4

43 1539 247 1588 proprium
274 1543 336 1577 est
356 1539 523 1579 libenter
542 1539 722 1580 facientis
750 1540 825 1580 cito
855 1541 999 1579 facere.
1039 1540 1107 1589 qui
1134 1540 1245 1579 tarde
1273 1546 1312 1579 et

47 1594 152 1633 diem
180 1594 230 1632 de
258 1593 323 1632 die
349 1594 561 1633 extrahens
589 1595 755 1644 profuit,
785 1606 864 1635 non
895 1605 946 1634 ex
965 1593 1096 1635 animo
1118 1595 1229 1635 fecit:
1257 1595 1312 1634 ita

44 1650 146 1690 duas
178 1659 244 1688 res
276 1649 469 1688 maximas
496 1650 688 1700 perdidit,
716 1657 755 1690 et
780 1656 940 1700 tempus
971 1655 1010 1690 et
1035 1656 1310 1701 argumentum

44 1705 194 1744 amicae
213 1705 441 1744 voluntatis.
483 1705 596 1744 tarde
615 1708 718 1745 velle
738 1707 910 1747 nolentis
931 1711 1004 1746 est.
1022 1754 1025 1756 ,

125 1760 192 1799 VI.
222 1760 266 1798 In
296 1760 401 1799 omni
430 1759 609 1809 negotio,
634 1761 848 1810 Liberalis,
877 1773 956 1800 non
985 1761 1145 1801 minima
1176 1761 1307 1812 portio
1329 1767 1347 1800 1

43 1820 115 1862 est,
138 1816 340 1865 quomodo
364 1816 540 1865 quidque
558 1820 626 1855 aut
645 1817 798 1857 dicatur
816 1822 882 1857 aut
907 1817 986 1857 fiat.
1020 1818 1184 1856 multum
1205 1819 1306 1857 cele-

41 1872 138 1913 ritas
165 1871 275 1919 fccit‚
304 1871 467 1910 multum
494 1870 654 1911 abstulit
678 1883 799 1912 mora.
854 1873 956 1912 sicut
980 1873 1019 1911 in
1050 1873 1138 1912 telis
1166 1870 1307 1912 eadem

28 1926 134 1975 ,ferri
159 1925 221 1965 vis
255 1931 335 1974 est,
363 1927 437 1965 sed
466 1927 660 1967 infinitum
689 1929 871 1974 interest,
900 1934 1027 1968 utrum
1056 1939 1230 1968 excusso
1249 1930 1305 1968 la-

42 1986 148 2022 certo
166 1986 425 2032 torqueantur
442 1993 493 2021 an
507 1983 676 2022 remissa
691 1995 809 2023 manu
824 1983 999 2023 effluant.
1027 1983 1185 2032 gladius
1200 1984 1304 2022 idem

27 2037 194 2086 stringit
203 2042 241 2077 et
256 2039 480 2077 transforat.
511 2049 628 2088 quam
643 2050 785 2088 presso
803 2039 967 2079 articulo
987 2039 1149 2088 venerit,
1163 2039 1302 2078 refert:

42 2091 126 2144 [ita]
155 2093 259 2132 idem
287 2098 348 2133 est
373 2094 484 2143 quod
503 2095 635 2143 datur,
666 2095 739 2134 sed
765 2095 929 2134 interest
950 2095 1151 2144 quomodo
1177 2095 1301 2134 detur.

42 2147 164 2197 Quam
184 2149 318 2197 dulce,
349 2161 467 2198 quarn
488 2150 705 2199 pretiosum
725 2154 804 2198 est,
836 2150 870 2189 si
887 2149 1035 2199 gratias
1051 2149 1126 2188 sibi
1142 2150 1205 2199 agi
1221 2161 1298 2191 non
1319 2160 1341 2193 2

42 2206 103 2242 est
128 2214 276 2253 passus
297 2205 365 2254 qui
389 2205 516 2253 dedit,
547 2206 581 2245 si
605 2204 786 2254 dedisse,
816 2206 909 2246 dum
933 2206 1018 2254 dat,
1048 2206 1192 2245 obiitus
1219 2211 1298 2246 est!

41 2268 130 2299 nam
147 2260 346 2310 corripere
363 2271 454 2300 eum
469 2261 531 2301 cui
549 2272 649 2310 cum,
667 2262 836 2300 maxime
851 2261 999 2310 aliquid
1018 2266 1210 2311 praestes,
1231 2262 1297 2301 de·

42 2314 186 2355 mentia
201 2321 262 2355 est
291 2321 329 2355 et
355 2318 532 2356 inserere
561 2317 834 2358 contumeliam
852 2316 1013 2357 meritis.
1051 2317 1183 2368 itaque
1202 2329 1296 2358 non

99 2382 228 2408 SENECA
253 2385 342 2410 prm..
371 2375 411 2411 11.
1079 2378 1101 2412 2
