1592 2580
283 147 466 186 NATUR.
491 145 704 195 QUAEST.
731 145 826 185 LIB.
840 145 909 184 VI.
936 150 1087 187 7—10.
1243 144 1326 187 279

42 248 214 288 habeant
231 247 336 286 enIm
356 251 516 296 oportet
535 245 716 295 pluribus
735 245 836 284 locis
856 255 1042 294 sparsum
1062 244 1269 285 humorem
1287 250 1326 284 et

43 303 84 343 in
104 304 182 343 imo
204 307 405 351 coactum,
431 308 475 342 ut
497 307 679 341 eructare
698 306 808 341 tanto
828 300 966 350 inpetu
986 300 1158 350 possint.

124 360 189 398 lX.
217 359 387 408 Ignem
416 369 618 397 causam
644 362 809 397 motus
834 356 1036 405 quidam
1058 361 1105 396 et
1125 354 1324 406 quidem
1343 363 1361 397 1

42 426 137 455 non
167 414 226 454 ob
254 414 476 454 eamdem
504 423 711 453 causam
736 412 988 452 iudicant:
1016 411 1196 462 inprimis
1216 413 1324 452 Ana·

40 481 235 520 xagoras,
273 469 343 518 qui
369 468 570 509 existimat
603 468 747 517 „simili
776 478 916 518 paene>
933 478 986 508 ex
1014 478 1139 507 causa
1166 472 1205 507 et
1231 470 1327 507 aera

42 525 200 566 concuti
229 530 270 565 et
293 531 459 572 terram,
495 535 586 564 cum
613 525 653 563 in
679 524 868 564 inferiore
887 529 1001 573 parte
1028 524 1194 573 spiritus
1216 534 1325 563 cras-

41 593 130 621 sum
156 583 251 620 aera
277 586 316 620 et
342 581 381 620 in
409 580 538 620 nubes
567 584 750 620 eoactum
769 580 911 620 eadem
930 580 991 628 vi,
1021 591 1102 629 qua
1121 579 1231 628 apud
1248 590 1325 619 nos

41 647 206 687 quoque
228 636 364 676 nubila
382 635 511 685 frangi
531 637 682 684 solent,
710 636 857 685 rumpit
875 640 916 675 et
933 635 1038 685 ignis
1058 647 1110 675 ex
1129 635 1207 675 hoc
1230 646 1324 675 con-

39 694 119 732 lisu
146 692 309 731 nubium
337 703 541 742 cursuque
561 692 649 731 elisi
669 691 775 731 aeris
794 690 967 731 emicuit.
998 691 1064 731 hic
1085 692 1174 741 ipse
1193 690 1234 731 in
1254 691 1324 731 ob·

39 749 107 788 via
130 747 294 788 incurrit
315 749 466 787 exitum
485 758 686 797 quaerens
706 757 754 786 ac
774 747 925 787 divellit
942 746 1227 796 repugnantia,
1254 747 1325 786 do-

40 815 116 843 nec
143 814 215 853 per
242 809 413 853 angusta
433 809 502 843 aut
521 807 662 843 nactus
682 808 745 842 est
762 803 868 842 viam
887 803 1063 842 exeundi
1083 803 1134 842 ad
1155 804 1325 850 eoelum,

41 865 109 899 aut
127 860 166 898 w·
183 864 221 899 et
239 860 382 898 iniuria
405 860 535 898 secit.“
576 859 656 899 Alii
675 860 715 898 in
737 859 828 908 igne
849 869 1015 898 causam
1035 858 1199 908 quidem
1219 868 1323 906 esse,
1341 862 1363 895 2

42 916 116 954 sed
137 926 223 964 non,
238 915 289 955 ob
309 915 387 955 hoc
406 915 602 962 iudicant,
630 915 705 954 sed
726 915 819 964 quia
839 915 1022 963 pluribus
1039 915 1208 954 obrutus
1224 913 1324 954 locis

41 971 180 1011 ardeat
203 975 243 1010 et
271 971 454 1020 proxima
481 981 669 1020 quaeque
697 976 918 1010 consumat.
964 981 1069 1020 quae
1099 970 1134 1009 si
1161 970 1323 1020 quando

41 1037 166 1065 exesa
185 1026 420 1074 ceciderint,
446 1031 541 1066 tunc
561 1026 677 1075 sequi
692 1031 840 1066 motum
858 1036 994 1065 earum
1009 1026 1198 1076 partium,
1220 1035 1325 1075 quae

41 1082 233 1121 subiectis
253 1081 504 1122 adminiculis
525 1082 736 1121 destitutae
755 1081 909 1129 labant,
942 1082 1073 1122 donec
1089 1086 1326 1121 corruerunt

42 1138 150 1177 nullo
179 1142 434 1187 occurrente,
462 1138 573 1187 quod
601 1148 704 1177 onus
734 1137 958 1187 exciperet:
987 1143 1082 1177 tunc
1105 1138 1323 1184 chasmata,

41 1199 136 1232 tunc
153 1193 283 1233 hiatus
303 1193 408 1232 vasti
424 1193 666 1243 aperiuntur,
696 1197 782 1241 aut,
813 1203 902 1232 cum
932 1193 1001 1232 diu
1029 1192 1323 1239 dubitaverunt,

41 1259 167 1298 super
185 1259 236 1288 ea
254 1259 319 1298 se,
350 1259 455 1298 quae
474 1252 692 1298 supersunt
711 1253 917 1298 stantque,
949 1253 1195 1297 conponunt.
1237 1248 1324 1287 Hoc
1339 1255 1362 1291 3

41 1304 151 1353 apud
177 1315 253 1345 nos
281 1315 445 1354 quoque
471 1305 655 1344 videmus
686 1304 891 1351 accidere,
921 1303 1109 1353 quotiens
1138 1304 1324 1343 incendio

42 1360 196 1400 laborat
222 1371 318 1409 pars
348 1359 540 1400 civitatis:
571 1370 661 1400 cum
690 1365 859 1399 exustae
878 1359 1012 1398 trabes
1034 1365 1128 1399 sunt
1147 1364 1216 1398 aut
1238 1370 1323 1399 cor-

41 1420 179 1464 rupta,
210 1426 315 1464 quae
337 1415 615 1464 superioribus
637 1415 927 1454 firmamentum
948 1415 1113 1463 dabant,
1143 1419 1236 1454 tunc
1257 1415 1326 1454 diu

42 1471 188 1519 agitata
214 1471 371 1519 fastigia
393 1469 610 1510 concidunt
630 1475 669 1509 et
687 1475 768 1510 tam
787 1470 856 1509 diu
876 1470 1108 1509 deseruntur
1126 1475 1247 1520 atque
1266 1470 1324 1509 in-

43 1530 152 1565 certa
171 1531 283 1574 sunt,
310 1526 441 1565 donec
459 1526 499 1565 in
519 1526 651 1566 solido
671 1526 922 1565 resederunt.

123 1581 172 1620 X.
210 1581 482 1621 Anaximenes
508 1586 682 1629 „terram
708 1582 839 1630 ipsam
869 1581 923 1619 ait
951 1580 1027 1620 sibi
1049 1591 1143 1620 esse
1162 1592 1324 1621 causam
1341 1590 1360 1625 1

43 1640 175 1676 motus
194 1647 269 1676 nec
284 1637 536 1676 extrinsecus
556 1636 778 1686 incurrere,
800 1637 909 1686 quod
926 1637 1032 1675 illam
1047 1636 1231 1686 inpellat,
1252 1637 1326 1676 sed

41 1691 145 1731 intra
170 1692 299 1742 ipsam
326 1697 366 1731 et
391 1702 443 1731 ex
471 1693 574 1741 ipsa.
611 1692 807 1742 quasdam
829 1692 934 1731 enim
956 1697 1090 1741 partes
1110 1693 1197 1732 eius
1217 1693 1325 1732 deci-

42 1748 158 1795 dere,
190 1759 292 1797 quas
319 1752 389 1787 aut
414 1747 559 1788 humor
584 1749 797 1788 resolverit
823 1753 892 1787 aut
918 1747 1024 1797 ignis
1055 1747 1236 1787 exederit
1258 1753 1328 1789 aut

42 1803 207 1852 spiritus
227 1804 415 1842 violentia
435 1804 673 1844 excusserit.
708 1804 781 1843 sed
802 1803 864 1842 his
886 1814 1049 1853 quoque
1070 1803 1326 1843 cessantibus

41 1869 122 1898 non
138 1858 305 1907 deesse,
328 1864 495 1909 propter
510 1859 617 1908 quod
634 1859 786 1909 aliquid
802 1859 997 1898 abscedat
1011 1863 1079 1899 aut
1091 1859 1324 1899 revellatur:

42 1925 134 1953 nam
154 1914 323 1963 primum
351 1915 485 1954 omnia
509 1919 707 1954 vetustate
736 1915 922 1954 labuntur
941 1925 1016 1954 nec
1033 1915 1248 1964 quiequam
1267 1920 1324 1954 tu·
1341 1919 1364 1953 2

41 1975 123 2009 tum
145 1980 170 2008 a
189 1975 396 2010 senectute
414 1974 488 2010 est.
517 1969 619 2010 haec
637 1970 768 2010 solida
785 1980 949 2020 quoque
965 1975 1004 2009 et
1019 1970 1154 2020 magni
1167 1971 1326 2010 roboris

43 2025 190 2074 carpit:
215 2025 352 2075 itaque
365 2026 700 2075 quemadmodum
715 2025 756 2064 in
773 2025 969 2065 aedificiis
984 2026 1188 2065 veteribus
1203 2035 1325 2075 quae·

44 2080 135 2118 dam
160 2092 240 2120 non
269 2092 466 2130 percussa
492 2086 624 2120 tamen
653 2081 859 2130 decidunt,
893 2092 983 2120 cum
1012 2083 1102 2131 plus
1131 2082 1325 2131 ponderis

44 2132 220 2176 habuere
240 2147 360 2186 quam
379 2137 542 2186 virium,
571 2137 627 2176 ita
643 2137 682 2176 in
703 2136 781 2176 hoc
800 2137 992 2177 universo
1008 2143 1137 2177 terrae
1154 2148 1326 2186 corpore

44 2191 193 2240 evenit,
214 2198 257 2232 ut
274 2197 411 2243 partes
435 2193 522 2232 eius
541 2197 740 2232 vetustate
761 2193 980 2241 solvantur,
1007 2194 1162 2232 solutae
1179 2193 1325 2232 cadant

43 2249 85 2284 ct
102 2249 312 2287 tremorem
331 2248 609 2297 superioribus
631 2249 832 2297 adferant,
854 2249 1045 2297 primum,
1067 2249 1159 2288 dum
1181 2249 1321 2288 absce-

45 2299 154 2341 dunt.
200 2302 292 2345 nihil
328 2304 433 2344 enim
461 2304 598 2353 utique
624 2314 811 2353 magnum
846 2304 933 2343 sine
966 2309 1076 2344 motu
1110 2305 1218 2353 eius,
1256 2304 1322 2344 cui
