1592 2580
274 151 353 192 104
599 158 601 161 ’
646 154 687 192 L.
715 151 903 194 ANNAEI
929 155 1151 194 SENECAE

248 251 455 288 'n'cfi'cium
483 251 603 290 verbo
631 261 681 289 ne
709 253 933 300 corruperis
964 255 1151 293 'creditum
1173 256 1365 295 faciendo.
1414 268 1524 305 lirae-

235 307 255 341 7
274 311 379 344 terea
403 306 496 351 lex,
523 306 740 354 quod-non
772 307 888 346 iussit
911 309 1056 356 repeti,
1089 310 1249 348 vetuit.“
1301 312 1408 349 Vera
1436 318 1528 351 sunt

269 359 359 398 ista.
395 360 581 407 quamdiu
596 370 658 398 me
673 360 766 398 nihil
782 366 911 410 urget,
933 363 1117 411 quamdiu
1132 364 1287 402 fortuna
1301 365 1394 404 nihil
1412 366 1527 414 cogit,

269 418 402 461 petam
420 414 553 462 potius
571 414 808 455 beneficium
828 426 946 464 quam
963 422 1166 465 repetam.
1184 419 1258 456 sed
1279 420 1312 457 si
1332 420 1382 458 de
1402 422 1527 460 salute

268 468 480 508 liberorum
509 468 656 517 agitur,
683 470 717 507 si
737 470 775 508 in
796 471 1011 518 periculum
1030 479 1131 510 uxor
1150 473 1372 521 deducitur,
1402 474 1437 512 si
1459 482 1526 524 pa-

268 522 366 561 triae
398 524 507 562 salus
539 533 587 561 ac
619 523 779 563 libertas
809 524 923 565 mittit
946 536 1009 564 me
1035 527 1151 565 etiam
1179 538 1258 575 quo
1285 529 1358 566 ire
1369 529 1524 575 nollem,

268 576 470 625 imperabo
499 578 643 637 pudori
670 588 757 616 meo
787 583 827 621 61
850 579 1025 618 testabor
1051 581 1182 619 omnia
1201 591 1263 619 me
1282 583 1446 631 secisse,
1475 595 1526 622 ne

269 641 371 679 opus
398 637 506 671 esset
517 631 625 670 mihi
650 633 796 672 auxilio
817 630 983 674 hominis
1000 633 1154 683 ingrati.
1190 636 1405 675 novissime
1426 638 1524 676 reci—

266 685 402 734 piendi
421 681 604 725 beneficii
625 688 855 726 necessitas
858 690 1069 737 repetendi
1086 691 1366 729 verecundiam
1383 692 1525 733 vincet.

266 740 438 787 Deinde,
468 751 557 780 cum
583 741 689 780 bono
717 742 801 781 viro
820 742 1053 781 beneficium
1071 744 1144 792 do,
1175 745 1233 783 sic
1256 745 1307 784 do
1326 750 1524 836 tamquam

267 805 480 844 numquam
499 796 755 844 repetiturus,
781 797 856 835 nisi
875 808 1043 836 necesse
1062 798 1190 838 suerit.

232 854 249 886 1
302 866 303 869 =
345 849 444 887 XXI.
481 850 604 897 „Sed
616 851 700 899 lex,
711 849 871 899 inquit,
900 863 980 891 non
999 853 1258 901 permittendo
1279 855 1438 902 exigere
1457 865 1522 893 ve—

266 903 375 943 tu1t“
417 904 539 943 Multa
555 905 690 952 legem
718 916 796 944 non
821 905 967 944 habent
991 918 1066 945 nec
1091 908 1302 956 actionem,
1340 909 1390 947 ad
1422 920 1523 958 quae

265 959 510 998 consuetudo
531 959 633 997 vitae
648 959 840 998 humanae
855 961 941 1008 lege
958 963 1061 999 omni
1075 962 1266 1002 valentior
1282 964 1348 1002 dat
1363 964 1522 1002 aditum.

263 1011 376 1051 Nulla
402 1015 467 1051 lex
493 1013 602 1052 iubet
628 1014 841 1054 amicorum
868 1020 1022 1054 secreta
1046 1027 1124 1055 non
1148 1018 1292 1066 eloqui.
1319 1018 1439 1057 'nulla
1458 1020 1523 1056 lex

263 1067 371 1106 iubet
389 1067 507 1105 fidem
527 1068 642 1106 etiam
662 1069 817 1108 inimico
837 1072 1052 1117 praestare.
1081 1081 1185 1119 quae
1203 1073 1267 1109 lex
1287 1072 1336 1110 ad
1354 1073 1392 1110 id
1408 1083 1520 1121 prae-¹

263 1122 446 1160 standum
473 1132 567 1168 n08‚
603 1123 712 1171 quod
739 1124 855 1162 alicui
880 1124 1154 1173 promisimus,
1184 1127 1359 1174 adligat?
1395 1128 1520 1166 nulla:

264 1186 407 1224 querar
431 1179 559 1214 tamen
582 1187 668 1215 cum
692 1187 761 1225 6ο»,
791 1179 858 1226 qui
878 1189 1066 1218 arcanum
1085 1190 1306 1219 sermonem
1326 1192 1405 1220 non
1427 1193 1519 1220 con·

225 1239 246 1271 2
262 1230 418 1269 tinuerit
443 1235 482 1268 61
500 1231 625 1268 fidem
656 1232 785 1270 datam
806 1243 880 1270 nec
901 1239 1097 1272 servatam
1117 1235 1364 1282 indignabor
1412 1236 1521 1284 „Sed

261 1295 310 1323 ex
327 1283 539 1332 beneficio,
564 1285 707 1333 inquit,
728 1287 916 1325 creditum
931 1289 1041 1326 facis
1047 1291 1068 1310 “
1114 1289 1292 1328 Minime.
1323 1300 1401 1327 non
1418 1290 1520 1328 enim

260 1339 397 1387 exigo,
427 1339 500 1379 sed
527 1345 683 1397 repeto,
714 1345 751 1379 et
777 1351 827 1378 ne
852 1347 991 1389 repeto
1012 1343 1188 1391 quidem,
1218 1344 1290 1382 sed
1309 1344 1518 1382 admoneo

259 1404 349 1432 nam
367 1394 501 1432 ultima
520 1395 680 1442 quoque
700 1396 918 1434 necessitas
936 1407 1012 1435 non
1030 1398 1069 1434 in
1089 1397 1165 1436 hoc
1180 1403 1289 1446 aget,
1309 1403 1351 1436 ut
1365 1399 1416 1436 ad
1431 1409 1518 1437 eum

256 1446 433 1495 veniam,
470 1448 559 1486 cum
588 1459 666 1496 quo
687 1449 767 1487 diu·
790 1449 884 1487 mihi
908 1451 1133 1490 luctandum
1161 1452 1223 1491 sit.
1270 1453 1315 1491 Sz·
1333 1454 1420 1500 quis
1441 1458 1518 1491 tam

257 1503 432 1551 ingratus
461 1508 538 1550 est,
568 1503 682 1541 utini
701 1515 779 1542 non
802 1504 853 1543 sit
871 1506 967 1543 satis
986 1506 1204 1554 admoneri,
1235 1517 1322 1545 eum
1342 1508 1518 1546 transibo

221 1561 243 1596 3
256 1567 328 1595 nec
349 1557 509 1604 dignum
529 1557 732 1605 iudicabo,
754 1559 820 1606 qui
836 1564 969 1607 gratus
985 1563 1077 1599 esse
1093 1567 1267 1609 cogatur.
1311 1562 1516 1609 Quomodo

256 1613 454 1650 fenerator
474 1611 668 1660 quosdam
689 1613 888 1652 debitores
917 1625 995 1653 non
1017 1616 1208 1663 adpellat,
1234 1627 1335 1664 quos
1357 1617 1430 1655 scit
1448 1617 1516 1655 de-

255 1665 421 1705 coxisse
445 1672 483 1705 61
506 1667 546 1704 111
577 1668 742 1714 quorum
770 1668 966 1715 pudorem
989 1668 1084 1707 nihil
1113 1675 1295 1718 superest
1314 1671 1388 1708 nisi
1408 1671 1515 1719 quod

253 1725 407 1768 pereat,
441 1719 503 1759 sic
525 1731 600 1767 ego
630 1722 825 1770 quosdam
851 1723 1025 1771 ingratos
1053 1725 1182 1772 palam
1203 1736 1248 1763 ac
1263 1725 1516 1773 pertinaciter

253 1775 477 1823 praeteribo
505 1785 578 1812 nec
605 1771 654 1813 ab
682 1777 762 1814 ullo
791 1777 1024 1816 beneficium
1049 1785 1247 1828 repetam,
1282 1780 1358 1817 nisi
1385 1790 1408 1818 a
1434 1790 1512 1828 quo

252 1839 330 1868 non
351 1829 550 1869 ablaturus
571 1840 660 1877 ero,
691 1830 764 1868 sed
782 1837 1028 1893 recepturus.

218 1888 236 1920 1
330 1884 448 1922 XXII
485 1883 594 1922 Multi
615 1889 724 1932 sunt,
754 1886 819 1933 qui
841 1896 914 1924 nec
935 1896 1081 1934 negare
1101 1887 1250 1935 sciant,
1272 1887 1380 1935 quod
1400 1897 1510 1926 acce-

251 1942 412 1986 perunt,
443 1948 519 1976 nec
545 1939 706 1976 referre.¹
749 1940 815 1988 qui
841 1951 915 1979 nec
940 1946 1017 1980 tam
1045 1942 1146 1981 boni1
1166 1944 1257 1980 s'unt
1277 1953 1392 1989 quam
1413 1943 1509 1989 grati

250 2002 325 2030 nec
342 1997 419 2031 tam
439 1993 529 2030 mali
550 2004 667 2041 quam
686 1993 846 2041 ingrati,
867 2005 1012 2043 segnes
1028 2001 1066 2034 et
1085 1996 1200 2043 tardi,
1222 1997 1325 2034 lenta
1339 1998 1508 2042 nomina,

249 2057 329 2085 non
345 2048 458 2085 mala.
486 2047 560 2086 hos
577 2057 652 2095 ego
669 2055 747 2086 non
764 2049 991 2098 adpellabo,
1018 2051 1090 2089 sed
1110 2051 1455 2088 commonefaciam
1472 2055 1510 2089 61

251 2101 301 2138 ad
322 2101 496 2139 officium
525 2101 631 2140 aliud
659 2108 831 2150 agentes.
848 2105 1049 2142 reducam.
1093 2105 1159 2152 qui
1189 2105 1316 2142 statim
1337 2105 1428 2143 mihi
1451 2105 1508 2144 sic

248 2155 566 2202 respondebunt:
596 2157 807 2205 ,‚Ignosce,
833 2168 911 2196 non
929 2159 1150 2197 mehercule
1171 2159 1267 2197 scivi
1288 2159 1364 2198 hoc
1384 2165 1421 2198 te
1439 2160 1507 2198 de-

250 2209 446 2256 siderare,
476 2210 650 2259 alioquin
676 2213 778 2251 ultro
805 2212 1046 2251 obtulissem.
1081 2223 1200 2260 rogo,
1227 2223 1277 2250 ne
1297 2224 1358 2251 me
1378 2214 1507 2261 ingra-

249 2268 328 2300 tum
352 2264 553 2304 existimes
567 2279 587 2300 =v
602 2265 758 2304 memini
779 2267 873 2315 quid
893 2267 984 2304 mihi
1002 2267 1282 2315 praestiteris.“
1326 2269 1410 2307 Hos
1430 2278 1504 2317 ego
