1624 2626
313 179 394 220 202
572 178 614 216 L.
639 176 827 215 ANNAEI
854 175 1077 215 SENECAE
1105 174 1236 214 DIAL.
1251 174 1298 214 X.

276 287 299 320 2
315 281 468 319 constet
493 277 543 316 ab
570 277 636 315 illo
655 279 781 325 rapta.
832 275 916 323 Quo
935 285 1015 314 non
1035 280 1256 324 erumperet
1271 280 1351 315 tam
1369 275 1561 315 inmatura

315 332 501 373 ambitio?
527 331 651 370 scires
669 331 708 370 in
728 331 870 368 malum
889 330 1026 378 ingens
1046 335 1086 369 et
1103 332 1296 378 privatum
1309 334 1349 369 et
1363 330 1561 379 publicum

314 397 520 427 evasuram
542 395 806 435 praecoquem
827 384 1043 423 audaciam.
1072 385 1314 433 semitaque
1330 385 1564 434 querebatur

314 443 442 481 nullas
471 441 546 479 sibi
571 441 689 478 serias
717 439 931 487 contigisse
959 450 982 476 a
1009 449 1132 487 puero
1165 439 1379 478 seditiosus
1406 443 1445 478 et
1475 440 1563 478 foro

314 498 460 546 gravis.
505 495 753 543 Disputatur,
783 505 833 532 an
853 494 940 541 ipse
961 492 1035 531 sibi
1054 504 1191 532 manus
1211 493 1405 532 adtulerit.
1433 493 1562 533 subito

315 552 419 590 enim
445 551 608 589 volnere
635 559 706 598 per
731 549 874 596 inguen
902 552 1066 596 accepto
1093 549 1307 597 conlapsus
1325 553 1404 596 est,
1431 547 1564 597 aliquo

317 606 536 652 dubitante,
564 615 614 642 an
632 614 739 642 mors
759 604 844 642 eius
864 602 1082 642 voluntaria
1095 607 1222 650 esset,
1251 603 1378 649 nullo,
1405 613 1455 640 an
1470 607 1563 641 tem·

278 663 302 697 3
318 659 482 709 pestiva.
539 659 837 707 Supervacuum
873 661 933 695 est
965 667 1270 696 commemorare
1303 658 1438 706 plures
1452 687 1462 704 ‚
1498 657 1566 705 qui

317 725 404 754 cum
425 714 509 753 aliis
530 713 745 752 felicissimi
757 712 1003 759 viderentur,
1022 712 1097 759 ipsi
1116 710 1154 749 in
1172 722 1217 750 se
1234 722 1371 751 verum
1391 712 1566 750 testimo·

317 769 423 808 nium
450 768 652 815 dixerunt,
680 767 813 815 perosi
842 776 998 805 omnem
1024 771 1151 804 actum
1179 776 1368 804 annorum
1391 776 1566 805 suorum.

318 824 388 862 sed
408 823 469 860 his
490 822 660 871 querelis
681 831 755 860 nec
773 822 873 861 alios
892 824 1139 859 mutaverunt
1156 830 1230 859 nec
1253 831 1298 859 se
1316 821 1442 868 ipsos.
1478 830 1569 858 nam

319 888 405 916 cum
433 877 554 915 verba
582 881 815 925 eruperunt,
853 876 1030 914 adfectus
1055 875 1105 914 ad
1125 875 1447 914 consuetudinem
1468 876 1567 916 rela-

280 942 304 976 4
319 934 473 971 buntur.
518 932 663 969 Vestra
679 931 923 969 mehercules
942 929 1042 977 vita,
1068 929 1160 968 licet
1178 940 1301 978 supra
1318 930 1422 968 mille
1441 940 1568 968 annos

320 991 453 1032 exeat,
487 986 525 1024 in
553 985 791 1024 artissimum
819 985 1080 1023 contrahetur.
1121 985 1196 1023 ista
1213 985 1307 1023 vitia
1324 984 1472 1023 nullum
1489 994 1569 1022 non

321 1041 495 1080 seculum
516 1040 791 1078 ,devorabuntt
820 1039 897 1077 hoc
925 1049 1018 1077 vero
1040 1038 1210 1087 spatium
1232 1039 1358 1087 quod,
1389 1038 1570 1088 quamvis

321 1100 461 1133 natura
479 1094 615 1141 currit,
642 1094 741 1139 ratio
761 1093 914 1141 dilatat,
942 1094 1017 1132 cito
1036 1104 1110 1132 vos
1132 1093 1294 1141 effugiat
1310 1103 1478 1132 necesse
1497 1097 1570 1131 est.

322 1161 399 1188 non
446 1149 548 1186 enim
591 1147 886 1196 adprehenditis
931 1158 1005 1186 nec
1048 1147 1253 1196 [retinetis]
1296 1147 1571 1186 velocissimae

321 1203 493 1243 omnium
514 1202 571 1240 rei
591 1212 740 1241 moram
756 1201 900 1250 facitis,
923 1202 995 1240 sed
1009 1202 1117 1240 abire
1130 1207 1268 1242 utrem
1284 1211 1570 1251 supervacuam

321 1269 368 1297 ac
386 1257 644 1306 reparabilem
665 1257 802 1295 sinitis.

286 1323 306 1356 1
400 1313 485 1351 VII.
527 1312 577 1349 In
613 1311 786 1360 primis
820 1314 979 1349 autem
1006 1316 1052 1349 et
1085 1310 1205 1349 illos
1231 1320 1456 1358 numero,
1486 1310 1571 1359 qui

323 1368 446 1407 nulli
473 1367 544 1404 rei
572 1366 669 1404 nisi
696 1365 809 1404 vino
838 1365 1115 1403 aclibidini
1134 1369 1325 1403 vacant.
1354 1365 1449 1404 nulli
1469 1365 1572 1403 enim

321 1422 475 1470 turpius
495 1420 676 1468 occupati
691 1425 794 1458 sunt.
825 1419 943 1458 ceteri
959 1418 1110 1458 etiamsi
1123 1430 1228 1457 vana
1242 1420 1389 1467 gloriae
1404 1420 1573 1467 imagine

322 1480 546 1523 teneantur,
568 1474 753 1523 speciose
772 1478 900 1512 tamen
921 1478 1061 1512 errant.
1091 1473 1182 1512 licet
1196 1484 1338 1512 avaros
1353 1474 1463 1520 mihi,
1483 1475 1574 1512 licet

323 1531 535 1570 iracundos
556 1539 763 1568 enumeres
778 1530 839 1567 vel
860 1529 952 1567 odia
969 1533 1200 1567 exercentes
1215 1528 1360 1567 iniusta
1371 1530 1436 1566 vel
1449 1529 1574 1566 bellaz

325 1596 463 1624 omnes
483 1585 547 1623 isti
565 1583 714 1622 virilius
729 1588 913 1632 peccant:
941 1583 981 1621 in
994 1584 1190 1622 Venerem
1205 1593 1252 1621 ac
1267 1582 1466 1621 libidinem
1479 1592 1573 1631 pro-

290 1641 515 1679 2iectorum
545 1638 754 1678 inhonesta
783 1638 895 1676 tabes
929 1642 1001 1676 est.
1045 1637 1182 1676 Omnia
1207 1637 1372 1676 istorum
1396 1642 1575 1685 tempora

327 1699 480 1734 excute.
519 1693 682 1742 adspice
709 1693 896 1742 quamdiu
924 1697 1154 1740 computent,
1183 1691 1369 1740 quamdiu
1387 1691 1573 1730 insidien-

326 1755 407 1797 tur,
428 1749 615 1798 quamdiu
628 1748 798 1795 timeant,
821 1747 1007 1796 quamdiu
1022 1748 1163 1794 colant,
1184 1746 1370 1795 quamdiu
1385 1747 1575 1793 colantur,

327 1809 515 1852 quantum
533 1803 757 1841 vadimonia
778 1813 850 1840 sua
870 1806 987 1849 atque
1005 1802 1132 1840 aliena
1151 1804 1362 1850 occupent,
1388 1805 1576 1849 quantum

328 1857 530 1904 convivia,
559 1867 662 1906 quae
686 1858 763 1895 iam
786 1857 874 1905 ipsa
893 1856 1025 1896 officia
1043 1861 1151 1895 sunta
1184 1855 1357 1903 videbis,
1387 1854 1575 1904 quemad-

327 1913 488 1951 modum
514 1913 602 1951 illos
621 1911 821 1960 respirare
838 1921 918 1949 non
938 1911 1068 1950 sinant
1083 1911 1147 1950 vel
1164 1911 1266 1948 mala
1284 1919 1358 1947 sua
1375 1911 1438 1947 vel
1456 1910 1576 1948 bona.

292 1972 314 2007 3
328 1967 507 2016 Denique
531 1967 630 2006 inter
655 1976 792 2004 omnes
819 1966 1002 2004 convenit
1018 1966 1161 2004 nullam
1180 1974 1262 2002 rem
1279 1963 1381 2002 bene
1400 1962 1577 2002 exerceri

330 2032 453 2069 posse
468 2022 517 2060 ab
530 2021 688 2060 homine
701 2025 906 2068 occupato,
922 2032 1001 2059 non
1016 2018 1288 2068 eloquentiam,
1302 2029 1380 2056 non
1393 2017 1577 2056 liberales

330 2075 580 2124 disciplinas,
611 2076 771 2124 quando
792 2076 990 2115 districtus
1009 2075 1161 2113 animus
1179 2072 1272 2111 nihil
1291 2073 1406 2111 altius
1425 2070 1577 2120 recipit,

331 2129 405 2168 sed
431 2131 562 2169 omnia
587 2132 693 2169 velut
718 2131 912 2169 inculcata
932 2130 1094 2178 respuit.
1138 2127 1271 2166 Nihil
1305 2127 1465 2165 minus
1501 2129 1579 2164 est

330 2184 545 2224 hominis
582 2186 818 2234 occupati
861 2196 1000 2234 quam
1038 2182 1219 2221 vivere.
1269 2181 1458 2219 nullius
1502 2178 1578 2219 rei

332 2238 608 2278 difficilior
635 2241 852 2279 scientia
872 2244 959 2278 est.
995 2239 1246 2287 professores
1262 2236 1424 2274 aliarum
1440 2235 1579 2273 artium

330 2293 449 2342 volgo
476 2294 665 2343 multique
690 2299 793 2335 sunt.
841 2294 1030 2344 quasdam
1049 2302 1144 2330 vero
1164 2301 1215 2330 ex
1232 2289 1294 2329 his
1313 2290 1425 2340 pueri
1444 2290 1578 2329 admo·
