1592 2580
310 145 393 187 264
670 149 712 187 L.
737 150 924 191 ANNAEI
951 151 1174 193 SENECAE

277 252 295 284 l
391 248 474 285 XV.
517 249 649 287 Nunc
685 249 800 287 mihi
837 251 1066 297 permitte
1096 260 1301 294 narrare
1330 256 1559 296 fabulam.

310 301 615 349 Asclepiodotus
637 308 774 342 auctor
793 308 854 342 est
873 305 1068 345 demissos
1088 318 1204 355 quam
1226 310 1415 357 plurimos
1437 322 1460 349 a
1474 311 1561 350 Phi-

308 355 417 403 lippo
446 356 483 393 in
513 357 706 395 metallum
728 358 948 406 antiquum,
980 360 1070 398 olim
1090 362 1334 411 destitutum,
1363 369 1405 403 ut
1424 367 1560 413 explo-

309 414 430 455 raret,
462 420 564 458 quae
591 411 748 450 ubertas
778 411 863 451 eius
890 419 1018 461 esset,
1049 415 1137 463 quis
1164 421 1309 464 status,
1336 429 1384 456 an
1412 419 1562 467 aliquid

311 464 446 502 futuris
474 465 702 513 reliquisset
727 471 841 504 vetus
870 467 1031 506 avarita.
1071 469 1328 510 descendisse
1356 472 1444 511 illos
1473 484 1562 512 cum

310 519 426 556 multo
455 519 597 558 lumine
625 526 662 558 et
689 522 830 559 multos
859 522 1044 561 duraturo
1065 524 1163 561 dies.
1200 525 1342 564 deinde
1363 528 1480 574 longa
1501 528 1562 567 via

310 573 490 620 fatigatos
517 574 666 612 vidisse
698 574 859 614 flumina
887 576 1058 623 ingentia
1081 582 1118 616 et
1139 585 1353 627 conceptus
1373 592 1562 629 aquarum

310 627 489 666 inertium
515 633 670 676 vastos,
700 638 816 677 pares
846 630 992 669 nostris
1025 641 1098 670 nec
1131 642 1373 681 conpressos
1404 636 1560 683 quidem

309 686 411 720 terra
427 683 765 730 supereminente,
795 685 867 722 sed
885 685 1030 723 liberae
1049 686 1240 734 laxitatis,
1269 699 1346 727 non
1367 690 1451 728 sine
1471 690 1560 728 hor-

272 739 293 772 2
309 746 397 774 rore
415 737 539 774 visos.
583 737 676 775 Cum
691 748 832 786 magna
847 738 922 776 hoc
937 739 1013 787 legi
1030 741 1241 788 voluptate.
1271 742 1443 781 intellexi
1459 745 1562 782 enim

271 828 273 831 .
310 791 688 832 seculumnostrum
708 802 787 830 non
811 793 925 831 novis
946 794 1068 840 vitiis,
1099 795 1169 832 sed
1191 796 1267 834 iam
1286 797 1376 835 inde
1394 797 1559 846 antiqui—

309 849 369 883 tus
398 846 547 884 traditis
576 846 757 885 laborare
781 857 853 885 nec
873 853 1007 887 nostra
1027 853 1154 887 aetate
1175 850 1340 897 primum
1360 853 1561 890 avaritiam
1589 893 1592 898 ,

310 909 429 938 venas
449 905 636 940 terrarum
651 901 907 949 lapidumque
920 903 1096 941 rimatam
1111 903 1150 941 in
1169 905 1340 943 tenebris
1356 906 1561 944 maleabs—

309 958 416 991 trusa
446 956 664 1002 quaesisse.
718 956 776 993 1111
804 956 974 995 maiores
1009 959 1151 1003 nostri,
1179 970 1287 1006 quos
1316 960 1558 999 celebramus

307 1007 507 1056 laudibus,
540 1010 682 1057 quibus
703 1009 913 1048 dissimiles
934 1021 1026 1050 esse
1045 1023 1119 1050 nos
1136 1012 1344 1061 querimur,
1365 1024 1438 1062 spe
1455 1014 1560 1053 ducti

307 1067 459 1100 montes
489 1064 714 1102 ceciderunt
740 1070 778 1103 et
804 1075 927 1112 supra
952 1066 1103 1104 lucrum
1130 1067 1203 1105 sub
1229 1067 1340 1106 ruina
1360 1073 1559 1107 steterunt.

272 1115 293 1149 3
309 1117 408 1154 Ante
434 1117 655 1165 Philippum
681 1118 936 1157 Macedonem
966 1130 1082 1166 reges
1109 1121 1237 1168 suere,
1267 1122 1333 1170 qui
1353 1123 1559 1170 pecuniam

306 1171 344 1207 in
371 1171 568 1209 altissimis
597 1182 725 1219 usque
751 1172 909 1210 latebris
938 1179 1197 1220 sequerentur
1224 1179 1262 1213 et
1285 1181 1393 1214 recto
1422 1177 1560 1224 spiritu

306 1224 509 1272 liberoque
534 1225 572 1263 in
598 1226 687 1264 illos
715 1236 759 1264 se
780 1227 1015 1264 dimitterent
1034 1238 1201 1275 specuS,
1230 1229 1268 1266 in
1290 1240 1389 1277 quos
1409 1231 1558 1269 nullum

306 1280 476 1317 noctium
496 1279 725 1328 dierumque
744 1281 965 1328 perveniret
985 1280 1208 1320 discrimen.
1251 1285 1287 1321 A
1305 1289 1411 1331 tergo
1432 1285 1558 1323 lucem

305 1333 526 1381 relinquere
547 1344 648 1381 quae
668 1336 767 1373 tanti
783 1345 877 1382 spes
894 1335 989 1373 fuit?
1018 1346 1118 1383 quae
1134 1340 1238 1374 tanta
1255 1338 1471 1376 necessitas
1488 1338 1556 1376 ho-

306 1388 447 1425 minem
475 1387 525 1424 ad
553 1388 684 1426 sidera
703 1394 875 1427 erectum
893 1388 1113 1428 incurvavit
1132 1395 1170 1428 et
1190 1391 1340 1429 defodit
1359 1397 1396 1430 et
1414 1393 1451 1430 in
1473 1393 1556 1431 sun-

307 1442 397 1480 dum
415 1441 562 1480 telluris
583 1442 740 1480 intimae
759 1444 911 1490 mersit,
940 1449 982 1482 ut
998 1450 1151 1483 erueret
1165 1455 1300 1483 aurum
1316 1456 1393 1483 non
1410 1446 1557 1485 minore

269 1496 478 1543 4periculo
508 1497 776 1544 quaerendum
797 1508 912 1546 quam
941 1499 1255 1545 possidendum?
1298 1499 1461 1547 Propter
1480 1501 1556 1540 1100

307 1551 508 1589 cuniculos
537 1552 615 1598 egit
641 1557 679 1590 et
705 1551 810 1589 circa
839 1552 1028 1600 praedam
1059 1553 1283 1592 lutulentam
1317 1553 1557 1602 inertemque

305 1605 473 1653 reptavit
501 1605 643 1644 oblitus
672 1606 839 1653 dierum,
870 1606 1012 1646 oblitus
1032 1612 1193 1646 naturae
1212 1607 1404 1655 melioris,
1434 1619 1458 1646 a
1477 1620 1557 1657 qua

306 1669 350 1697 se
380 1659 526 1698 avertit.
572 1660 647 1698 Ulli
675 1670 767 1708 ergo
794 1666 946 1699 mortuo
973 1666 1077 1700 terra
1102 1667 1181 1700 tam
1207 1662 1338 1709 gravis
1359 1668 1420 1701 est
1440 1674 1556 1711 quam

305 1712 412 1761 istis,
438 1724 559 1762 supra
580 1725 681 1762 quos
701 1715 862 1754 avaritia
880 1716 1019 1763 ingens
1038 1721 1228 1762 terrarum
1242 1717 1399 1764 pondus
1414 1717 1555 1766 iniecit,

307 1768 448 1815 quibus
477 1768 635 1807 abstulit
660 1770 832 1816 coelum,
856 1781 972 1818 ,quos
999 1771 1036 1808 in
1065 1770 1163 1818 imo,
1199 1771 1265 1808 ubi
1293 1771 1388 1808 illud
1413 1773 1555 1810 malum

305 1822 411 1860 virus
434 1823 572 1870 latitat,
607 1823 771 1862 infodit?
807 1824 872 1863 1110
894 1824 1136 1862 descendere
1156 1825 1240 1863 ausi
1263 1830 1371 1872 sunt,
1398 1826 1464 1863 ubi
1485 1836 1554 1864 no-

279 1901 281 1903 -
305 1886 394 1914 vam
408 1887 537 1921 rerum
553 1878 806 1925 positionem,
827 1884 1014 1916 terrarum
1030 1879 1281 1926 pendentium
1295 1879 1449 1917 habitus
1460 1890 1554 1917 ven-

305 1935 448 1978 tosque
469 1941 546 1978 ,per
575 1942 734 1970 caccum
761 1932 877 1970 inane
901 1934 1174 1980 experirentur
1193 1939 1230 1972 et
1251 1944 1438 1981 aquarum
1459 1934 1554 1971 nulii

306 1983 507 2023 fluentium
526 1985 708 2025 horridos
725 1987 853 2024 fontes
870 1992 908 2025 et
923 1988 1037 2026 altam
1053 1993 1362 2036 perpetuamque
1378 1993 1551 2026 noctem:

307 2039 448 2080 deinde
466 2049 552 2077 cum
576 2041 651 2078 ista
670 2041 865 2087 fecerunt,
895 2041 1043 2079 inferos
1065 2046 1249 2081 metuunt.

270 2100 286 2132 1
382 2093 484 2132 XVI.
519 2093 601 2132 Sed
626 2099 668 2133 ut
695 2095 744 2137 ad
766 2095 823 2141 id,
852 2096 902 2133 de
922 2106 1000 2143 quo
1021 2096 1166 2144 agitur,
1197 2100 1390 2142 revertar,
1417 2095 1552 2134 venti

307 2152 521 2195 quatuor
549 2153 684 2195 sunt,
712 2148 751 2187 in
776 2154 922 2196 ortum,
943 2160 1147 2198 occasum,
1170 2149 1369 2188 meridiem
1385 2155 1551 2198 septem-

306 2202 550 2250 trionemque
578 2203 706 2240 divisi.
754 2203 950 2250 Ceteri,
993 2215 1115 2252 quos
1149 2203 1304 2243 variis
1340 2202 1552 2242 nomini-

309 2255 396 2294 bus
425 2257 758 2306 adpellamus,
786 2257 862 2296 his
891 2258 1220 2308 adplicantur.
