1592 2580
96 141 281 181 NATUR.
298 138 511 190 QUAEST.
530 139 703 179 LIB.III.
722 143 780 181 30.
794 161 851 168 -
863 139 1036 179 LIB.1V.
1056 138 1235 179 PRAEF.
1266 138 1350 180 239

68 243 229 282 efficere
254 241 485 291 imperium,
519 240 630 290 quod
655 244 719 280 est
743 239 987 289 procuratio.
1034 239 1249 280 Facturum
1269 240 1348 281 hoc

66 305 106 338 te
132 310 212 338 non
240 298 392 337 dubito.
440 297 546 345 scio,
576 307 695 345 quam
723 296 781 336 sis
801 295 1005 335 ambitioni
1024 296 1199 345 alienus,
1228 308 1348 347 quarn

66 354 269 393 familiaris
297 354 378 392 otio
407 358 446 392 et
471 352 607 391 literis.
644 352 800 391 turbam
819 351 1024 391 hominum
1043 362 1258 402 rerumque
1277 353 1346 392 de-

65 410 262 456 siderent,
299 409 367 458 qui
396 419 442 447 se
469 409 552 457 pati
578 409 783 448 nesciunt:
820 407 890 446 tibi
917 413 1048 447 tecum
1078 408 1227 457 optime
1251 419 1347 448 con-

63 466 185 505 venit.
230 465 312 504 Nec
341 469 405 503 est
433 465 575 503 mirum
606 463 747 513 paucis
780 464 888 502 istud
917 464 1149 513 contingere
1177 467 1247 512 [in]
1276 464 1384 505 ini-2

61 522 195 571 perio,
225 521 259 560 si
280 520 397 559 nobis
413 521 492 569 ipsi
509 520 667 559 molesti
684 530 843 567 sumus,
866 519 902 558 si
916 520 1036 559 modo
1055 530 1191 560 amore
1206 522 1346 569 nostri,

61 578 182 617 modo
202 576 334 616 taedio
354 576 584 615 laboramus
595 606 605 624 ,
625 575 824 614 infelicem
844 575 1018 615 animum
1032 587 1139 615 nunc
1155 576 1348 626 superbia

60 633 269 681 inflamus,
306 642 414 671 nunc
441 631 659 681 cupiditate
687 631 972 680 distendimus,
1012 632 1110 671 alias
1142 633 1347 682 voluptate

60 690 284 735 lassamus,
315 688 415 727 alias
445 688 711 727 sollicitudine
735 688 953 727 exurimus.
994 688 1105 737 quod
1126 692 1189 727 est
1205 689 1347 728 miser-

58 745 221 793 rimum,
248 754 467 793 numquam
485 743 631 792 singuli
651 754 813 782 sumus:
842 754 1013 783 necesse
1033 749 1096 784 est
1121 743 1255 794 itaque
1274 745 1343 784 ad—

61 800 180 839 sidua
206 800 258 839 sit
284 801 324 839 in
350 805 459 839 tanto
486 799 673 839 vitiorum
702 799 964 839 contubernio
989 801 1089 839 rixa.
1134 800 1216 839 Fac
1235 811 1382 850 ergo,3

0 854 1 859 ’
59 856 113 894 mi
140 856 284 904 Lucili,
315 856 425 904 quod
454 855 588 894 facere
616 855 842 895 consuesti:
881 866 905 894 a
925 856 1042 895 turba
1066 861 1124 904 te,
1152 862 1346 906 quantum

60 916 198 960 potes,
230 922 396 961 separa,
427 922 479 950 ne
497 911 771 951 adulatoribus
791 913 894 951 latus
916 912 1134 960 praebeas:
1170 913 1345 952 artifices

60 973 154 1007 sunt
172 968 224 1007 ad
244 966 469 1016 captandos
491 966 738 1016 superiores.
767 978 841 1016 par
859 966 957 1016 illis,
980 967 1138 1006 etiamsi
1156 968 1259 1007 bene
1279 980 1344 1008 ca—

59 1024 186 1071 veris,
218 1034 299 1063 non
319 1023 413 1062 eris.
443 1023 564 1062 crede
578 1021 692 1071 mihi,
723 1024 916 1073 capieris,
938 1023 1155 1072 proditioni
1173 1024 1238 1072 [si]
1255 1025 1346 1074 ipse

58 1085 98 1118 te
123 1079 273 1119 trades.
325 1079 484 1118 Habent
510 1078 588 1118 hoc
614 1079 654 1116 in
683 1089 729 1117 se
758 1080 938 1118 naturale
959 1079 1196 1119 blanditiaex
1225 1081 1382 1120 etiam4

60 1146 148 1175 cum
168 1134 386 1174 reiciuntur
407 1136 583 1183 placent,
613 1145 739 1183 saepe
761 1135 952 1174 exclusae
967 1135 1186 1174 novissime
1203 1137 1343 1176 admit·

56 1196 203 1230 tuntur.
244 1191 323 1230 hoc
351 1191 456 1229 enim
483 1191 614 1239 ipsum
644 1191 846 1239 inputant,
876 1191 988 1239 quod
1014 1191 1273 1240 repelluntur,
1306 1199 1345 1232 et

58 1247 189 1296 subigi
216 1257 268 1285 ne
301 1247 542 1286 contumelia
576 1246 738 1295 quidem
770 1251 956 1296 possunt.
1009 1247 1248 1286 Incredibile
1283 1254 1345 1287 est

58 1303 168 1352 quod
187 1303 364 1342 dicturus
393 1313 502 1349 sum,
533 1302 608 1341 sed
626 1307 758 1341 tamen
780 1313 936 1341 verum:
969 1313 1018 1341 ea
1037 1303 1210 1343 maxime
1231 1304 1342 1352 quis-

58 1369 138 1408 que
165 1363 290 1407 patet,
323 1369 404 1407 qua
429 1358 587 1407 petitur.
628 1358 802 1397 fortasse
829 1359 933 1396 enim
961 1358 1073 1405 ideo,
1106 1358 1201 1408 quia
1220 1364 1340 1408 patet,

58 1414 214 1463 petitur.
264 1413 332 1453 Sic
351 1425 448 1463 ergo
472 1414 666 1462 formare,
695 1419 739 1453 ut
761 1414 868 1452 scias
889 1424 969 1452 non
990 1424 1117 1462 posse
1135 1419 1175 1453 te
1198 1426 1340 1454 conse·
1358 1422 1379 1455 5

58 1470 149 1519 qui,
177 1474 220 1508 ut
238 1470 294 1508 sIs
314 1469 628 1518 inpenetrabilis.
664 1480 753 1508 cum
775 1469 910 1508 omnia
929 1470 1107 1519 caveris,
1136 1481 1209 1519 per
1225 1482 1342 1510 orna—

56 1530 188 1564 menta
215 1525 339 1566 feriet.
380 1526 496 1564 Alius
517 1525 747 1564 adulatione
770 1526 871 1564 clam
890 1530 1034 1573 utetur,
1065 1536 1205 1575 parce,
1238 1527 1341 1567 alius

56 1591 107 1619 ex
127 1585 286 1630 aperto,
318 1581 468 1630 palam,
496 1580 716 1620 rusticitate
735 1581 938 1628 simulata,
969 1581 1086 1630 quasi
1107 1584 1341 1632 simplicitas

55 1637 121 1675 illa
140 1647 206 1676 ars
225 1647 306 1676 non
327 1637 390 1676 sit.
434 1637 626 1684 Plancus,
647 1637 792 1676 artifex
811 1641 902 1675 ante
919 1637 1107 1677 Villeium
1128 1640 1339 1687 maximus,

55 1691 187 1731 aiebat
206 1703 286 1732 non
307 1703 401 1732 esse
422 1693 577 1732 occulte
598 1702 672 1730 nec
694 1703 746 1731 ex
766 1692 1017 1733 dissimulato
1040 1694 1338 1734 blandiendum.

53 1750 178 1795 Perit,
206 1749 355 1798 inquit,
378 1750 561 1798 procuri,
589 1750 626 1787 si
640 1751 743 1788 latet.
791 1748 1006 1788 Plurimum
1027 1750 1223 1799 adulator,
1248 1762 1337 1790 cum
1352 1754 1374 1789 6

55 1804 336 1853 deprehensus
356 1808 436 1850 est,
463 1804 638 1853 proficit:
670 1806 760 1862 plus
780 1805 1026 1853 etiamnunc,
1054 1806 1089 1844 si
1104 1806 1338 1855 obiurgatus

54 1865 134 1908 est,
157 1860 191 1899 si
207 1859 377 1899 erubuit.
423 1860 595 1899 Futuros
611 1861 756 1899 multos
772 1859 943 1899 Plancos
960 1861 1090 1910 cogita
1105 1861 1144 1900 in
1162 1872 1339 1911 persona

52 1921 121 1954 tua
148 1921 187 1955 et
213 1916 291 1955 hoc
318 1927 397 1955 non
426 1926 519 1955 esse
546 1916 765 1955 remedium
791 1916 887 1954 tanti
907 1917 1019 1962 mali,
1045 1917 1150 1956 nolle
1169 1919 1336 1958 laudari.

56 1971 220 2020 Crispus
239 1972 478 2020 Passienus,
509 1982 589 2020 quo
610 1982 685 2020 ego
706 1972 759 2010 nil
778 1973 872 2011 novi
894 1971 1078 2011 subtilius
1094 1973 1134 2012 in
1150 1975 1335 2014 omnibus

53 2027 194 2076 rebus,
225 2029 396 2067 maxime
416 2028 454 2066 in
476 2027 768 2076 distinguendis
790 2032 829 2066 et
849 2028 1036 2067 curandis
1056 2028 1181 2078 vitiis,
1212 2041 1336 2080 saepe

55 2082 213 2122 dicebat
232 2084 529 2123 adulationibus
548 2094 624 2123 nos
644 2094 725 2123 non
746 2083 934 2123 claudere
950 2085 1116 2133 ostium,
1147 2086 1220 2124 sed
1238 2097 1334 2135 ape-

54 2138 152 2187 rire,
181 2144 220 2178 et
235 2140 395 2189 quidem
413 2139 490 2186 sic,
513 2145 556 2179 ut
570 2139 722 2178 amicae
737 2139 889 2189 opponi
906 2141 1028 2188 solet,
1052 2151 1154 2189 quae
1170 2141 1203 2180 si
1219 2142 1331 2191 inpu—

54 2191 116 2241 lit,
144 2200 255 2243 grata
282 2201 361 2243 est,
391 2196 560 2244 gratior,
595 2195 630 2234 si
650 2195 817 2244 effregit.
865 2195 1105 2236 Demetrium
1130 2199 1330 2247 egregium
1347 2204 1369 2239 7

55 2248 182 2289 virum
209 2252 367 2291 memini
396 2252 530 2291 dicere
560 2251 718 2290 cuidam
748 2251 930 2291 libertino
959 2253 1136 2301 potenti:
1175 2254 1330 2292 facilem

56 2303 131 2342 sibi
159 2307 261 2345 viam
291 2308 342 2347 ad
370 2308 529 2348 divitias
551 2318 663 2359 esse,
695 2318 776 2357 quo
797 2307 862 2347 die
879 2306 1010 2349 bonae
1029 2309 1171 2350 mentis
1190 2309 1329 2360 poeni-
