1592 2580
322 149 400 190 180
683 148 726 187 L.
757 149 944 186 ΑΝΝΑΕΙ
971 148 1197 189 SENECAE

317 260 385 287 orc
409 258 482 287 suo
499 246 775 285 lancinandum
800 245 942 285 dixerit
963 246 1195 296 feceritque,
1220 258 1308 285 cum
1332 249 1384 286 illi
1409 253 1570 296 specula

317 304 366 341 ab
396 301 502 342 omni
520 307 630 350 parte
653 306 965 350 opponerentur,
993 306 1035 340 ut
1053 303 1140 350 ipse
1156 301 1391 349 flagiti0rum
1409 314 1569 342 suorum

316 362 517 405 spectator
557 361 665 395 esset
702 361 740 394 et
782 366 883 403 quae
915 361 1067 395 secreta
1101 364 1258 404 quoque
1291 359 1569 396 conscientiam

317 419 499 460 premunt
525 416 564 450 et
590 421 693 459 quae
720 411 815 460 [alii]
849 420 976 458 aeque
1005 420 1049 449 ac
1074 411 1148 449 sibi
1169 412 1337 459 quisque
1359 412 1502 450 secisse
1525 423 1570 449 se

275 478 297 510 4
317 471 444 513 negat,
463 476 542 504 non
561 466 599 503 in
620 476 666 504 os
686 470 844 511 tantum,
866 465 938 502 sed
956 465 993 502 in
1013 466 1148 504 oculos
1169 476 1264 504 suos
1284 466 1488 513 ingereret.
1520 468 1572 505 At

317 521 477 559 hercule
505 519 657 558 scelera
676 523 932 567 conspectum
956 520 1015 557 sui
1034 519 1304 558 reformidant:
1338 521 1377 558 in
1404 521 1569 568 perditis

319 585 480 624 quoque
500 580 537 612 et
556 575 606 612 ad
626 584 740 612 omne
760 574 935 612 dedecus
954 575 1145 622 expositis
1165 574 1373 612 tenerrima
1399 581 1459 614 est
1478 586 1569 613 ocu-

316 631 443 668 lorum
462 629 724 667 verecundia:
761 629 826 666 ille
851 629 1027 678 [autem]‚
1047 629 1158 677 quasi
1179 639 1316 676 parum
1337 634 1444 667 esset
1462 630 1569 667 inau-

318 685 397 723 dita
424 689 462 723 et
488 684 687 731 incognita
714 683 812 731 pati,
840 684 977 721 oculos
1005 694 1100 722 suos
1122 684 1171 721 ad
1189 684 1253 720 illa
1272 683 1480 723 advocavit
1498 694 1571 721 nec

319 744 505 787 quantum
539 738 729 785 peccabat
760 737 894 775 videre
926 742 1150 783 contentus,
1186 739 1349 786 specula
1381 738 1473 785 sibi,
1501 749 1571 786 per

317 804 419 841 quae
448 793 595 840 flagitia
621 803 695 831 sua
722 791 914 830 divideret
941 792 1270 840 disponeretque,
1303 792 1570 830 circumdedit.

318 853 356 886 et
391 849 485 895 quia
515 858 592 885 non
624 852 702 886 tam
736 847 938 893 diligenter
966 846 1103 884 intueri
1136 851 1305 894 poterat,
1339 857 1426 885 cum
1454 852 1572 895 caput

317 907 507 940 merserat
521 901 826 949 inguinibusque
842 901 977 939 alienis
995 901 1352 949 obhaeserat,opus
1368 900 1444 939 sibi
1459 912 1571 940 suum

278 966 298 996 5
319 967 389 1004 per
408 955 597 1003 imagines
618 956 820 994 offerebat.
845 955 1055 1003 Spectabat
1069 956 1170 993 illam
1187 955 1383 994 libidinem
1404 956 1483 994 oris
1499 957 1570 1002 sui,

319 1011 524 1059 spectabat
542 1010 740 1048 admissos
760 1009 834 1047 sibi
858 1010 1002 1058 pariter
1020 1010 1058 1047 in
1079 1010 1210 1048 omnia
1227 1010 1348 1048 viros.
1382 1021 1571 1049 nonnum-

320 1076 436 1113 quam
463 1064 563 1102 inter
592 1075 739 1102 marem
767 1068 806 1102 et
833 1063 1014 1102 feminam
1043 1064 1274 1102 distributus
1302 1069 1339 1102 et
1370 1068 1451 1104 toto
1486 1075 1571 1102 cor—

319 1130 418 1167 pore
454 1119 664 1167 patientiae
690 1117 894 1166 expositus
927 1118 1130 1166 spectabat
1155 1119 1344 1156 nefanda:
1389 1119 1572 1167 quidnam

318 1174 436 1212 homo
470 1172 635 1221 inpurus
667 1173 844 1220 reliquit,
879 1173 986 1220 quod
1011 1173 1050 1211 in
1082 1173 1256 1211 tenebris
1282 1173 1455 1212 faceret?
1493 1184 1572 1212 non

319 1228 515 1276 pertimuit
530 1228 642 1275 diem,
660 1228 732 1265 sed
747 1226 858 1274 ipsos
874 1227 1104 1265 concubitus
1121 1231 1374 1275 portentosos
1394 1228 1573 1276 sibi·ipse

320 1281 510 1327 ostendit,
544 1282 619 1320 sibi
646 1282 733 1329 ipse
760 1282 1003 1328 adprobavit.
1042 1291 1156 1330 quem
1177 1291 1269 1319 num
1290 1286 1403 1329 putes
1426 1282 1571 1330 inipso

278 1341 299 1375 6
318 1336 452 1374 habitu
475 1336 582 1384 pingi
608 1336 811 1374 voluisse?
848 1335 918 1374 Est
946 1335 1076 1383 aliqua
1108 1335 1221 1374 etiam
1250 1336 1463 1383 prostitutis
1489 1347 1571 1375 mo-

320 1390 448 1429 destia
462 1395 500 1428 et
514 1391 580 1428 illa
599 1400 766 1438 corpora
782 1389 938 1437 publico
954 1390 1106 1428 obiecta
1124 1389 1290 1428 ludibrio
1312 1390 1470 1438 aliquid,
1493 1402 1571 1439 quo

319 1445 456 1483 infelix
476 1444 662 1493 patientia
683 1446 820 1491 lateat,
849 1443 1081 1483 obtendunt:
1116 1445 1215 1482 adeo
1245 1444 1281 1481 in
1304 1445 1497 1493 quaedam
1515 1446 1571 1483 lu-

319 1510 445 1548 panar
472 1509 632 1547 quoque
660 1499 925 1536 verecundum
954 1503 1030 1537 est:
1074 1503 1112 1536 at
1138 1498 1232 1537 illud
1261 1504 1475 1537 monstrum
1504 1500 1571 1537 ob-

321 1553 573 1592 scoenitatem
596 1563 705 1591 suam
726 1554 993 1601 spectaculum
1021 1554 1168 1591 fecerat
1185 1557 1224 1591 et
1241 1563 1288 1591 ea
1307 1553 1381 1591 sibi
1402 1549 1571 1592 ostenta-

280 1609 299 1643 7
321 1610 405 1654 bat,
435 1609 576 1656 quibus
603 1607 895 1645 abscondendis
922 1608 1028 1646 nulla
1057 1608 1151 1646 satis
1170 1609 1246 1645 alta
1265 1618 1345 1646 nox
1365 1613 1436 1646 est.
1479 1638 1501 1655 „
1514 1607 1571 1646 Si-

321 1663 417 1710 mul‚
437 1663 580 1710 inquit,
601 1666 639 1700 et
656 1662 782 1700 virum
803 1667 840 1700 et
859 1662 1040 1699 seminam
1061 1662 1204 1709 patior:
1238 1662 1488 1700 nihilominus
1508 1663 1573 1700 illa

321 1727 481 1765 quoque
505 1727 754 1765 supervacua
775 1716 867 1753 mihi
887 1721 997 1764 parte
1014 1716 1178 1754 alieuius
1194 1716 1472 1755 'contumeliam
1492 1727 1572 1754 ma—

319 1774 372 1810 ris
390 1781 570 1809 exerceo.
607 1770 743 1808 Omnia
761 1771 934 1808 membra
954 1771 1098 1818 stupris
1120 1776 1312 1818 occupata
1332 1775 1440 1809 suntx
1470 1770 1573 1809 oculi

324 1835 495 1874 quoquev
514 1826 551 1863 in
571 1829 721 1873 partem
749 1825 921 1863 libidinis
941 1827 1098 1863 veniant
1116 1831 1153 1863 et
1171 1830 1293 1864 testes
1310 1826 1394 1864 eius
1415 1830 1572 1863 exacto-

320 1890 466 1928 resque
492 1879 586 1917 sint:
615 1879 730 1917 etiam
755 1889 820 1926 ea,
850 1889 952 1927 quae
978 1890 1002 1917 a
1021 1884 1234 1927 conspeetu
1254 1879 1431 1927 corporis
1450 1879 1573 1917 nostri

322 1935 464 1982 positio
484 1932 697 1980 submovit,
718 1938 799 1970 arte
818 1934 1005 1980 viSantur,
1025 1944 1075 1971 ne
1095 1934 1182 1982 quis
1202 1944 1264 1971 me
1282 1938 1389 1982 putet
1408 1933 1572 1980 nescire,

324 2044 482 2081 nisteria
499 2047 578 2081 tam
597 2041 766 2089 maligna
784 2042 910 2089 dedit,
932 2043 1039 2090 quod
1058 2043 1219 2080 aliorum
1237 2042 1458 2080 animalium
1480 2053 1571 2080 con-

324 2097 475 2136 cubitus
487 2097 626 2135 melius
642 2096 842 2134 instruxit:
872 2095 1078 2143 inveniam,
1096 2096 1422 2145 quemadmodum
1436 2096 1572 2134 morbo

323 2162 411 2190 meo
440 2156 477 2190 et
494 2151 680 2199 inponam
699 2155 738 2189 et
755 2150 1004 2188 satisfaciam.
1030 2158 1114 2198 'quo
1134 2151 1346 2198 nequitiam
1364 2161 1511 2198 meam,
1539 2151 1572 2188 si

324 2206 375 2243 ad
394 2211 555 2244 naturae
573 2206 731 2243 modum
752 2209 902 2252 pecco?
938 2206 978 2243 id
998 2216 1122 2253 genus
1142 2206 1390 2252 speculorum
1410 2206 1572 2244 circum-

323 2270 466 2307 ponam
491 2260 600 2307 mihi,
623 2260 730 2308 quod
746 2259 960 2299 incredibili
982 2259 1243 2308 magnitudine
1263 2260 1467 2307 imaginem
1484 2259 1571 2297 red-
