1598 2606
280 184 317 235 ‘e
658 192 702 231 L.
730 192 917 231 ANNAEI
946 191 1171 233 SENECAE

251 311 269 343 1
372 292 457 330 Vll.
487 290 529 331 Si
547 290 742 330 beneficia
763 291 802 329 in
819 291 961 339 rebus,
988 301 1067 330 non
1095 291 1134 329 in
1153 291 1242 340 ipsa
1266 292 1540 332 benefaciendi

291 349 491 386 voluntate
520 345 799 393 consisterent,
831 356 880 384 eo
911 345 1061 384 maiora
1091 351 1244 393 essent,
1283 358 1363 395 quo
1392 348 1541 387 maiora

292 407 403 448 sunt,
425 411 525 450 quae
539 401 765 449 accipimus.
791 400 829 438 id
848 404 975 438 autem
990 401 1131 439 falsum
1145 406 1226 439 est=
1246 411 1541 450 nonnumquam

292 456 396 494 enim
420 456 545 504 magis
572 465 647 494 nos
679 455 825 503 obligat
851 454 917 502 qui
945 454 1051 493 dedit
1069 466 1193 503 parva
1217 456 1444 504 magnifice,
1474 455 1541 505 qui

291 521 449 558 „regrum
464 512 642 558 aequavit
654 520 744 558 opes
761 510 924 556 animo“,
953 509 1020 557 qui
1039 510 1222 558 exiguum
1241 511 1372 549 tribuit
1398 511 1470 549 sed
1497 511 1540 549 li·

291 566 447 613 benter,
476 565 541 613 qui
561 565 802 613 paupertatis
822 573 920 602 suae
946 562 1090 602 oblitus
1117 569 1179 603 est
1205 565 1297 602 dum
1326 575 1450 603 meam
1479 576 1539 603 re-

291 619 425 668 spicit,
455 620 521 667 qui
548 629 627 657 non
653 620 894 657 voluntatem
922 622 1066 657 tantum
1094 619 1254 657 iuvandi
1281 619 1434 666 habuit,
1469 620 1542 658 sed

291 674 564 722 cupiditatem,
593 673 659 722 qui
680 673 860 721 accipere
880 682 924 711 se
944 672 1095 720 putavit
1112 673 1346 711 beneficium
1367 683 1454 711 cum
1473 674 1542 712 da-

290 734 366 775 ret,
388 728 455 776 qui
474 727 582 766 dedit
600 733 799 775 tamquam
818 732 1067 775 recepturus,
1087 727 1237 776 recepit
1250 732 1447 775 tamquam
1463 738 1542 766 non

291 783 485 829 dedisset,
517 783 582 830 qui
603 782 855 821 occasionem
875 791 951 829 qua
970 782 1181 830 prodesset
1207 786 1246 820 et
1273 781 1483 830 occupavit
1506 786 1544 821 et

249 846 270 879 2
292 837 497 885 quaesivit.
539 837 681 875 Contra
699 837 850 884 ingrata
869 841 975 883 sunt,
995 840 1037 875 ut
1052 836 1152 883 dixi,
1175 837 1265 875 licet
1283 846 1326 874 re
1346 847 1392 874 ac
1408 837 1543 885 specie

291 902 433 940 magna
454 890 676 938 videantur,
705 901 807 939 quae
827 890 934 928 danti
960 895 1027 929 aut
1052 895 1334 939 extorquentur
1354 896 1420 929 aut
1438 891 1542 929 exci-

291 947 406 994 dunt,
426 947 628 994 multoque
647 946 796 993 gratius
817 945 942 992 venit,
964 945 1068 993 quod
1087 945 1190 984 facili
1208 956 1324 993 quam
1338 946 1443 993 quod
1460 946 1542 994 ple-

250 1007 273 1043 3
290 1011 342 1038 na
361 1011 478 1039 manu
497 1001 622 1038 datur.
660 1000 853 1048 Exiguum
880 1004 942 1038 est
968 1000 1077 1047 quod
1104 1001 1142 1039 in
1170 1010 1233 1038 me
1261 1000 1440 1039 contulit:
1471 1000 1544 1039 sed

291 1055 460 1103 amplius
479 1065 558 1093 non
579 1055 715 1102 potuit.
759 1055 813 1093 At
830 1054 893 1092 hic
912 1054 1018 1102 quod
1038 1054 1145 1092 dedit
1162 1065 1344 1102 magnum
1363 1059 1443 1093 est:
1471 1054 1544 1093 sed

293 1109 501 1154 dubitavit,
532 1110 604 1147 sed
624 1108 791 1155 distulit,
820 1108 892 1147 sed
914 1118 1003 1146 cum
1029 1109 1157 1158 daret,
1184 1110 1349 1156 gemuit,
1382 1109 1455 1147 sed
1478 1120 1543 1147 su-

293 1163 415 1211 perbe
438 1162 565 1209 dedit,
594 1163 667 1201 sed
697 1162 929 1200 circumtulit
945 1166 984 1201 et
1007 1163 1167 1210 placere
1189 1173 1268 1201 non
1288 1164 1324 1201 ei
1347 1163 1411 1202 cui
1429 1173 1543 1212 prae-

294 1218 422 1255 stabat
441 1218 574 1256 voluit.
622 1217 822 1255 ambitioni
842 1217 968 1263 dedit,
997 1227 1077 1255 non
1095 1217 1202 1255 mihi.
1264 1264 1267 1269 ἱ

259 1281 277 1314 1
367 1272 470 1309 VIII.
501 1271 763 1310 Socraticum
781 1271 901 1308 multa
920 1271 1056 1317 [multi]
1077 1282 1150 1319 pro
1175 1272 1258 1311 suis
1289 1272 1459 1321 quisque
1486 1273 1543 1310 fa-

294 1326 500 1365 cultatibus
528 1325 733 1371 offerrent,
764 1323 1005 1372 Aeschines,
1039 1336 1192 1374 pauper
1218 1327 1391 1365 auditor:
1434 1328 1542 1373 nihil,

293 1380 437 1429 inquit,
463 1381 620 1429 diynum
645 1383 698 1428 te,
723 1381 827 1428 quod
851 1381 948 1418 dare
973 1381 1040 1418 tibi
1051 1383 1214 1428 possim,
1245 1383 1393 1420 invenio
1418 1387 1455 1420 et
1474 1383 1543 1420 hoc

293 1446 368 1473 uno
386 1436 495 1473 modo
510 1445 724 1484 pauperem
745 1445 804 1474 me
824 1445 905 1473 esse
925 1436 1069 1473 sentio?
1092 1437 1219 1483 itaque
1237 1436 1335 1474 dono
1359 1437 1427 1474 tibi
1445 1436 1546 1484 quod

293 1501 410 1528 unum
425 1490 563 1537 habeo,
577 1500 649 1528 ‘me
667 1491 802 1538 ipsum.
840 1490 911 1527 hoc
935 1500 1072 1527 munus
1098 1500 1191 1537 royo
1206 1493 1468 1538 qualecunque
1491 1495 1548 1529 est

294 1545 381 1582 boni
403 1546 582 1583 consulas
607 1547 820 1592 coqitesque
848 1545 963 1590 alios,
999 1555 1085 1582 cum
1115 1547 1272 1583 multum
1303 1546 1370 1583 tibi
1395 1546 1543 1590 darent,

258 1607 279 1640 2
289 1601 379 1647 plus
392 1599 466 1637 sibi
477 1600 685 1647 reliquisse.
719 1599 787 1636 Cui
808 1598 1012 1636 Socrates:
1037 1599 1174 1646 quidni
1185 1603 1245 1646 iu,
1269 1599 1405 1647 inquit,
1424 1600 1542 1648 [mihi]

294 1664 474 1700 maynum
483 1663 624 1692 munus
639 1653 810 1700 dederis,
831 1655 906 1691 nisi
916 1652 1021 1699 forte
1040 1657 1075 1691 te
1090 1664 1216 1702 parvo
1238 1652 1445 1693 aestimas?
1466 1655 1545 1692 ha-

295 1709 384 1746 bebo
405 1709 533 1755 itaque
552 1719 691 1754 curae,
720 1711 763 1745 ut
790 1712 825 1746 te
844 1709 1035 1746 meliorem
1062 1709 1130 1747 tibi
1148 1709 1312 1746 reddam
1334 1719 1448 1756 quam
1471 1719 1545 1748 ac-

295 1764 390 1811 cepi.
435 1761 540 1800 Vicit
557 1761 778 1800 Aeschines
797 1762 873 1800 hoc
901 1771 1061 1800 munere
1080 1762 1297 1801 Alcibiadis
1325 1773 1461 1811 parem
1488 1763 1544 1802 di-

294 1816 399 1855 vitiis
426 1816 596 1855 animum
621 1821 660 1855 et
686 1826 840 1855 omnem
871 1816 1056 1855 iuvenum
1088 1818 1359 1866 opulentorum
1392 1817 1545 1856 munifi-

297 1871 475 1909 centiam.

257 1936 275 1968 1
375 1926 439 1964 IX.
465 1924 590 1963 Vides
611 1924 810 1974 quomodo
831 1924 983 1964 animus
1011 1924 1182 1963 inveniat
1200 1924 1438 1963 liberalitatis
1464 1935 1546 1963 ma-

297 1980 432 2017 teriam
454 1980 569 2018 etiam
588 1980 688 2019 inter
707 1981 936 2028 angustias?
962 1980 1128 2018 Videtur
1146 1979 1238 2017 mihi
1258 1979 1427 2018 dixisse:
1461 1980 1545 2027 „ni—

298 2034 352 2071 hil
372 2035 484 2082 egisti
503 2035 676 2082 fortuna,
706 2035 813 2084 quod
831 2045 894 2072 me
913 2044 1128 2083 pauperem
1154 2043 1246 2072 esse
1264 2033 1441 2072 voluisti:
1476 2045 1544 2073 ex-

298 2089 456 2135 pediam
477 2089 728 2128 nihilominus
748 2090 908 2137 dignum
926 2090 1017 2128 huic
1035 2089 1122 2127 viro
1140 2098 1281 2126 munus
1301 2093 1358 2135 et,
1384 2088 1476 2136 quia
1495 2089 1546 2126 de

298 2147 366 2180 tuo
385 2154 464 2181 non
485 2154 670 2192 possum,
694 2144 744 2182 de
762 2154 851 2182 meo
872 2144 1014 2183 dabo.“
1049 2143 1185 2190 Neque
1205 2147 1266 2181 est
1285 2143 1394 2190 quod
1412 2143 1546 2183 existi-

299 2206 382 2234 mes
402 2198 507 2236 illum
523 2197 640 2236 vilem
663 2198 738 2237 sibi
760 2199 904 2237 fuisse:
934 2197 1101 2247 pretium
1128 2206 1173 2235 se
1199 2197 1261 2234 sui
1290 2197 1392 2235 fecit.
1437 2198 1545 2245 inge-

299 2250 440 2290 niosus
459 2253 694 2291 adulescens
717 2252 881 2299 invenit,
904 2251 1232 2301 quemadmodum
1246 2250 1447 2290 Socratem
1469 2251 1546 2290 sibi

260 2310 282 2344 2
301 2305 459 2343 daret.*
495 2307 580 2345 Non
608 2312 755 2355 quanta
773 2317 954 2355 quaeque
981 2306 1076 2353 sint,
1106 2306 1179 2344 sed
1204 2316 1229 2344 a
1253 2306 1391 2355 quali
1419 2307 1544 2355 [den-
