<?xml version="1.0" encoding="UTF-8"?>
<!DOCTYPE html PUBLIC "-//W3C//DTD XHTML 1.0 Transitional//EN"
    "http://www.w3.org/TR/xhtml1/DTD/xhtml1-transitional.dtd">
<html xmlns="http://www.w3.org/1999/xhtml" xml:lang="en" lang="en">
 <head>
  <title>
</title>
<meta http-equiv="Content-Type" content="text/html;charset=utf-8" />
  <meta name='ocr-system' content='tesseract 3.04.00' />
  <meta name='ocr-capabilities' content='ocr_page ocr_carea ocr_par ocr_line ocrx_word'/>
</head>
<body>
  <div class='ocr_page' id='page_1' title='image "./operaquaesupersu01seneuoft/operaquaesupersu01seneuoft_0156.png"; bbox 0 0 1624 2626; ppageno 0'>
   <div class='ocr_carea' id='block_1_1' title="bbox 323 162 1331 211">
    <p class='ocr_par' dir='ltr' id='par_1_1' title="bbox 323 162 1331 211">
     <span class='ocr_line' id='line_1_1' title="bbox 323 162 1331 211; baseline -0.005 0"><span class='ocrx_word' id='word_1_1' title='bbox 323 170 401 211; x_wconf 78' lang='lat'><strong>142</strong></span> <span class='ocrx_word' id='word_1_2' title='bbox 545 170 588 209; x_wconf 89' lang='lat' dir='ltr'><strong>L.</strong></span> <span class='ocrx_word' id='word_1_3' title='bbox 617 169 806 209; x_wconf 84' lang='lat' dir='ltr'><strong>ANNAEI</strong></span> <span class='ocrx_word' id='word_1_4' title='bbox 835 169 1060 209; x_wconf 87' lang='lat' dir='ltr'><strong>SENECAE</strong></span> <span class='ocrx_word' id='word_1_5' title='bbox 1087 162 1331 206; x_wconf 65' lang='lat' dir='ltr'><strong>DlAL.?!le.</strong></span> 
     </span>
    </p>
   </div>
   <div class='ocr_carea' id='block_1_2' title="bbox 276 267 1571 2326">
    <p class='ocr_par' dir='ltr' id='par_1_2' title="bbox 277 267 1571 1664">
     <span class='ocr_line' id='line_1_2' title="bbox 315 267 1571 317; baseline 0.002 -10"><span class='ocrx_word' id='word_1_6' title='bbox 315 270 397 308; x_wconf 89' lang='lat' dir='ltr'><strong>bris</strong></span> <span class='ocrx_word' id='word_1_7' title='bbox 417 269 547 308; x_wconf 86' lang='lat' dir='ltr'><strong>vicina</strong></span> <span class='ocrx_word' id='word_1_8' title='bbox 571 270 783 310; x_wconf 81' lang='lat' dir='ltr'><strong>transimus</strong></span> <span class='ocrx_word' id='word_1_9' title='bbox 805 269 1045 308; x_wconf 88' lang='lat' dir='ltr'><strong>offensantes</strong></span> <span class='ocrx_word' id='word_1_10' title='bbox 1073 278 1121 306; x_wconf 79' lang='lat' dir='ltr'><strong>ea</strong></span> <span class='ocrx_word' id='word_1_11' title='bbox 1139 267 1228 317; x_wconf 85' lang='lat' dir='ltr'><strong>ipsa</strong></span> <span class='ocrx_word' id='word_1_12' title='bbox 1248 279 1348 317; x_wconf 86' lang='lat' dir='ltr'><strong>quae</strong></span> <span class='ocrx_word' id='word_1_13' title='bbox 1368 270 1571 309; x_wconf 87' lang='lat' dir='ltr'><strong>desidera-</strong></span> 
     </span>
     <span class='ocr_line' id='line_1_3' title="bbox 278 322 1569 373; baseline 0.002 -12"><span class='ocrx_word' id='word_1_14' title='bbox 278 335 299 367; x_wconf 77' lang='lat'><strong>2</strong></span> <span class='ocrx_word' id='word_1_15' title='bbox 316 334 416 362; x_wconf 89' lang='lat' dir='ltr'><strong>mus.</strong></span> <span class='ocrx_word' id='word_1_16' title='bbox 450 322 531 362; x_wconf 87' lang='lat' dir='ltr'><strong>Sed</strong></span> <span class='ocrx_word' id='word_1_17' title='bbox 556 328 663 362; x_wconf 91' lang='lat' dir='ltr'><strong>nete</strong></span> <span class='ocrx_word' id='word_1_18' title='bbox 690 334 762 372; x_wconf 90' lang='lat' dir='ltr'><strong>per</strong></span> <span class='ocrx_word' id='word_1_19' title='bbox 789 323 1013 362; x_wconf 82' lang='lat' dir='ltr'><strong>circumitus</strong></span> <span class='ocrx_word' id='word_1_20' title='bbox 1032 322 1202 370; x_wconf 81' lang='lat' dir='ltr'><strong>traham,</strong></span> <span class='ocrx_word' id='word_1_21' title='bbox 1229 324 1393 362; x_wconf 84' lang='lat' dir='ltr'><strong>aliorum</strong></span> <span class='ocrx_word' id='word_1_22' title='bbox 1412 325 1569 373; x_wconf 84' lang='lat' dir='ltr'><strong>quidem</strong></span> 
     </span>
     <span class='ocr_line' id='line_1_4' title="bbox 317 378 1569 427; baseline 0.001 -11"><span class='ocrx_word' id='word_1_23' title='bbox 317 378 524 426; x_wconf 85' lang='lat' dir='ltr'><strong>opiniones</strong></span> <span class='ocrx_word' id='word_1_24' title='bbox 557 378 792 426; x_wconf 83' lang='lat' dir='ltr'><strong>praeteribo.</strong></span> <span class='ocrx_word' id='word_1_25' title='bbox 838 387 925 414; x_wconf 85' lang='lat' dir='ltr'><strong>nam</strong></span> <span class='ocrx_word' id='word_1_26' title='bbox 960 381 999 415; x_wconf 89' lang='lat' dir='ltr'><strong>et</strong></span> <span class='ocrx_word' id='word_1_27' title='bbox 1030 387 1260 415; x_wconf 84' lang='lat' dir='ltr'><strong>enumerare</strong></span> <span class='ocrx_word' id='word_1_28' title='bbox 1292 378 1378 415; x_wconf 90' lang='lat' dir='ltr'><strong>illas</strong></span> <span class='ocrx_word' id='word_1_29' title='bbox 1410 379 1569 427; x_wconf 80' lang='lat' dir='ltr'><strong>longum</strong></span> 
     </span>
     <span class='ocr_line' id='line_1_5' title="bbox 317 430 1570 480; baseline 0.001 -10"><span class='ocrx_word' id='word_1_30' title='bbox 317 437 378 470; x_wconf 84' lang='lat' dir='ltr'><strong>est</strong></span> <span class='ocrx_word' id='word_1_31' title='bbox 396 437 435 471; x_wconf 87' lang='lat' dir='ltr'><strong>et</strong></span> <span class='ocrx_word' id='word_1_32' title='bbox 453 442 687 480; x_wconf 83' lang='lat' dir='ltr'><strong>coarguere:</strong></span> <span class='ocrx_word' id='word_1_33' title='bbox 708 436 887 470; x_wconf 67' lang='lat' dir='ltr'><strong>‘nostram</strong></span> <span class='ocrx_word' id='word_1_34' title='bbox 907 430 1057 479; x_wconf 78' lang='lat' dir='ltr'><strong>accipe.</strong></span> <span class='ocrx_word' id='word_1_35' title='bbox 1093 443 1117 469; x_wconf 93' lang='lat' dir='ltr'><strong>n</strong></span> <span class='ocrx_word' id='word_1_36' title='bbox 1130 437 1314 470; x_wconf 89' lang='lat' dir='ltr'><strong>ostram</strong></span> <span class='ocrx_word' id='word_1_37' title='bbox 1334 437 1462 471; x_wconf 87' lang='lat' dir='ltr'><strong>autem</strong></span> <span class='ocrx_word' id='word_1_38' title='bbox 1481 443 1570 471; x_wconf 87' lang='lat' dir='ltr'><strong>cum</strong></span> 
     </span>
     <span class='ocr_line' id='line_1_6' title="bbox 316 484 1569 535; baseline 0 -11"><span class='ocrx_word' id='word_1_39' title='bbox 316 487 425 534; x_wconf 90' lang='lat' dir='ltr'><strong>dico,</strong></span> <span class='ocrx_word' id='word_1_40' title='bbox 454 497 534 525; x_wconf 92' lang='lat' dir='ltr'><strong>non</strong></span> <span class='ocrx_word' id='word_1_41' title='bbox 561 487 691 534; x_wconf 82' lang='lat' dir='ltr'><strong>adligo</strong></span> <span class='ocrx_word' id='word_1_42' title='bbox 719 496 780 523; x_wconf 88' lang='lat' dir='ltr'><strong>me</strong></span> <span class='ocrx_word' id='word_1_43' title='bbox 801 486 850 523; x_wconf 88' lang='lat' dir='ltr'><strong>ad</strong></span> <span class='ocrx_word' id='word_1_44' title='bbox 867 496 988 523; x_wconf 83' lang='lat' dir='ltr'><strong>unum</strong></span> <span class='ocrx_word' id='word_1_45' title='bbox 1007 484 1175 534; x_wconf 80' lang='lat' dir='ltr'><strong>aliquem</strong></span> <span class='ocrx_word' id='word_1_46' title='bbox 1196 497 1246 524; x_wconf 86' lang='lat' dir='ltr'><strong>ex</strong></span> <span class='ocrx_word' id='word_1_47' title='bbox 1267 484 1411 525; x_wconf 83' lang='lat' dir='ltr'><strong>Stoicis</strong></span> <span class='ocrx_word' id='word_1_48' title='bbox 1431 497 1569 535; x_wconf 86' lang='lat' dir='ltr'><strong>proce-</strong></span> 
     </span>
     <span class='ocr_line' id='line_1_7' title="bbox 316 539 1570 589; baseline 0.002 -12"><span class='ocrx_word' id='word_1_49' title='bbox 316 541 437 579; x_wconf 84' lang='lat' dir='ltr'><strong>ribus.</strong></span> <span class='ocrx_word' id='word_1_50' title='bbox 473 546 535 579; x_wconf 89' lang='lat' dir='ltr'><strong>est</strong></span> <span class='ocrx_word' id='word_1_51' title='bbox 562 545 599 578; x_wconf 91' lang='lat' dir='ltr'><strong>et</strong></span> <span class='ocrx_word' id='word_1_52' title='bbox 624 541 717 578; x_wconf 89' lang='lat' dir='ltr'><strong>mihi</strong></span> <span class='ocrx_word' id='word_1_53' title='bbox 737 539 926 578; x_wconf 84' lang='lat' dir='ltr'><strong>censendi</strong></span> <span class='ocrx_word' id='word_1_54' title='bbox 943 539 1017 578; x_wconf 82' lang='lat' dir='ltr'><strong>ius.</strong></span> <span class='ocrx_word' id='word_1_55' title='bbox 1056 540 1189 588; x_wconf 84' lang='lat' dir='ltr'><strong>itaque</strong></span> <span class='ocrx_word' id='word_1_56' title='bbox 1215 540 1386 588; x_wconf 87' lang='lat' dir='ltr'><strong>aliquem</strong></span> <span class='ocrx_word' id='word_1_57' title='bbox 1414 551 1570 589; x_wconf 86' lang='lat' dir='ltr'><strong>sequar,</strong></span> 
     </span>
     <span class='ocr_line' id='line_1_8' title="bbox 317 593 1571 645; baseline 0.002 -13"><span class='ocrx_word' id='word_1_58' title='bbox 317 595 486 643; x_wconf 85' lang='lat' dir='ltr'><strong>aliquem</strong></span> <span class='ocrx_word' id='word_1_59' title='bbox 519 595 662 633; x_wconf 89' lang='lat' dir='ltr'><strong>iubebo</strong></span> <span class='ocrx_word' id='word_1_60' title='bbox 705 593 937 632; x_wconf 74' lang='lat' dir='ltr'><strong>sententiam</strong></span> <span class='ocrx_word' id='word_1_61' title='bbox 968 593 1156 633; x_wconf 89' lang='lat' dir='ltr'><strong>dividere.</strong></span> <span class='ocrx_word' id='word_1_62' title='bbox 1207 595 1378 634; x_wconf 85' lang='lat' dir='ltr'><strong>fortasse</strong></span> <span class='ocrx_word' id='word_1_63' title='bbox 1411 600 1449 634; x_wconf 91' lang='lat' dir='ltr'><strong>et</strong></span> <span class='ocrx_word' id='word_1_64' title='bbox 1479 601 1571 645; x_wconf 84' lang='lat' dir='ltr'><strong>post</strong></span> 
     </span>
     <span class='ocr_line' id='line_1_9' title="bbox 317 646 1570 697; baseline 0.001 -10"><span class='ocrx_word' id='word_1_65' title='bbox 317 659 456 687; x_wconf 90' lang='lat' dir='ltr'><strong>omnes</strong></span> <span class='ocrx_word' id='word_1_66' title='bbox 478 649 616 687; x_wconf 86' lang='lat' dir='ltr'><strong>citatus</strong></span> <span class='ocrx_word' id='word_1_67' title='bbox 636 648 729 686; x_wconf 89' lang='lat' dir='ltr'><strong>nihil</strong></span> <span class='ocrx_word' id='word_1_68' title='bbox 748 646 968 695; x_wconf 80' lang='lat' dir='ltr'><strong>inprobabo</strong></span> <span class='ocrx_word' id='word_1_69' title='bbox 989 658 1039 686; x_wconf 89' lang='lat' dir='ltr'><strong>ex</strong></span> <span class='ocrx_word' id='word_1_70' title='bbox 1058 649 1119 696; x_wconf 87' lang='lat' dir='ltr'><strong>iis,</strong></span> <span class='ocrx_word' id='word_1_71' title='bbox 1140 659 1243 697; x_wconf 86' lang='lat' dir='ltr'><strong>quae</strong></span> <span class='ocrx_word' id='word_1_72' title='bbox 1263 649 1418 697; x_wconf 88' lang='lat' dir='ltr'><strong>priores</strong></span> <span class='ocrx_word' id='word_1_73' title='bbox 1435 650 1570 689; x_wconf 88' lang='lat' dir='ltr'><strong>decre·</strong></span> 
     </span>
     <span class='ocr_line' id='line_1_10' title="bbox 277 702 1570 753; baseline 0 -10"><span class='ocrx_word' id='word_1_74' title='bbox 277 710 299 743; x_wconf 83' lang='lat'><strong>3</strong></span> <span class='ocrx_word' id='word_1_75' title='bbox 317 703 460 750; x_wconf 84' lang='lat' dir='ltr'><strong>verint,</strong></span> <span class='ocrx_word' id='word_1_76' title='bbox 488 707 526 740; x_wconf 88' lang='lat' dir='ltr'><strong>et</strong></span> <span class='ocrx_word' id='word_1_77' title='bbox 553 703 699 740; x_wconf 86' lang='lat' dir='ltr'><strong>dicam:</strong></span> <span class='ocrx_word' id='word_1_78' title='bbox 728 702 831 749; x_wconf 90' lang='lat' dir='ltr'><strong>„hoc</strong></span> <span class='ocrx_word' id='word_1_79' title='bbox 858 703 1026 750; x_wconf 82' lang='lat' dir='ltr'><strong>amplius</strong></span> <span class='ocrx_word' id='word_1_80' title='bbox 1055 706 1239 742; x_wconf 86' lang='lat' dir='ltr'><strong>cense0.“</strong></span> <span class='ocrx_word' id='word_1_81' title='bbox 1282 703 1438 742; x_wconf 86' lang='lat' dir='ltr'><strong>Interim</strong></span> <span class='ocrx_word' id='word_1_82' title='bbox 1462 705 1570 753; x_wconf 88' lang='lat' dir='ltr'><strong>quod</strong></span> 
     </span>
     <span class='ocr_line' id='line_1_11' title="bbox 315 756 1569 804; baseline 0.001 -10"><span class='ocrx_word' id='word_1_83' title='bbox 315 758 416 795; x_wconf 90' lang='lat' dir='ltr'><strong>inter</strong></span> <span class='ocrx_word' id='word_1_84' title='bbox 442 757 569 795; x_wconf 90' lang='lat' dir='ltr'><strong>omnis</strong></span> <span class='ocrx_word' id='word_1_85' title='bbox 591 756 746 794; x_wconf 89' lang='lat' dir='ltr'><strong>Stoicos</strong></span> <span class='ocrx_word' id='word_1_86' title='bbox 775 756 978 804; x_wconf 86' lang='lat' dir='ltr'><strong>convenit,</strong></span> <span class='ocrx_word' id='word_1_87' title='bbox 1004 767 1141 795; x_wconf 63' lang='lat' dir='ltr'><strong>&#39;rerum</strong></span> <span class='ocrx_word' id='word_1_88' title='bbox 1168 762 1329 796; x_wconf 88' lang='lat' dir='ltr'><strong>naturae</strong></span> <span class='ocrx_word' id='word_1_89' title='bbox 1356 758 1569 798; x_wconf 89' lang='lat' dir='ltr'><strong>adsentior.</strong></span> 
     </span>
     <span class='ocr_line' id='line_1_12' title="bbox 315 810 1569 860; baseline 0.002 -12"><span class='ocrx_word' id='word_1_90' title='bbox 315 811 365 848; x_wconf 83' lang='lat' dir='ltr'><strong>ab</strong></span> <span class='ocrx_word' id='word_1_91' title='bbox 384 811 448 849; x_wconf 85' lang='lat' dir='ltr'><strong>illa</strong></span> <span class='ocrx_word' id='word_1_92' title='bbox 468 821 547 848; x_wconf 89' lang='lat' dir='ltr'><strong>non</strong></span> <span class='ocrx_word' id='word_1_93' title='bbox 567 810 750 848; x_wconf 81' lang='lat' dir='ltr'><strong>deerrare</strong></span> <span class='ocrx_word' id='word_1_94' title='bbox 770 815 808 849; x_wconf 88' lang='lat' dir='ltr'><strong>et</strong></span> <span class='ocrx_word' id='word_1_95' title='bbox 827 811 876 849; x_wconf 89' lang='lat' dir='ltr'><strong>ad</strong></span> <span class='ocrx_word' id='word_1_96' title='bbox 895 811 1000 850; x_wconf 87' lang='lat' dir='ltr'><strong>illius</strong></span> <span class='ocrx_word' id='word_1_97' title='bbox 1018 812 1145 858; x_wconf 86' lang='lat' dir='ltr'><strong>legem</strong></span> <span class='ocrx_word' id='word_1_98' title='bbox 1164 810 1471 860; x_wconf 86' lang='lat' dir='ltr'><strong>exemplumque</strong></span> <span class='ocrx_word' id='word_1_99' title='bbox 1491 813 1569 852; x_wconf 54' lang='lat' dir='ltr'><strong>sor*</strong></span> 
     </span>
     <span class='ocr_line' id='line_1_13' title="bbox 314 864 1569 913; baseline 0.003 -12"><span class='ocrx_word' id='word_1_100' title='bbox 314 865 411 902; x_wconf 87' lang='lat' dir='ltr'><strong>mari</strong></span> <span class='ocrx_word' id='word_1_101' title='bbox 426 864 619 912; x_wconf 80' lang='lat' dir='ltr'><strong>sapientia</strong></span> <span class='ocrx_word' id='word_1_102' title='bbox 638 869 719 902; x_wconf 82' lang='lat' dir='ltr'><strong>est=</strong></span> <span class='ocrx_word' id='word_1_103' title='bbox 743 865 887 902; x_wconf 87' lang='lat' dir='ltr'><strong>beata</strong></span> <span class='ocrx_word' id='word_1_104' title='bbox 907 870 982 903; x_wconf 90' lang='lat' dir='ltr'><strong>est</strong></span> <span class='ocrx_word' id='word_1_105' title='bbox 1002 875 1116 913; x_wconf 84' lang='lat' dir='ltr'><strong>ergo</strong></span> <span class='ocrx_word' id='word_1_106' title='bbox 1133 865 1240 904; x_wconf 88' lang='lat' dir='ltr'><strong>vita</strong></span> <span class='ocrx_word' id='word_1_107' title='bbox 1259 867 1569 905; x_wconf 88' lang='lat' dir='ltr'><strong>conveniens</strong></span> 
     </span>
     <span class='ocr_line' id='line_1_14' title="bbox 313 919 1569 969; baseline 0.003 -14"><span class='ocrx_word' id='word_1_108' title='bbox 313 923 520 956; x_wconf 87' lang='lat' dir='ltr'><strong>naturae</strong></span> <span class='ocrx_word' id='word_1_109' title='bbox 540 928 680 965; x_wconf 84' lang='lat' dir='ltr'><strong>suae,</strong></span> <span class='ocrx_word' id='word_1_110' title='bbox 703 927 804 966; x_wconf 86' lang='lat' dir='ltr'><strong>quae</strong></span> <span class='ocrx_word' id='word_1_111' title='bbox 824 929 903 956; x_wconf 90' lang='lat' dir='ltr'><strong>non</strong></span> <span class='ocrx_word' id='word_1_112' title='bbox 923 919 1034 957; x_wconf 85' lang='lat' dir='ltr'><strong>aliter</strong></span> <span class='ocrx_word' id='word_1_113' title='bbox 1050 920 1275 967; x_wconf 83' lang='lat' dir='ltr'><strong>contingere</strong></span> <span class='ocrx_word' id='word_1_114' title='bbox 1289 924 1431 968; x_wconf 88' lang='lat' dir='ltr'><strong>potest,</strong></span> <span class='ocrx_word' id='word_1_115' title='bbox 1452 932 1569 969; x_wconf 86' lang='lat' dir='ltr'><strong>quam</strong></span> 
     </span>
     <span class='ocr_line' id='line_1_15' title="bbox 315 972 1569 1022; baseline 0.002 -12"><span class='ocrx_word' id='word_1_116' title='bbox 315 973 348 1010; x_wconf 90' lang='lat' dir='ltr'><strong>si</strong></span> <span class='ocrx_word' id='word_1_117' title='bbox 382 972 547 1020; x_wconf 86' lang='lat' dir='ltr'><strong>primum</strong></span> <span class='ocrx_word' id='word_1_118' title='bbox 581 982 679 1010; x_wconf 85' lang='lat' dir='ltr'><strong>sana</strong></span> <span class='ocrx_word' id='word_1_119' title='bbox 710 982 822 1011; x_wconf 89' lang='lat' dir='ltr'><strong>mens</strong></span> <span class='ocrx_word' id='word_1_120' title='bbox 856 977 918 1011; x_wconf 90' lang='lat' dir='ltr'><strong>est</strong></span> <span class='ocrx_word' id='word_1_121' title='bbox 951 977 990 1011; x_wconf 92' lang='lat' dir='ltr'><strong>et</strong></span> <span class='ocrx_word' id='word_1_122' title='bbox 1020 972 1059 1011; x_wconf 90' lang='lat' dir='ltr'><strong>in</strong></span> <span class='ocrx_word' id='word_1_123' title='bbox 1089 979 1281 1022; x_wconf 87' lang='lat' dir='ltr'><strong>perpetua</strong></span> <span class='ocrx_word' id='word_1_124' title='bbox 1308 975 1569 1022; x_wconf 85' lang='lat' dir='ltr'><strong>possessione</strong></span> 
     </span>
     <span class='ocr_line' id='line_1_16' title="bbox 314 1025 1568 1077; baseline 0.002 -13"><span class='ocrx_word' id='word_1_125' title='bbox 314 1026 490 1065; x_wconf 87' lang='lat' dir='ltr'><strong>sanitatis</strong></span> <span class='ocrx_word' id='word_1_126' title='bbox 511 1037 618 1074; x_wconf 90' lang='lat' dir='ltr'><strong>suae,</strong></span> <span class='ocrx_word' id='word_1_127' title='bbox 639 1025 783 1064; x_wconf 89' lang='lat' dir='ltr'><strong>deinde</strong></span> <span class='ocrx_word' id='word_1_128' title='bbox 802 1027 913 1066; x_wconf 85' lang='lat' dir='ltr'><strong>sortis</strong></span> <span class='ocrx_word' id='word_1_129' title='bbox 933 1038 979 1065; x_wconf 87' lang='lat' dir='ltr'><strong>ac</strong></span> <span class='ocrx_word' id='word_1_130' title='bbox 999 1027 1224 1075; x_wconf 89' lang='lat' dir='ltr'><strong>vehemens,</strong></span> <span class='ocrx_word' id='word_1_131' title='bbox 1237 1028 1256 1053; x_wconf 85' lang='lat'>*</span> <span class='ocrx_word' id='word_1_132' title='bbox 1275 1032 1367 1067; x_wconf 87' lang='lat' dir='ltr'><strong>tunc</strong></span> <span class='ocrx_word' id='word_1_133' title='bbox 1388 1029 1568 1077; x_wconf 76' lang='lat' dir='ltr'><strong>pulcher·</strong></span> 
     </span>
     <span class='ocr_line' id='line_1_17' title="bbox 312 1081 1568 1131; baseline 0.004 -14"><span class='ocrx_word' id='word_1_134' title='bbox 312 1081 410 1118; x_wconf 87' lang='lat' dir='ltr'><strong>rima</strong></span> <span class='ocrx_word' id='word_1_135' title='bbox 429 1085 467 1119; x_wconf 92' lang='lat' dir='ltr'><strong>et</strong></span> <span class='ocrx_word' id='word_1_136' title='bbox 486 1081 660 1129; x_wconf 82' lang='lat' dir='ltr'><strong>patiens,</strong></span> <span class='ocrx_word' id='word_1_137' title='bbox 685 1085 776 1129; x_wconf 83' lang='lat' dir='ltr'><strong>apta</strong></span> <span class='ocrx_word' id='word_1_138' title='bbox 794 1082 1055 1129; x_wconf 89' lang='lat' dir='ltr'><strong>temporibus,</strong></span> <span class='ocrx_word' id='word_1_139' title='bbox 1085 1083 1264 1130; x_wconf 87' lang='lat' dir='ltr'><strong>corporis</strong></span> <span class='ocrx_word' id='word_1_140' title='bbox 1293 1083 1354 1120; x_wconf 91' lang='lat' dir='ltr'><strong>sui</strong></span> <span class='ocrx_word' id='word_1_141' title='bbox 1373 1084 1568 1131; x_wconf 80' lang='lat' dir='ltr'><strong>pertinen—</strong></span> 
     </span>
     <span class='ocr_line' id='line_1_18' title="bbox 312 1135 1570 1183; baseline 0.003 -11"><span class='ocrx_word' id='word_1_142' title='bbox 312 1135 487 1183; x_wconf 87' lang='lat' dir='ltr'><strong>tiumque</strong></span> <span class='ocrx_word' id='word_1_143' title='bbox 520 1135 571 1173; x_wconf 89' lang='lat' dir='ltr'><strong>ad</strong></span> <span class='ocrx_word' id='word_1_144' title='bbox 602 1135 643 1173; x_wconf 92' lang='lat' dir='ltr'><strong>id</strong></span> <span class='ocrx_word' id='word_1_145' title='bbox 675 1136 832 1174; x_wconf 89' lang='lat' dir='ltr'><strong>curiosa</strong></span> <span class='ocrx_word' id='word_1_146' title='bbox 862 1146 942 1174; x_wconf 89' lang='lat' dir='ltr'><strong>non</strong></span> <span class='ocrx_word' id='word_1_147' title='bbox 973 1135 1100 1174; x_wconf 86' lang='lat' dir='ltr'><strong>anxie.</strong></span> <span class='ocrx_word' id='word_1_148' title='bbox 1142 1140 1222 1174; x_wconf 85' lang='lat' dir='ltr'><strong>tum</strong></span> <span class='ocrx_word' id='word_1_149' title='bbox 1248 1136 1409 1174; x_wconf 86' lang='lat' dir='ltr'><strong>aliarum</strong></span> <span class='ocrx_word' id='word_1_150' title='bbox 1439 1148 1570 1177; x_wconf 85' lang='lat' dir='ltr'><strong>rerum</strong></span> 
     </span>
     <span class='ocr_line' id='line_1_19' title="bbox 316 1189 1569 1237; baseline 0.002 -9"><span class='ocrx_word' id='word_1_151' title='bbox 316 1200 417 1237; x_wconf 86' lang='lat' dir='ltr'><strong>quae</strong></span> <span class='ocrx_word' id='word_1_152' title='bbox 442 1190 560 1228; x_wconf 81' lang='lat' dir='ltr'><strong>vitam</strong></span> <span class='ocrx_word' id='word_1_153' title='bbox 585 1189 798 1237; x_wconf 87' lang='lat' dir='ltr'><strong>instruunt,</strong></span> <span class='ocrx_word' id='word_1_154' title='bbox 832 1189 1000 1237; x_wconf 85' lang='lat' dir='ltr'><strong>diligens</strong></span> <span class='ocrx_word' id='word_1_155' title='bbox 1038 1190 1124 1228; x_wconf 90' lang='lat' dir='ltr'><strong>sine</strong></span> <span class='ocrx_word' id='word_1_156' title='bbox 1157 1190 1413 1229; x_wconf 85' lang='lat' dir='ltr'><strong>admiratione</strong></span> <span class='ocrx_word' id='word_1_157' title='bbox 1439 1191 1569 1230; x_wconf 88' lang='lat' dir='ltr'><strong>cuius-</strong></span> 
     </span>
     <span class='ocr_line' id='line_1_20' title="bbox 277 1244 1568 1292; baseline 0.002 -11"><span class='ocrx_word' id='word_1_158' title='bbox 277 1248 299 1281; x_wconf 82' lang='lat'><strong>4</strong></span> <span class='ocrx_word' id='word_1_159' title='bbox 316 1255 444 1292; x_wconf 82' lang='lat' dir='ltr'><strong>quam,</strong></span> <span class='ocrx_word' id='word_1_160' title='bbox 467 1255 589 1282; x_wconf 86' lang='lat' dir='ltr'><strong>usura</strong></span> <span class='ocrx_word' id='word_1_161' title='bbox 609 1244 788 1283; x_wconf 79' lang='lat' dir='ltr'><strong>fortunae</strong></span> <span class='ocrx_word' id='word_1_162' title='bbox 807 1244 1055 1291; x_wconf 90' lang='lat' dir='ltr'><strong>muneribus,</strong></span> <span class='ocrx_word' id='word_1_163' title='bbox 1085 1255 1165 1283; x_wconf 91' lang='lat' dir='ltr'><strong>non</strong></span> <span class='ocrx_word' id='word_1_164' title='bbox 1185 1245 1389 1283; x_wconf 85' lang='lat' dir='ltr'><strong>servitura.</strong></span> <span class='ocrx_word' id='word_1_165' title='bbox 1419 1246 1568 1284; x_wconf 90' lang='lat' dir='ltr'><strong>intelle—</strong></span> 
     </span>
     <span class='ocr_line' id='line_1_21' title="bbox 313 1298 1568 1348; baseline 0.002 -13"><span class='ocrx_word' id='word_1_166' title='bbox 313 1298 394 1346; x_wconf 81' lang='lat' dir='ltr'><strong>gis,</strong></span> <span class='ocrx_word' id='word_1_167' title='bbox 423 1298 574 1337; x_wconf 85' lang='lat' dir='ltr'><strong>etiarnsi</strong></span> <span class='ocrx_word' id='word_1_168' title='bbox 603 1309 684 1337; x_wconf 90' lang='lat' dir='ltr'><strong>non</strong></span> <span class='ocrx_word' id='word_1_169' title='bbox 712 1298 895 1344; x_wconf 85' lang='lat' dir='ltr'><strong>adiciam,</strong></span> <span class='ocrx_word' id='word_1_170' title='bbox 925 1298 1040 1347; x_wconf 89' lang='lat' dir='ltr'><strong>sequi</strong></span> <span class='ocrx_word' id='word_1_171' title='bbox 1066 1304 1294 1347; x_wconf 89' lang='lat' dir='ltr'><strong>perpetuam</strong></span> <span class='ocrx_word' id='word_1_172' title='bbox 1315 1299 1568 1348; x_wconf 87' lang='lat' dir='ltr'><strong>tranquillita-</strong></span> 
     </span>
     <span class='ocr_line' id='line_1_22' title="bbox 313 1353 1567 1402; baseline 0.002 -13"><span class='ocrx_word' id='word_1_173' title='bbox 313 1358 408 1399; x_wconf 85' lang='lat' dir='ltr'><strong>tem,</strong></span> <span class='ocrx_word' id='word_1_174' title='bbox 436 1353 653 1392; x_wconf 89' lang='lat' dir='ltr'><strong>libertatem</strong></span> <span class='ocrx_word' id='word_1_175' title='bbox 674 1353 851 1402; x_wconf 92' lang='lat' dir='ltr'><strong>depulsis</strong></span> <span class='ocrx_word' id='word_1_176' title='bbox 871 1353 917 1391; x_wconf 90' lang='lat' dir='ltr'><strong>iis</strong></span> <span class='ocrx_word' id='word_1_177' title='bbox 938 1363 1039 1401; x_wconf 86' lang='lat' dir='ltr'><strong>quae</strong></span> <span class='ocrx_word' id='word_1_178' title='bbox 1058 1358 1124 1392; x_wconf 89' lang='lat' dir='ltr'><strong>aut</strong></span> <span class='ocrx_word' id='word_1_179' title='bbox 1141 1354 1298 1391; x_wconf 85' lang='lat' dir='ltr'><strong>inritant</strong></span> <span class='ocrx_word' id='word_1_180' title='bbox 1316 1364 1389 1392; x_wconf 90' lang='lat' dir='ltr'><strong>nos</strong></span> <span class='ocrx_word' id='word_1_181' title='bbox 1409 1358 1475 1391; x_wconf 91' lang='lat' dir='ltr'><strong>aut</strong></span> <span class='ocrx_word' id='word_1_182' title='bbox 1493 1360 1567 1392; x_wconf 82' lang='lat' dir='ltr'><strong>ter-</strong></span> 
     </span>
     <span class='ocr_line' id='line_1_23' title="bbox 312 1407 1568 1458; baseline 0.002 -14"><span class='ocrx_word' id='word_1_183' title='bbox 312 1407 440 1446; x_wconf 86' lang='lat' dir='ltr'><strong>ritant.</strong></span> <span class='ocrx_word' id='word_1_184' title='bbox 469 1418 558 1445; x_wconf 89' lang='lat' dir='ltr'><strong>nam</strong></span> <span class='ocrx_word' id='word_1_185' title='bbox 587 1408 687 1458; x_wconf 85' lang='lat' dir='ltr'><strong>[pro]</strong></span> <span class='ocrx_word' id='word_1_186' title='bbox 717 1407 982 1455; x_wconf 85' lang='lat' dir='ltr'><strong>voluptatibus</strong></span> <span class='ocrx_word' id='word_1_187' title='bbox 1009 1412 1047 1445; x_wconf 91' lang='lat' dir='ltr'><strong>et</strong></span> <span class='ocrx_word' id='word_1_188' title='bbox 1067 1418 1139 1455; x_wconf 89' lang='lat' dir='ltr'><strong>pro</strong></span> <span class='ocrx_word' id='word_1_189' title='bbox 1163 1408 1237 1446; x_wconf 90' lang='lat' dir='ltr'><strong>illis</strong></span> <span class='ocrx_word' id='word_1_190' title='bbox 1259 1418 1360 1455; x_wconf 90' lang='lat' dir='ltr'><strong>quae</strong></span> <span class='ocrx_word' id='word_1_191' title='bbox 1379 1418 1503 1456; x_wconf 86' lang='lat' dir='ltr'><strong>parva</strong></span> <span class='ocrx_word' id='word_1_192' title='bbox 1522 1419 1568 1446; x_wconf 89' lang='lat' dir='ltr'><strong>ac</strong></span> 
     </span>
     <span class='ocr_line' id='line_1_24' title="bbox 314 1461 1568 1510; baseline 0.001 -11"><span class='ocrx_word' id='word_1_193' title='bbox 314 1461 466 1509; x_wconf 81' lang='lat' dir='ltr'><strong>fragilia</strong></span> <span class='ocrx_word' id='word_1_194' title='bbox 493 1466 584 1500; x_wconf 91' lang='lat' dir='ltr'><strong>sunt</strong></span> <span class='ocrx_word' id='word_1_195' title='bbox 611 1467 650 1500; x_wconf 91' lang='lat' dir='ltr'><strong>et</strong></span> <span class='ocrx_word' id='word_1_196' title='bbox 675 1461 714 1499; x_wconf 90' lang='lat' dir='ltr'><strong>in</strong></span> <span class='ocrx_word' id='word_1_197' title='bbox 740 1461 841 1510; x_wconf 90' lang='lat' dir='ltr'><strong>ipsis</strong></span> <span class='ocrx_word' id='word_1_198' title='bbox 869 1461 1026 1509; x_wconf 86' lang='lat' dir='ltr'><strong>flagitiis</strong></span> <span class='ocrx_word' id='word_1_199' title='bbox 1047 1461 1185 1509; x_wconf 85' lang='lat' dir='ltr'><strong>noxia,</strong></span> <span class='ocrx_word' id='word_1_200' title='bbox 1219 1461 1360 1510; x_wconf 80' lang='lat' dir='ltr'><strong>ingens</strong></span> <span class='ocrx_word' id='word_1_201' title='bbox 1382 1462 1568 1510; x_wconf 84' lang='lat' dir='ltr'><strong>gaudium</strong></span> 
     </span>
     <span class='ocr_line' id='line_1_25' title="bbox 315 1514 1569 1564; baseline 0.001 -11"><span class='ocrx_word' id='word_1_202' title='bbox 315 1515 438 1562; x_wconf 87' lang='lat' dir='ltr'><strong>subit,</strong></span> <span class='ocrx_word' id='word_1_203' title='bbox 471 1514 752 1555; x_wconf 87' lang='lat' dir='ltr'><strong>inconcussum</strong></span> <span class='ocrx_word' id='word_1_204' title='bbox 782 1520 822 1554; x_wconf 86' lang='lat' dir='ltr'><strong>et</strong></span> <span class='ocrx_word' id='word_1_205' title='bbox 854 1516 1031 1564; x_wconf 85' lang='lat' dir='ltr'><strong>aequale.</strong></span> <span class='ocrx_word' id='word_1_206' title='bbox 1072 1521 1153 1554; x_wconf 87' lang='lat' dir='ltr'><strong>tum</strong></span> <span class='ocrx_word' id='word_1_207' title='bbox 1185 1527 1263 1564; x_wconf 85' lang='lat' dir='ltr'><strong>pax</strong></span> <span class='ocrx_word' id='word_1_208' title='bbox 1294 1521 1333 1554; x_wconf 88' lang='lat' dir='ltr'><strong>et</strong></span> <span class='ocrx_word' id='word_1_209' title='bbox 1357 1517 1569 1555; x_wconf 89' lang='lat' dir='ltr'><strong>concordia</strong></span> 
     </span>
     <span class='ocr_line' id='line_1_26' title="bbox 315 1570 1568 1618; baseline 0.002 -11"><span class='ocrx_word' id='word_1_210' title='bbox 315 1570 431 1608; x_wconf 85' lang='lat' dir='ltr'><strong>animi</strong></span> <span class='ocrx_word' id='word_1_211' title='bbox 458 1574 497 1608; x_wconf 86' lang='grc' dir='ltr'><strong>ει</strong></span> <span class='ocrx_word' id='word_1_212' title='bbox 523 1570 750 1618; x_wconf 84' lang='lat' dir='ltr'><strong>magnitudo</strong></span> <span class='ocrx_word' id='word_1_213' title='bbox 779 1581 864 1608; x_wconf 89' lang='lat' dir='ltr'><strong>cum</strong></span> <span class='ocrx_word' id='word_1_214' title='bbox 886 1570 1197 1609; x_wconf 88' lang='lat' dir='ltr'><strong>mansuetudine.</strong></span> <span class='ocrx_word' id='word_1_215' title='bbox 1237 1570 1363 1609; x_wconf 89' lang='lat' dir='ltr'><strong>omnis</strong></span> <span class='ocrx_word' id='word_1_216' title='bbox 1389 1571 1491 1609; x_wconf 91' lang='lat' dir='ltr'><strong>enim</strong></span> <span class='ocrx_word' id='word_1_217' title='bbox 1518 1581 1568 1609; x_wconf 88' lang='lat' dir='ltr'><strong>ex</strong></span> 
     </span>
     <span class='ocr_line' id='line_1_27' title="bbox 314 1623 776 1664; baseline 0.002 -3"><span class='ocrx_word' id='word_1_218' title='bbox 314 1623 533 1663; x_wconf 89' lang='lat' dir='ltr'><strong>infirmitate</strong></span> <span class='ocrx_word' id='word_1_219' title='bbox 551 1624 684 1663; x_wconf 86' lang='lat' dir='ltr'><strong>feritas</strong></span> <span class='ocrx_word' id='word_1_220' title='bbox 704 1630 776 1664; x_wconf 91' lang='lat' dir='ltr'><strong>est.</strong></span> 
     </span>
    </p>

    <p class='ocr_par' dir='ltr' id='par_1_3' title="bbox 276 1677 1565 2326">
     <span class='ocr_line' id='line_1_28' title="bbox 391 1677 1565 1727; baseline 0 -10"><span class='ocrx_word' id='word_1_221' title='bbox 391 1679 458 1717; x_wconf 88' lang='lat' dir='ltr'><strong>IV.</strong></span> <span class='ocrx_word' id='word_1_222' title='bbox 496 1679 674 1718; x_wconf 91' lang='lat' dir='ltr'><strong>Potest</strong></span> <span class='ocrx_word' id='word_1_223' title='bbox 710 1679 862 1717; x_wconf 87' lang='lat' dir='ltr'><strong>aliter</strong></span> <span class='ocrx_word' id='word_1_224' title='bbox 902 1689 1103 1727; x_wconf 85' lang='lat' dir='ltr'><strong>quoque</strong></span> <span class='ocrx_word' id='word_1_225' title='bbox 1143 1678 1350 1717; x_wconf 86' lang='lat' dir='ltr'><strong>definiri</strong></span> <span class='ocrx_word' id='word_1_226' title='bbox 1388 1677 1565 1717; x_wconf 89' lang='lat' dir='ltr'><strong>bonum</strong></span> 
     </span>
     <span class='ocr_line' id='line_1_29' title="bbox 314 1732 1565 1781; baseline -0.001 -10"><span class='ocrx_word' id='word_1_227' title='bbox 314 1737 557 1780; x_wconf 89' lang='lat' dir='ltr'><strong>nostrum,</strong></span> <span class='ocrx_word' id='word_1_228' title='bbox 589 1732 631 1771; x_wconf 90' lang='lat' dir='ltr'><strong>id</strong></span> <span class='ocrx_word' id='word_1_229' title='bbox 657 1739 718 1772; x_wconf 86' lang='lat' dir='ltr'><strong>est</strong></span> <span class='ocrx_word' id='word_1_230' title='bbox 739 1733 878 1771; x_wconf 87' lang='lat' dir='ltr'><strong>eadem</strong></span> <span class='ocrx_word' id='word_1_231' title='bbox 906 1733 1097 1772; x_wconf 86' lang='lat' dir='ltr'><strong>sententia</strong></span> <span class='ocrx_word' id='word_1_232' title='bbox 1123 1743 1201 1772; x_wconf 90' lang='lat' dir='ltr'><strong>non</strong></span> <span class='ocrx_word' id='word_1_233' title='bbox 1233 1733 1373 1771; x_wconf 89' lang='lat' dir='ltr'><strong>iisdem</strong></span> <span class='ocrx_word' id='word_1_234' title='bbox 1401 1742 1565 1781; x_wconf 89' lang='lat' dir='ltr'><strong>conpre-</strong></span> 
     </span>
     <span class='ocr_line' id='line_1_30' title="bbox 312 1786 1564 1835; baseline 0.002 -11"><span class='ocrx_word' id='word_1_235' title='bbox 312 1787 432 1825; x_wconf 89' lang='lat' dir='ltr'><strong>hendi</strong></span> <span class='ocrx_word' id='word_1_236' title='bbox 476 1787 622 1826; x_wconf 88' lang='lat' dir='ltr'><strong>verbis.</strong></span> <span class='ocrx_word' id='word_1_237' title='bbox 682 1787 1015 1835; x_wconf 82' lang='lat' dir='ltr'><strong>Quemadmodum</strong></span> <span class='ocrx_word' id='word_1_238' title='bbox 1060 1788 1163 1825; x_wconf 91' lang='lat' dir='ltr'><strong>idem</strong></span> <span class='ocrx_word' id='word_1_239' title='bbox 1209 1786 1403 1825; x_wconf 86' lang='lat' dir='ltr'><strong>exercitus</strong></span> <span class='ocrx_word' id='word_1_240' title='bbox 1446 1788 1564 1826; x_wconf 83' lang='lat' dir='ltr'><strong>modo</strong></span> 
     </span>
     <span class='ocr_line' id='line_1_31' title="bbox 312 1840 1565 1890; baseline 0 -11"><span class='ocrx_word' id='word_1_241' title='bbox 312 1840 426 1879; x_wconf 87' lang='lat' dir='ltr'><strong>latius</strong></span> <span class='ocrx_word' id='word_1_242' title='bbox 453 1842 656 1890; x_wconf 88' lang='lat' dir='ltr'><strong>panditur,</strong></span> <span class='ocrx_word' id='word_1_243' title='bbox 690 1842 808 1881; x_wconf 90' lang='lat' dir='ltr'><strong>modo</strong></span> <span class='ocrx_word' id='word_1_244' title='bbox 841 1842 882 1879; x_wconf 90' lang='lat' dir='ltr'><strong>in</strong></span> <span class='ocrx_word' id='word_1_245' title='bbox 915 1847 1121 1890; x_wconf 85' lang='lat' dir='ltr'><strong>angustum</strong></span> <span class='ocrx_word' id='word_1_246' title='bbox 1148 1846 1342 1880; x_wconf 87' lang='lat' dir='ltr'><strong>coartatur</strong></span> <span class='ocrx_word' id='word_1_247' title='bbox 1369 1846 1407 1879; x_wconf 87' lang='lat' dir='ltr'><strong>et</strong></span> <span class='ocrx_word' id='word_1_248' title='bbox 1435 1847 1502 1879; x_wconf 86' lang='lat' dir='ltr'><strong>aut</strong></span> <span class='ocrx_word' id='word_1_249' title='bbox 1526 1842 1565 1879; x_wconf 92' lang='lat' dir='ltr'><strong>in</strong></span> 
     </span>
     <span class='ocr_line' id='line_1_32' title="bbox 314 1896 1565 1944; baseline 0.001 -11"><span class='ocrx_word' id='word_1_250' title='bbox 314 1906 462 1934; x_wconf 85' lang='lat' dir='ltr'><strong>cornua</strong></span> <span class='ocrx_word' id='word_1_251' title='bbox 495 1897 651 1935; x_wconf 85' lang='lat' dir='ltr'><strong>sinuata</strong></span> <span class='ocrx_word' id='word_1_252' title='bbox 681 1896 810 1935; x_wconf 87' lang='lat' dir='ltr'><strong>media</strong></span> <span class='ocrx_word' id='word_1_253' title='bbox 844 1901 957 1944; x_wconf 88' lang='lat' dir='ltr'><strong>parte</strong></span> <span class='ocrx_word' id='word_1_254' title='bbox 987 1900 1170 1935; x_wconf 87' lang='lat' dir='ltr'><strong>curvatur</strong></span> <span class='ocrx_word' id='word_1_255' title='bbox 1201 1899 1266 1934; x_wconf 89' lang='lat' dir='ltr'><strong>aut</strong></span> <span class='ocrx_word' id='word_1_256' title='bbox 1298 1900 1406 1934; x_wconf 86' lang='lat' dir='ltr'><strong>recta</strong></span> <span class='ocrx_word' id='word_1_257' title='bbox 1438 1897 1565 1934; x_wconf 79' lang='lat' dir='ltr'><strong>fronte</strong></span> 
     </span>
     <span class='ocr_line' id='line_1_33' title="bbox 314 1950 1565 1999; baseline 0.002 -12"><span class='ocrx_word' id='word_1_258' title='bbox 314 1950 541 1999; x_wconf 84' lang='lat' dir='ltr'><strong>explicatur,</strong></span> <span class='ocrx_word' id='word_1_259' title='bbox 562 1951 623 1989; x_wconf 91' lang='lat' dir='ltr'><strong>vis</strong></span> <span class='ocrx_word' id='word_1_260' title='bbox 644 1951 716 1998; x_wconf 92' lang='lat' dir='ltr'><strong>illi,</strong></span> <span class='ocrx_word' id='word_1_261' title='bbox 739 1955 952 1998; x_wconf 89' lang='lat' dir='ltr'><strong>utcumque</strong></span> <span class='ocrx_word' id='word_1_262' title='bbox 973 1951 1174 1989; x_wconf 88' lang='lat' dir='ltr'><strong>ordinatus</strong></span> <span class='ocrx_word' id='word_1_263' title='bbox 1194 1955 1272 1997; x_wconf 89' lang='lat' dir='ltr'><strong>est,</strong></span> <span class='ocrx_word' id='word_1_264' title='bbox 1293 1950 1431 1988; x_wconf 82' lang='lat' dir='ltr'><strong>eadem</strong></span> <span class='ocrx_word' id='word_1_265' title='bbox 1450 1956 1510 1989; x_wconf 82' lang='lat' dir='ltr'><strong>est</strong></span> <span class='ocrx_word' id='word_1_266' title='bbox 1528 1956 1565 1989; x_wconf 86' lang='lat' dir='ltr'><strong>et</strong></span> 
     </span>
     <span class='ocr_line' id='line_1_34' title="bbox 315 2004 1564 2054; baseline 0.002 -15"><span class='ocrx_word' id='word_1_267' title='bbox 315 2004 494 2043; x_wconf 84' lang='lat' dir='ltr'><strong>voluntas</strong></span> <span class='ocrx_word' id='word_1_268' title='bbox 527 2016 600 2054; x_wconf 88' lang='lat' dir='ltr'><strong>pro</strong></span> <span class='ocrx_word' id='word_1_269' title='bbox 630 2004 770 2044; x_wconf 91' lang='lat' dir='ltr'><strong>iisdem</strong></span> <span class='ocrx_word' id='word_1_270' title='bbox 803 2005 980 2053; x_wconf 87' lang='lat' dir='ltr'><strong>partibus</strong></span> <span class='ocrx_word' id='word_1_271' title='bbox 1009 2004 1154 2044; x_wconf 81' lang='lat' dir='ltr'><strong>standi:</strong></span> <span class='ocrx_word' id='word_1_272' title='bbox 1196 2004 1249 2042; x_wconf 87' lang='lat' dir='ltr'><strong>ita</strong></span> <span class='ocrx_word' id='word_1_273' title='bbox 1274 2004 1396 2043; x_wconf 84' lang='lat' dir='ltr'><strong>finitio</strong></span> <span class='ocrx_word' id='word_1_274' title='bbox 1426 2004 1564 2043; x_wconf 88' lang='lat' dir='ltr'><strong>summi</strong></span> 
     </span>
     <span class='ocr_line' id='line_1_35' title="bbox 313 2057 1562 2108; baseline 0.002 -14"><span class='ocrx_word' id='word_1_275' title='bbox 313 2057 407 2096; x_wconf 91' lang='lat' dir='ltr'><strong>boni</strong></span> <span class='ocrx_word' id='word_1_276' title='bbox 425 2058 521 2097; x_wconf 87' lang='lat' dir='ltr'><strong>alias</strong></span> <span class='ocrx_word' id='word_1_277' title='bbox 542 2059 708 2099; x_wconf 80' lang='lat' dir='ltr'><strong>diffundi</strong></span> <span class='ocrx_word' id='word_1_278' title='bbox 736 2065 869 2108; x_wconf 89' lang='lat' dir='ltr'><strong>potest</strong></span> <span class='ocrx_word' id='word_1_279' title='bbox 894 2064 932 2099; x_wconf 88' lang='lat' dir='ltr'><strong>et</strong></span> <span class='ocrx_word' id='word_1_280' title='bbox 950 2059 1167 2108; x_wconf 84' lang='lat' dir='ltr'><strong>exporrigi,</strong></span> <span class='ocrx_word' id='word_1_281' title='bbox 1194 2058 1291 2097; x_wconf 87' lang='lat' dir='ltr'><strong>alias</strong></span> <span class='ocrx_word' id='word_1_282' title='bbox 1318 2059 1447 2106; x_wconf 83' lang='lat' dir='ltr'><strong>colligi</strong></span> <span class='ocrx_word' id='word_1_283' title='bbox 1465 2062 1504 2096; x_wconf 90' lang='lat' dir='ltr'><strong>et</strong></span> <span class='ocrx_word' id='word_1_284' title='bbox 1523 2057 1562 2096; x_wconf 89' lang='lat' dir='ltr'><strong>in</strong></span> 
     </span>
     <span class='ocr_line' id='line_1_36' title="bbox 276 2112 1562 2162; baseline 0.001 -13"><span class='ocrx_word' id='word_1_285' title='bbox 276 2117 298 2150; x_wconf 82' lang='lat'><strong>2</strong></span> <span class='ocrx_word' id='word_1_286' title='bbox 314 2121 358 2149; x_wconf 88' lang='lat' dir='ltr'><strong>se</strong></span> <span class='ocrx_word' id='word_1_287' title='bbox 388 2112 488 2159; x_wconf 80' lang='lat' dir='ltr'><strong>cogi.</strong></span> <span class='ocrx_word' id='word_1_288' title='bbox 535 2113 644 2152; x_wconf 90' lang='lat' dir='ltr'><strong>Idem</strong></span> <span class='ocrx_word' id='word_1_289' title='bbox 670 2113 802 2162; x_wconf 88' lang='lat' dir='ltr'><strong>itaque</strong></span> <span class='ocrx_word' id='word_1_290' title='bbox 828 2114 918 2161; x_wconf 90' lang='lat' dir='ltr'><strong>erit,</strong></span> <span class='ocrx_word' id='word_1_291' title='bbox 953 2114 986 2153; x_wconf 92' lang='lat' dir='ltr'><strong>si</strong></span> <span class='ocrx_word' id='word_1_292' title='bbox 1013 2114 1168 2152; x_wconf 85' lang='lat' dir='ltr'><strong>dixero:</strong></span> <span class='ocrx_word' id='word_1_293' title='bbox 1198 2124 1392 2151; x_wconf 87' lang='lat' dir='ltr'><strong>summum</strong></span> <span class='ocrx_word' id='word_1_294' title='bbox 1418 2113 1562 2151; x_wconf 88' lang='lat' dir='ltr'><strong>bonum</strong></span> 
     </span>
     <span class='ocr_line' id='line_1_37' title="bbox 314 2165 1564 2217; baseline 0.001 -14"><span class='ocrx_word' id='word_1_295' title='bbox 314 2170 376 2204; x_wconf 88' lang='lat' dir='ltr'><strong>est</strong></span> <span class='ocrx_word' id='word_1_296' title='bbox 395 2167 547 2206; x_wconf 87' lang='lat' dir='ltr'><strong>animus</strong></span> <span class='ocrx_word' id='word_1_297' title='bbox 567 2168 722 2207; x_wconf 82' lang='lat' dir='ltr'><strong>fortuita</strong></span> <span class='ocrx_word' id='word_1_298' title='bbox 742 2168 978 2217; x_wconf 88' lang='lat' dir='ltr'><strong>despiciens,</strong></span> <span class='ocrx_word' id='word_1_299' title='bbox 1003 2167 1140 2206; x_wconf 88' lang='lat' dir='ltr'><strong>virtute</strong></span> <span class='ocrx_word' id='word_1_300' title='bbox 1159 2167 1296 2215; x_wconf 86' lang='lat' dir='ltr'><strong>laetus,</strong></span> <span class='ocrx_word' id='word_1_301' title='bbox 1317 2172 1401 2206; x_wconf 87' lang='lat' dir='ltr'><strong>aut=</strong></span> <span class='ocrx_word' id='word_1_302' title='bbox 1419 2165 1564 2205; x_wconf 85' lang='lat' dir='ltr'><strong>invicta</strong></span> 
     </span>
     <span class='ocr_line' id='line_1_38' title="bbox 314 2220 1562 2271; baseline 0.001 -14"><span class='ocrx_word' id='word_1_303' title='bbox 314 2220 374 2257; x_wconf 81' lang='lat' dir='ltr'><strong>vis</strong></span> <span class='ocrx_word' id='word_1_304' title='bbox 395 2220 530 2267; x_wconf 88' lang='lat' dir='ltr'><strong>animi,</strong></span> <span class='ocrx_word' id='word_1_305' title='bbox 559 2223 683 2269; x_wconf 83' lang='lat' dir='ltr'><strong>perita</strong></span> <span class='ocrx_word' id='word_1_306' title='bbox 701 2233 848 2271; x_wconf 88' lang='lat' dir='ltr'><strong>rerum,</strong></span> <span class='ocrx_word' id='word_1_307' title='bbox 876 2223 1031 2271; x_wconf 85' lang='lat' dir='ltr'><strong>placida</strong></span> <span class='ocrx_word' id='word_1_308' title='bbox 1056 2221 1093 2260; x_wconf 91' lang='lat' dir='ltr'><strong>in</strong></span> <span class='ocrx_word' id='word_1_309' title='bbox 1114 2226 1203 2260; x_wconf 88' lang='lat' dir='ltr'><strong>actu</strong></span> <span class='ocrx_word' id='word_1_310' title='bbox 1222 2233 1309 2260; x_wconf 81' lang='lat' dir='ltr'><strong>cum</strong></span> <span class='ocrx_word' id='word_1_311' title='bbox 1327 2221 1562 2261; x_wconf 83' lang='lat' dir='ltr'><strong>humanitate</strong></span> 
     </span>
     <span class='ocr_line' id='line_1_39' title="bbox 315 2274 1561 2326; baseline 0.001 -14"><span class='ocrx_word' id='word_1_312' title='bbox 315 2274 434 2313; x_wconf 86' lang='lat' dir='ltr'><strong>multa</strong></span> <span class='ocrx_word' id='word_1_313' title='bbox 453 2279 491 2313; x_wconf 92' lang='lat' dir='ltr'><strong>et</strong></span> <span class='ocrx_word' id='word_1_314' title='bbox 511 2278 824 2317; x_wconf 88' lang='lat' dir='ltr'><strong>conversantium</strong></span> <span class='ocrx_word' id='word_1_315' title='bbox 844 2287 947 2317; x_wconf 87' lang='lat' dir='ltr'><strong>cura.</strong></span> <span class='ocrx_word' id='word_1_316' title='bbox 976 2276 1068 2315; x_wconf 87' lang='lat' dir='ltr'><strong>libet</strong></span> <span class='ocrx_word' id='word_1_317' title='bbox 1086 2276 1192 2315; x_wconf 82' lang='lat' dir='ltr'><strong>etita</strong></span> <span class='ocrx_word' id='word_1_318' title='bbox 1207 2276 1330 2326; x_wconf 80' lang='lat' dir='ltr'><strong>finire,</strong></span> <span class='ocrx_word' id='word_1_319' title='bbox 1350 2280 1391 2315; x_wconf 89' lang='lat' dir='ltr'><strong>ut</strong></span> <span class='ocrx_word' id='word_1_320' title='bbox 1405 2275 1561 2315; x_wconf 87' lang='lat' dir='ltr'><strong>beatum</strong></span> 
     </span>
    </p>
   </div>
  </div>
 </body>
</html>
