1624 2626
134 170 500 212 CONTUMELIAM
518 170 769 210 ACCIPERE
790 169 1089 209 SAPIENTEM.
1107 169 1161 208 IX
1174 191 1218 197 -—-
1230 165 1314 207 XII.
1343 165 1398 208 27

102 275 265 324 quidem
282 284 359 313 nec
380 274 578 313 adversus
599 284 646 312 ea
668 273 786 312 solita
804 271 870 311 illa
889 272 1034 311 virtute
1060 271 1182 311 utitur
1210 271 1312 310 dura
1340 276 1398 310 to-

99 331 270 378 lerandi,
291 331 367 369 sed
386 335 455 369 aut
473 341 553 369 non
575 330 740 369 adnotat
759 333 827 368 aut
847 329 968 377 digua
989 329 1074 367 risu
1098 332 1220 377 putat.

186 386 252 425 XI.
297 386 508 426 Praeterea
536 397 626 424 cum
660 395 845 434 magnam
880 389 1034 434 partem
1069 383 1398 423 contumeliarum
1416 388 1434 421 1

101 443 267 491 superbi
287 442 591 491 insolentesque
610 442 758 480 saciant
777 445 816 480 et
834 441 938 480 male
959 439 1187 479 felicitatem
1209 441 1397 487 serentes,

101 498 222 537 habet
243 509 322 547 quo
343 499 463 537 istum
478 498 678 536 adfectum
699 497 878 536 inflatum
892 501 1069 546 respuat,
1088 495 1398 545 pulcherrimam

99 555 282 593 virtutem
303 555 476 593 omnium
500 553 672 602 [animi],
700 553 1086 601 magnanimitatem:
1116 552 1184 591 illa
1206 551 1400 602 quicquid

102 610 300 651 eiusmodi
333 615 414 658 est,
449 610 685 648 transcurrit
716 614 760 648 ut
793 618 920 648 vanas
957 607 1119 658 species
1148 608 1397 648 somniorum

100 667 298 715 visusque
325 671 546 705 nocturnos
577 665 675 704 nibil
701 665 885 704 habentis
905 664 1024 705 solidi
1046 669 1168 714 atque
1187 663 1286 703 veri.
1336 662 1396 702 Si·
1414 670 1436 704 2

100 723 182 761 mul
201 722 299 760 illud
319 723 479 770 cogitat,
502 732 642 761 omnes
665 721 873 761 inferiores
895 731 1000 769 esse,
1018 731 1138 770 quam
1160 725 1204 760 ut
1225 721 1302 759 illis
1327 730 1397 758 au·

102 776 218 817 dacia
246 778 297 816 sit
321 783 430 817 tanto
451 778 678 816 excelsiora
705 778 930 826 despicere.
980 777 1226 816 Contumelia
1254 787 1277 815 a
1300 786 1393 815 con-

101 838 253 882 temptu
282 834 388 872 dicta
415 839 495 881 est,
532 834 627 882 quia
655 844 772 873 nemo
799 834 877 872 nisi
898 843 1016 883 quem
1037 832 1298 881 contempsit,
1333 831 1401 870 tali

102 889 245 928 iniuria
264 894 387 928 notat.
417 900 535 928 nemo
556 894 688 928 autem
709 889 900 928 maiorem
918 890 1207 938 melioremque
1222 892 1399 928 contem-

102 945 170 993 nit,
191 945 308 983 etiam
330 945 364 984 si
386 945 480 984 facit
497 945 662 994 aliquid,
685 946 796 994 quod
816 950 1120 984 contemnentes
1138 945 1269 984 solent
1279 954 1401 994 :lnam

104 1006 143 1040 et
165 1001 278 1050 pueri
306 1011 353 1040 os
385 997 594 1049 parentum
614 1001 760 1040 feriunt
779 1006 818 1040 et
838 1002 970 1040 crines
993 1001 1131 1039 matris
1151 1000 1325 1040 turbavit
1344 1001 1400 1038 la-

105 1057 336 1106 ceravitque
370 1056 501 1095 infans
532 1061 570 1095 et
597 1061 719 1105 sputo
746 1056 952 1106 adspersit
971 1061 1038 1095 aut
1056 1056 1225 1095 nudavit
1242 1055 1283 1094 in
1305 1066 1400 1095 con-

104 1116 248 1160 spectu
268 1123 433 1151 suorum
455 1113 629 1161 tegenda
649 1117 689 1151 et
707 1112 842 1151 verbis
864 1112 1200 1152 obscoenioribus
1227 1122 1307 1150 non
1331 1123 1399 1161 pe·

102 1168 240 1216 percit.
277 1173 316 1207 et
334 1167 430 1206 nibil
450 1168 592 1207 horum
614 1168 896 1207 contumeliam
916 1169 1101 1208 dicimus.
1132 1173 1287 1218 quare?
1305 1169 1403 1219 quia

103 1225 171 1272 qui
191 1224 304 1272 fecit,
327 1228 584 1262 contemnere
604 1234 684 1262 non
707 1230 853 1274 potest.
900 1225 1054 1263 Eadem
1075 1235 1202 1263 causa
1222 1230 1304 1271 est,
1329 1235 1400 1263 cur
1416 1231 1438 1267 3

101 1290 178 1318 nos
197 1279 489 1329 mancipiorum
509 1286 738 1319 nostrorum
759 1281 966 1320 urbanitas
987 1281 1026 1319 in
1048 1280 1237 1320 dominos
1259 1286 1399 1320 contu-

103 1335 274 1375 meliosa
295 1336 484 1383 delectet,
508 1346 678 1385 quorum
701 1337 871 1375 audacia
891 1336 944 1375 ita
965 1337 1125 1376 demum
1147 1336 1223 1375 sibi
1243 1335 1282 1375 in
1306 1348 1400 1376 con-

104 1391 217 1430 vivas
237 1391 299 1430 ius
322 1391 426 1439 facit,
456 1391 490 1430 si
511 1392 646 1440 coepit
666 1403 689 1430 a
710 1393 884 1431 domino.
944 1397 983 1431 et
1019 1398 1062 1432 ut
1097 1393 1272 1442 quisque
1307 1404 1401 1431 con-

102 1446 392 1495 temptissimus
407 1452 447 1486 et
463 1451 534 1495 [ut]
552 1448 764 1487 ludibrium
783 1454 855 1496 est,
874 1449 928 1487 ita
947 1449 1220 1488 solutissimae
1241 1450 1402 1497 linguae

106 1507 179 1540 est.
220 1501 373 1542 Pueros
398 1503 558 1552 quidam
588 1503 626 1542 in
659 1504 736 1543 hoc
765 1509 993 1543 mercantur
1022 1515 1218 1554 procaces
1249 1510 1288 1543 et
1316 1505 1401 1543 illo-

103 1567 191 1596 rum
219 1557 489 1606 inpudentiam
521 1565 670 1599 acuunt
702 1571 749 1599 ac
782 1561 858 1599 sub
893 1561 1086 1609 magistro
1123 1561 1293 1610 habent,
1333 1560 1403 1610 qui

106 1612 255 1662 probra
274 1614 459 1653 meditate
478 1614 699 1662 effundunt,
718 1627 795 1655 nec
816 1616 891 1655 has
912 1617 1175 1656 contumelias
1191 1627 1400 1663 vocamus,

105 1668 182 1707 sed
213 1669 411 1716 argutias:
452 1676 599 1718 quanta
627 1676 758 1710 autem
788 1672 989 1712 dementia
1015 1678 1078 1712 est
1105 1672 1249 1711 iisdem
1278 1673 1399 1712 modo

106 1724 316 1772 delectari,
350 1724 471 1763 modo
508 1725 657 1765 offendi
677 1732 716 1765 et
733 1739 818 1767 rem
840 1729 891 1767 ab
913 1729 1042 1768 amico
1065 1729 1210 1768 dictam
1236 1729 1400 1767 maledi-

105 1784 211 1819 ctum
230 1790 393 1827 vocare,
415 1791 438 1818 a
459 1783 620 1820 servulo
640 1783 817 1822 ioculare
837 1784 1094 1824 convicium?

186 1835 295 1874 0X11.
340 1835 464 1884 Quem
491 1837 665 1876 animum
693 1849 768 1878 nos
797 1840 996 1879 adversus
1018 1851 1170 1890 pueros
1190 1840 1400 1889 habemus,
1419 1842 1437 1876 1

104 1891 211 1930 hunc
230 1892 396 1941 sapiens
418 1893 616 1932 adversus
639 1905 798 1942 omnes,
830 1897 978 1945 quibus
1006 1897 1123 1935 etiam
1147 1901 1243 1945 post
1261 1895 1398 1935 iuven-

104 1951 184 1986 tam
205 1957 414 1997 canosque
441 1949 644 1997 puerilitas
666 1956 739 1989 est.
788 1962 838 1990 an
871 1953 1089 2001 quicquam
1123 1952 1188 1990 isti
1216 1953 1399 2001 prosece-

102 2007 205 2052 runt,
229 2003 374 2053 quibus
405 2018 431 2037 ἰ
458 2005 578 2043 animi
594 2006 697 2044 mala
712 2012 804 2046 sunt
818 2008 1007 2057 auctique
1025 2009 1062 2046 in
1078 2008 1208 2047 maius
1225 2019 1398 2057 errores,

105 2059 174 2108 qui
195 2071 219 2098 a
239 2060 375 2109 pueris
395 2061 668 2109 magnitudine
688 2067 838 2102 tantum
855 2064 1066 2112 formaque
1087 2074 1302 2113 corporum
1324 2065 1400 2114 dif-

104 2115 254 2163 ferunt,
286 2121 461 2155 ceterum
487 2128 568 2156 non
593 2117 724 2156 minus
745 2119 836 2167 vagi
864 2119 1104 2168 incertique,
1133 2121 1401 2170 voluptatium

106 2168 192 2209 sine
213 2171 372 2210 delectu
391 2172 649 2221 adpetentes,
685 2174 829 2222 trepidi
850 2179 889 2212 et
909 2186 990 2214 non
1010 2175 1189 2224 ingenio,
1223 2178 1297 2215 sed
1319 2177 1399 2215 for-

103 2226 252 2264 midine
275 2227 425 2276 quieti?
467 2228 554 2268 Non
578 2229 669 2267 ideo
693 2230 908 2278 quicquam
929 2231 1137 2271 interillos
1162 2243 1399 2282 puerosque
1415 2234 1437 2268 2

104 2282 413 2332 interessequis
435 2283 591 2332 dixerit,
615 2285 725 2333 quod
745 2285 820 2323 illis
837 2286 1004 2325 talorum
1018 2298 1218 2326 nucumve
1233 2293 1274 2328 et
1292 2289 1400 2328 aeris

103 2337 242 2377 minuti
260 2339 427 2378 avaritia
447 2344 526 2387 est,
558 2340 621 2380 his
651 2341 737 2380 auri
764 2341 999 2392 argentique
1019 2348 1058 2384 et
1075 2344 1246 2384 urbium.
1288 2346 1400 2395 quod
