<?xml version="1.0" encoding="UTF-8"?>
<!DOCTYPE html PUBLIC "-//W3C//DTD XHTML 1.0 Transitional//EN"
    "http://www.w3.org/TR/xhtml1/DTD/xhtml1-transitional.dtd">
<html xmlns="http://www.w3.org/1999/xhtml" xml:lang="en" lang="en">
 <head>
  <title>
</title>
<meta http-equiv="Content-Type" content="text/html;charset=utf-8" />
  <meta name='ocr-system' content='tesseract 3.04.00' />
  <meta name='ocr-capabilities' content='ocr_page ocr_carea ocr_par ocr_line ocrx_word'/>
</head>
<body>
  <div class='ocr_page' id='page_1' title='image "./operaquaesupersu01seneuoft/operaquaesupersu01seneuoft_0540.png"; bbox 0 0 1592 2580; ppageno 0'>
   <div class='ocr_carea' id='block_1_1' title="bbox 280 188 1164 234">
    <p class='ocr_par' dir='ltr' id='par_1_1' title="bbox 280 188 1164 234">
     <span class='ocr_line' id='line_1_1' title="bbox 280 188 1164 234; baseline -0.009 0"><span class='ocrx_word' id='word_1_1' title='bbox 280 192 362 234; x_wconf 82' lang='lat'>214</span> <span class='ocrx_word' id='word_1_2' title='bbox 653 191 695 228; x_wconf 94' lang='lat' dir='ltr'>L.</span> <span class='ocrx_word' id='word_1_3' title='bbox 722 189 909 228; x_wconf 81' lang='lat' dir='ltr'><strong>ANNAEI</strong></span> <span class='ocrx_word' id='word_1_4' title='bbox 938 188 1164 227; x_wconf 84' lang='lat' dir='ltr'><strong>SENECAE</strong></span> 
     </span>
    </p>
   </div>
   <div class='ocr_carea' id='block_1_2' title="bbox 225 283 1552 2350">
    <p class='ocr_par' dir='ltr' id='par_1_2' title="bbox 225 283 1552 2350">
     <span class='ocr_line' id='line_1_2' title="bbox 275 283 1533 335; baseline -0.007 -5"><span class='ocrx_word' id='word_1_5' title='bbox 275 291 438 329; x_wconf 90' lang='lat' dir='ltr'>muisse.</span> <span class='ocrx_word' id='word_1_6' title='bbox 475 287 783 327; x_wconf 81' lang='lat' dir='ltr'><strong>Innumerabiles</strong></span> <span class='ocrx_word' id='word_1_7' title='bbox 804 292 917 334; x_wconf 86' lang='lat' dir='ltr'>sunt,</span> <span class='ocrx_word' id='word_1_8' title='bbox 939 286 1006 335; x_wconf 92' lang='lat' dir='ltr'>qui</span> <span class='ocrx_word' id='word_1_9' title='bbox 1026 287 1217 335; x_wconf 88' lang='lat' dir='ltr'>populos,</span> <span class='ocrx_word' id='word_1_10' title='bbox 1242 285 1308 334; x_wconf 92' lang='lat' dir='ltr'>qui</span> <span class='ocrx_word' id='word_1_11' title='bbox 1327 283 1447 323; x_wconf 90' lang='lat' dir='ltr'>urbes</span> <span class='ocrx_word' id='word_1_12' title='bbox 1465 284 1533 322; x_wconf 85' lang='lat' dir='ltr'>ha-</span> 
     </span>
     <span class='ocr_line' id='line_1_3' title="bbox 225 340 1532 391; baseline -0.006 -7"><span class='ocrx_word' id='word_1_13' title='bbox 225 347 444 389; x_wconf 85' lang='lat' dir='ltr'>11buerunt</span> <span class='ocrx_word' id='word_1_14' title='bbox 461 341 500 382; x_wconf 91' lang='lat' dir='ltr'>in</span> <span class='ocrx_word' id='word_1_15' title='bbox 522 347 718 391; x_wconf 78' lang='lat' dir='ltr'>potestate</span> <span class='ocrx_word' id='word_1_16' title='bbox 733 372 742 390; x_wconf 97' lang='lat'>,</span> <span class='ocrx_word' id='word_1_17' title='bbox 764 341 1013 391; x_wconf 84' lang='lat' dir='ltr'>paucissimi,</span> <span class='ocrx_word' id='word_1_18' title='bbox 1037 340 1104 388; x_wconf 88' lang='lat' dir='ltr'>qui</span> <span class='ocrx_word' id='word_1_19' title='bbox 1123 350 1180 379; x_wconf 89' lang='lat' dir='ltr'>se.</span> <span class='ocrx_word' id='word_1_20' title='bbox 1217 340 1317 388; x_wconf 84' lang='lat' dir='ltr'>Quid</span> <span class='ocrx_word' id='word_1_21' title='bbox 1337 344 1398 378; x_wconf 86' lang='lat' dir='ltr'>est</span> <span class='ocrx_word' id='word_1_22' title='bbox 1420 348 1532 387; x_wconf 83' lang='lat' dir='ltr'>prae-</span> 
     </span>
     <span class='ocr_line' id='line_1_4' title="bbox 278 395 1535 448; baseline -0.006 -9"><span class='ocrx_word' id='word_1_23' title='bbox 278 400 464 448; x_wconf 69' lang='lat' dir='ltr'>cipuum?</span> <span class='ocrx_word' id='word_1_24' title='bbox 490 398 640 446; x_wconf 79' lang='lat' dir='ltr'>erigere</span> <span class='ocrx_word' id='word_1_25' title='bbox 661 397 831 435; x_wconf 85' lang='lat' dir='ltr'>animum</span> <span class='ocrx_word' id='word_1_26' title='bbox 851 406 973 444; x_wconf 89' lang='lat' dir='ltr'>supra</span> <span class='ocrx_word' id='word_1_27' title='bbox 999 395 1124 433; x_wconf 86' lang='lat' dir='ltr'>minas</span> <span class='ocrx_word' id='word_1_28' title='bbox 1142 399 1182 433; x_wconf 90' lang='lat' dir='ltr'>et</span> <span class='ocrx_word' id='word_1_29' title='bbox 1200 395 1396 443; x_wconf 86' lang='lat' dir='ltr'>promissa</span> <span class='ocrx_word' id='word_1_30' title='bbox 1414 395 1535 432; x_wconf 81' lang='lat' dir='ltr'>fortu-</span> 
     </span>
     <span class='ocr_line' id='line_1_5' title="bbox 276 447 1536 502; baseline -0.006 -10"><span class='ocrx_word' id='word_1_31' title='bbox 276 465 371 502; x_wconf 89' lang='lat' dir='ltr'>nae,</span> <span class='ocrx_word' id='word_1_32' title='bbox 392 453 486 492; x_wconf 88' lang='lat' dir='ltr'>nihil</span> <span class='ocrx_word' id='word_1_33' title='bbox 503 453 662 500; x_wconf 80' lang='lat' dir='ltr'>dignum</span> <span class='ocrx_word' id='word_1_34' title='bbox 678 452 781 489; x_wconf 90' lang='lat' dir='ltr'>illam</span> <span class='ocrx_word' id='word_1_35' title='bbox 800 451 948 488; x_wconf 81' lang='lat' dir='ltr'>habere</span> <span class='ocrx_word' id='word_1_36' title='bbox 967 455 1123 498; x_wconf 82' lang='lat' dir='ltr'>putare,</span> <span class='ocrx_word' id='word_1_37' title='bbox 1140 450 1247 498; x_wconf 91' lang='lat' dir='ltr'>quod</span> <span class='ocrx_word' id='word_1_38' title='bbox 1263 459 1423 497; x_wconf 82' lang='lat' dir='ltr'>speres:</span> <span class='ocrx_word' id='word_1_39' title='bbox 1442 447 1536 496; x_wconf 90' lang='lat' dir='ltr'>quid</span> 
     </span>
     <span class='ocr_line' id='line_1_6' title="bbox 278 502 1534 555; baseline -0.006 -8"><span class='ocrx_word' id='word_1_40' title='bbox 278 510 382 547; x_wconf 90' lang='lat' dir='ltr'>enim</span> <span class='ocrx_word' id='word_1_41' title='bbox 402 508 521 546; x_wconf 85' lang='lat' dir='ltr'>habet</span> <span class='ocrx_word' id='word_1_42' title='bbox 539 506 720 555; x_wconf 86' lang='lat' dir='ltr'>dignum,</span> <span class='ocrx_word' id='word_1_43' title='bbox 743 506 850 554; x_wconf 90' lang='lat' dir='ltr'>quod</span> <span class='ocrx_word' id='word_1_44' title='bbox 871 504 1163 553; x_wconf 70' lang='lat' dir='ltr'>concupiscas?</span> <span class='ocrx_word' id='word_1_45' title='bbox 1182 503 1249 551; x_wconf 85' lang='lat' dir='ltr'>qui</span> <span class='ocrx_word' id='word_1_46' title='bbox 1269 514 1293 541; x_wconf 86' lang='lat' dir='ltr'>a</span> <span class='ocrx_word' id='word_1_47' title='bbox 1314 502 1534 541; x_wconf 83' lang='lat' dir='ltr'>divinorum</span> 
     </span>
     <span class='ocr_line' id='line_1_7' title="bbox 278 557 1538 610; baseline -0.007 -8"><span class='ocrx_word' id='word_1_48' title='bbox 278 562 583 602; x_wconf 86' lang='lat' dir='ltr'>conversatione</span> <span class='ocrx_word' id='word_1_49' title='bbox 612 560 795 610; x_wconf 88' lang='lat' dir='ltr'>quotiens</span> <span class='ocrx_word' id='word_1_50' title='bbox 823 560 874 597; x_wconf 88' lang='lat' dir='ltr'>ad</span> <span class='ocrx_word' id='word_1_51' title='bbox 902 559 1072 597; x_wconf 80' lang='lat' dir='ltr'>humana</span> <span class='ocrx_word' id='word_1_52' title='bbox 1089 558 1298 604; x_wconf 85' lang='lat' dir='ltr'>recideris,</span> <span class='ocrx_word' id='word_1_53' title='bbox 1327 568 1406 595; x_wconf 91' lang='lat' dir='ltr'>non</span> <span class='ocrx_word' id='word_1_54' title='bbox 1427 557 1538 594; x_wconf 83' lang='lat' dir='ltr'>aliter</span> 
     </span>
     <span class='ocr_line' id='line_1_8' title="bbox 279 611 1536 665; baseline -0.006 -9"><span class='ocrx_word' id='word_1_55' title='bbox 279 618 467 665; x_wconf 84' lang='lat' dir='ltr'>caligabis</span> <span class='ocrx_word' id='word_1_56' title='bbox 489 627 606 665; x_wconf 84' lang='lat' dir='ltr'>quam</span> <span class='ocrx_word' id='word_1_57' title='bbox 623 626 790 664; x_wconf 87' lang='lat' dir='ltr'>quorum</span> <span class='ocrx_word' id='word_1_58' title='bbox 813 615 917 653; x_wconf 86' lang='lat' dir='ltr'>oculi</span> <span class='ocrx_word' id='word_1_59' title='bbox 936 614 973 651; x_wconf 90' lang='lat' dir='ltr'>in</span> <span class='ocrx_word' id='word_1_60' title='bbox 991 614 1154 652; x_wconf 88' lang='lat' dir='ltr'>densam</span> <span class='ocrx_word' id='word_1_61' title='bbox 1169 612 1347 651; x_wconf 86' lang='lat' dir='ltr'>umbram</span> <span class='ocrx_word' id='word_1_62' title='bbox 1364 622 1414 649; x_wconf 92' lang='lat' dir='ltr'>ex</span> <span class='ocrx_word' id='word_1_63' title='bbox 1429 611 1536 649; x_wconf 88' lang='lat' dir='ltr'>claro</span> 
     </span>
     <span class='ocr_line' id='line_1_9' title="bbox 226 665 1535 718; baseline -0.006 -8"><span class='ocrx_word' id='word_1_64' title='bbox 226 677 268 711; x_wconf 79' lang='lat'>12</span> <span class='ocrx_word' id='word_1_65' title='bbox 278 673 364 711; x_wconf 91' lang='lat' dir='ltr'>sole</span> <span class='ocrx_word' id='word_1_66' title='bbox 389 671 602 710; x_wconf 87' lang='lat' dir='ltr'>redierunt.</span> <span class='ocrx_word' id='word_1_67' title='bbox 632 669 733 718; x_wconf 82' lang='lat' dir='ltr'>Quid</span> <span class='ocrx_word' id='word_1_68' title='bbox 753 674 814 708; x_wconf 82' lang='lat' dir='ltr'>est</span> <span class='ocrx_word' id='word_1_69' title='bbox 838 668 1122 717; x_wconf 67' lang='lat' dir='ltr'>praecipuum?</span> <span class='ocrx_word' id='word_1_70' title='bbox 1140 677 1265 715; x_wconf 88' lang='lat' dir='ltr'>posse</span> <span class='ocrx_word' id='word_1_71' title='bbox 1284 667 1386 704; x_wconf 82' lang='lat' dir='ltr'>laeto</span> <span class='ocrx_word' id='word_1_72' title='bbox 1407 665 1535 703; x_wconf 86' lang='lat' dir='ltr'>animo</span> 
     </span>
     <span class='ocr_line' id='line_1_10' title="bbox 281 718 1539 772; baseline -0.006 -7"><span class='ocrx_word' id='word_1_73' title='bbox 281 727 452 765; x_wconf 79' lang='lat' dir='ltr'>adversa</span> <span class='ocrx_word' id='word_1_74' title='bbox 483 726 666 764; x_wconf 86' lang='lat' dir='ltr'>tolerare.</span> <span class='ocrx_word' id='word_1_75' title='bbox 717 723 907 772; x_wconf 88' lang='lat' dir='ltr'>quicquid</span> <span class='ocrx_word' id='word_1_76' title='bbox 934 721 1141 769; x_wconf 86' lang='lat' dir='ltr'>acciderit,</span> <span class='ocrx_word' id='word_1_77' title='bbox 1175 722 1234 759; x_wconf 87' lang='lat' dir='ltr'>sic</span> <span class='ocrx_word' id='word_1_78' title='bbox 1267 721 1389 767; x_wconf 81' lang='lat' dir='ltr'>ferre,</span> <span class='ocrx_word' id='word_1_79' title='bbox 1424 718 1539 768; x_wconf 86' lang='lat' dir='ltr'>quasi</span> 
     </span>
     <span class='ocr_line' id='line_1_11' title="bbox 282 774 1540 821; baseline -0.006 -2"><span class='ocrx_word' id='word_1_80' title='bbox 282 779 453 820; x_wconf 89' lang='lat' dir='ltr'>volueris</span> <span class='ocrx_word' id='word_1_81' title='bbox 481 779 547 818; x_wconf 89' lang='lat' dir='ltr'>tibi</span> <span class='ocrx_word' id='word_1_82' title='bbox 578 779 772 817; x_wconf 85' lang='lat' dir='ltr'>accidere.</span> <span class='ocrx_word' id='word_1_83' title='bbox 808 775 1018 816; x_wconf 88' lang='lat' dir='ltr'>debuisses</span> <span class='ocrx_word' id='word_1_84' title='bbox 1051 776 1152 814; x_wconf 90' lang='lat' dir='ltr'>enim</span> <span class='ocrx_word' id='word_1_85' title='bbox 1183 776 1302 821; x_wconf 87' lang='lat' dir='ltr'>velle,</span> <span class='ocrx_word' id='word_1_86' title='bbox 1333 774 1367 812; x_wconf 93' lang='lat' dir='ltr'>si</span> <span class='ocrx_word' id='word_1_87' title='bbox 1390 774 1540 812; x_wconf 85' lang='lat' dir='ltr'>scisses</span> 
     </span>
     <span class='ocr_line' id='line_1_12' title="bbox 281 827 1541 879; baseline -0.006 -5"><span class='ocrx_word' id='word_1_88' title='bbox 281 837 413 875; x_wconf 85' lang='lat' dir='ltr'>omnia</span> <span class='ocrx_word' id='word_1_89' title='bbox 439 844 490 872; x_wconf 90' lang='lat' dir='ltr'>ex</span> <span class='ocrx_word' id='word_1_90' title='bbox 510 834 668 872; x_wconf 88' lang='lat' dir='ltr'>decreto</span> <span class='ocrx_word' id='word_1_91' title='bbox 697 833 759 870; x_wconf 89' lang='lat' dir='ltr'>dei</span> <span class='ocrx_word' id='word_1_92' title='bbox 787 832 890 870; x_wconf 87' lang='lat' dir='ltr'>fieri:</span> <span class='ocrx_word' id='word_1_93' title='bbox 929 830 1044 879; x_wconf 88' lang='lat' dir='ltr'>flere,</span> <span class='ocrx_word' id='word_1_94' title='bbox 1072 829 1204 878; x_wconf 90' lang='lat' dir='ltr'>queri,</span> <span class='ocrx_word' id='word_1_95' title='bbox 1236 839 1394 878; x_wconf 86' lang='lat' dir='ltr'>gemere</span> <span class='ocrx_word' id='word_1_96' title='bbox 1413 827 1541 866; x_wconf 88' lang='lat' dir='ltr'>desci-</span> 
     </span>
     <span class='ocr_line' id='line_1_13' title="bbox 226 883 1542 936; baseline -0.005 -7"><span class='ocrx_word' id='word_1_97' title='bbox 226 895 270 930; x_wconf 82' lang='lat'>13</span> <span class='ocrx_word' id='word_1_98' title='bbox 280 900 392 929; x_wconf 84' lang='lat' dir='ltr'>scere</span> <span class='ocrx_word' id='word_1_99' title='bbox 420 893 493 927; x_wconf 88' lang='lat' dir='ltr'>est.</span> <span class='ocrx_word' id='word_1_100' title='bbox 531 888 630 936; x_wconf 83' lang='lat' dir='ltr'>Quid</span> <span class='ocrx_word' id='word_1_101' title='bbox 658 892 719 926; x_wconf 90' lang='lat' dir='ltr'>est</span> <span class='ocrx_word' id='word_1_102' title='bbox 739 887 994 935; x_wconf 84' lang='lat' dir='ltr'>praecipuum</span> <span class='ocrx_word' id='word_1_103' title='bbox 1009 890 1028 923; x_wconf 72' lang='lat'>⁴3</span> <span class='ocrx_word' id='word_1_104' title='bbox 1056 885 1208 923; x_wconf 85' lang='lat' dir='ltr'>animus</span> <span class='ocrx_word' id='word_1_105' title='bbox 1230 888 1365 922; x_wconf 83' lang='lat' dir='ltr'>contra</span> <span class='ocrx_word' id='word_1_106' title='bbox 1385 883 1542 926; x_wconf 83' lang='lat' dir='ltr'>calami-</span> 
     </span>
     <span class='ocr_line' id='line_1_14' title="bbox 281 938 1540 989; baseline -0.006 -6"><span class='ocrx_word' id='word_1_107' title='bbox 281 950 381 983; x_wconf 88' lang='lat' dir='ltr'>tates</span> <span class='ocrx_word' id='word_1_108' title='bbox 403 943 515 982; x_wconf 84' lang='lat' dir='ltr'>fortis</span> <span class='ocrx_word' id='word_1_109' title='bbox 542 948 582 982; x_wconf 89' lang='lat' dir='ltr'>et</span> <span class='ocrx_word' id='word_1_110' title='bbox 607 947 837 989; x_wconf 86' lang='lat' dir='ltr'>contumax,</span> <span class='ocrx_word' id='word_1_111' title='bbox 865 940 1045 979; x_wconf 83' lang='lat' dir='ltr'>luxuriae</span> <span class='ocrx_word' id='word_1_112' title='bbox 1067 950 1146 979; x_wconf 90' lang='lat' dir='ltr'>non</span> <span class='ocrx_word' id='word_1_113' title='bbox 1167 938 1360 977; x_wconf 80' lang='lat' dir='ltr'>adversus</span> <span class='ocrx_word' id='word_1_114' title='bbox 1379 942 1540 983; x_wconf 88' lang='lat' dir='ltr'>tantum,</span> 
     </span>
     <span class='ocr_line' id='line_1_15' title="bbox 284 992 1542 1044; baseline -0.006 -7"><span class='ocrx_word' id='word_1_115' title='bbox 284 999 356 1038; x_wconf 87' lang='lat' dir='ltr'>sed</span> <span class='ocrx_word' id='word_1_116' title='bbox 376 998 544 1037; x_wconf 81' lang='lat' dir='ltr'>infestus</span> <span class='ocrx_word' id='word_1_117' title='bbox 564 1007 638 1035; x_wconf 87' lang='lat' dir='ltr'>nec</span> <span class='ocrx_word' id='word_1_118' title='bbox 656 996 796 1036; x_wconf 88' lang='lat' dir='ltr'>avidus</span> <span class='ocrx_word' id='word_1_119' title='bbox 818 995 983 1044; x_wconf 87' lang='lat' dir='ltr'>periculi</span> <span class='ocrx_word' id='word_1_120' title='bbox 1003 1004 1076 1032; x_wconf 88' lang='lat' dir='ltr'>nec</span> <span class='ocrx_word' id='word_1_121' title='bbox 1097 995 1234 1042; x_wconf 80' lang='lat' dir='ltr'>fugax,</span> <span class='ocrx_word' id='word_1_122' title='bbox 1257 994 1323 1042; x_wconf 92' lang='lat' dir='ltr'>qui</span> <span class='ocrx_word' id='word_1_123' title='bbox 1347 993 1446 1031; x_wconf 82' lang='lat' dir='ltr'>sciat</span> <span class='ocrx_word' id='word_1_124' title='bbox 1465 992 1542 1030; x_wconf 82' lang='lat' dir='ltr'>ror-</span> 
     </span>
     <span class='ocr_line' id='line_1_16' title="bbox 281 1049 1543 1099; baseline -0.006 -7"><span class='ocrx_word' id='word_1_125' title='bbox 281 1061 416 1093; x_wconf 83' lang='lat' dir='ltr'>tunam</span> <span class='ocrx_word' id='word_1_126' title='bbox 437 1063 516 1091; x_wconf 87' lang='lat' dir='ltr'>non</span> <span class='ocrx_word' id='word_1_127' title='bbox 540 1056 775 1099; x_wconf 83' lang='lat' dir='ltr'>exspectare</span> <span class='ocrx_word' id='word_1_128' title='bbox 795 1050 866 1088; x_wconf 93' lang='lat' dir='ltr'>sed</span> <span class='ocrx_word' id='word_1_129' title='bbox 889 1050 1039 1095; x_wconf 81' lang='lat' dir='ltr'>facere,</span> <span class='ocrx_word' id='word_1_130' title='bbox 1069 1053 1108 1087; x_wconf 87' lang='lat' dir='ltr'>et</span> <span class='ocrx_word' id='word_1_131' title='bbox 1126 1049 1322 1086; x_wconf 88' lang='lat' dir='ltr'>adversus</span> <span class='ocrx_word' id='word_1_132' title='bbox 1337 1052 1543 1095; x_wconf 85' lang='lat' dir='ltr'>utramque</span> 
     </span>
     <span class='ocr_line' id='line_1_17' title="bbox 281 1102 1543 1155; baseline -0.006 -9"><span class='ocrx_word' id='word_1_133' title='bbox 281 1107 502 1155; x_wconf 83' lang='lat' dir='ltr'>intrepidus</span> <span class='ocrx_word' id='word_1_134' title='bbox 522 1106 838 1153; x_wconf 83' lang='lat' dir='ltr'>inconfususque</span> <span class='ocrx_word' id='word_1_135' title='bbox 858 1104 1035 1152; x_wconf 85' lang='lat' dir='ltr'>prodire,</span> <span class='ocrx_word' id='word_1_136' title='bbox 1064 1113 1138 1141; x_wconf 88' lang='lat' dir='ltr'>nec</span> <span class='ocrx_word' id='word_1_137' title='bbox 1165 1103 1268 1141; x_wconf 90' lang='lat' dir='ltr'>illius</span> <span class='ocrx_word' id='word_1_138' title='bbox 1286 1102 1451 1140; x_wconf 88' lang='lat' dir='ltr'>tumultu</span> <span class='ocrx_word' id='word_1_139' title='bbox 1469 1110 1543 1138; x_wconf 89' lang='lat' dir='ltr'>nec</span> 
     </span>
     <span class='ocr_line' id='line_1_18' title="bbox 231 1154 1543 1209; baseline -0.007 -7"><span class='ocrx_word' id='word_1_140' title='bbox 231 1163 398 1203; x_wconf 83' lang='lat' dir='ltr'>14huius</span> <span class='ocrx_word' id='word_1_141' title='bbox 419 1162 572 1209; x_wconf 81' lang='lat' dir='ltr'>fulgore</span> <span class='ocrx_word' id='word_1_142' title='bbox 593 1170 823 1208; x_wconf 85' lang='lat' dir='ltr'>percussus.</span> <span class='ocrx_word' id='word_1_143' title='bbox 852 1159 953 1205; x_wconf 90' lang='lat' dir='ltr'>Quid</span> <span class='ocrx_word' id='word_1_144' title='bbox 980 1163 1041 1196; x_wconf 88' lang='lat' dir='ltr'>est</span> <span class='ocrx_word' id='word_1_145' title='bbox 1060 1157 1344 1206; x_wconf 68' lang='lat' dir='ltr'>praecipuum?</span> <span class='ocrx_word' id='word_1_146' title='bbox 1372 1166 1451 1194; x_wconf 88' lang='lat' dir='ltr'>non</span> <span class='ocrx_word' id='word_1_147' title='bbox 1476 1154 1543 1193; x_wconf 85' lang='lat' dir='ltr'>ad-</span> 
     </span>
     <span class='ocr_line' id='line_1_19' title="bbox 283 1212 1543 1260; baseline -0.006 -5"><span class='ocrx_word' id='word_1_148' title='bbox 283 1217 435 1255; x_wconf 85' lang='lat' dir='ltr'>mittere</span> <span class='ocrx_word' id='word_1_149' title='bbox 462 1216 499 1253; x_wconf 91' lang='lat' dir='ltr'>in</span> <span class='ocrx_word' id='word_1_150' title='bbox 528 1214 658 1253; x_wconf 88' lang='lat' dir='ltr'>animo</span> <span class='ocrx_word' id='word_1_151' title='bbox 679 1214 781 1251; x_wconf 82' lang='lat' dir='ltr'>mala</span> <span class='ocrx_word' id='word_1_152' title='bbox 800 1212 983 1260; x_wconf 83' lang='lat' dir='ltr'>consilia,</span> <span class='ocrx_word' id='word_1_153' title='bbox 1019 1222 1139 1260; x_wconf 85' lang='lat' dir='ltr'>puras</span> <span class='ocrx_word' id='word_1_154' title='bbox 1164 1212 1213 1249; x_wconf 92' lang='lat' dir='ltr'>ad</span> <span class='ocrx_word' id='word_1_155' title='bbox 1234 1212 1387 1249; x_wconf 84' lang='lat' dir='ltr'>coelum</span> <span class='ocrx_word' id='word_1_156' title='bbox 1405 1219 1543 1248; x_wconf 88' lang='lat' dir='ltr'>manus</span> 
     </span>
     <span class='ocr_line' id='line_1_20' title="bbox 285 1265 1544 1317; baseline -0.006 -8"><span class='ocrx_word' id='word_1_157' title='bbox 285 1271 493 1317; x_wconf 90' lang='lat' dir='ltr'>extollere,</span> <span class='ocrx_word' id='word_1_158' title='bbox 520 1269 669 1307; x_wconf 91' lang='lat' dir='ltr'>nullum</span> <span class='ocrx_word' id='word_1_159' title='bbox 690 1267 837 1306; x_wconf 89' lang='lat' dir='ltr'>bonum</span> <span class='ocrx_word' id='word_1_160' title='bbox 858 1271 1011 1315; x_wconf 82' lang='lat' dir='ltr'>petere,</span> <span class='ocrx_word' id='word_1_161' title='bbox 1042 1266 1151 1314; x_wconf 91' lang='lat' dir='ltr'>quod</span> <span class='ocrx_word' id='word_1_162' title='bbox 1169 1271 1212 1304; x_wconf 87' lang='lat' dir='ltr'>ut</span> <span class='ocrx_word' id='word_1_163' title='bbox 1230 1265 1282 1303; x_wconf 92' lang='lat' dir='ltr'>ad</span> <span class='ocrx_word' id='word_1_164' title='bbox 1301 1270 1338 1304; x_wconf 92' lang='lat' dir='ltr'>te</span> <span class='ocrx_word' id='word_1_165' title='bbox 1357 1267 1544 1310; x_wconf 84' lang='lat' dir='ltr'>transeat,</span> 
     </span>
     <span class='ocr_line' id='line_1_21' title="bbox 287 1318 1546 1374; baseline -0.006 -11"><span class='ocrx_word' id='word_1_166' title='bbox 287 1324 429 1374; x_wconf 86' lang='lat' dir='ltr'>aliquis</span> <span class='ocrx_word' id='word_1_167' title='bbox 457 1324 552 1362; x_wconf 85' lang='lat' dir='ltr'>dare</span> <span class='ocrx_word' id='word_1_168' title='bbox 579 1323 714 1370; x_wconf 89' lang='lat' dir='ltr'>debet,</span> <span class='ocrx_word' id='word_1_169' title='bbox 743 1322 885 1370; x_wconf 88' lang='lat' dir='ltr'>aliquis</span> <span class='ocrx_word' id='word_1_170' title='bbox 913 1320 1108 1369; x_wconf 84' lang='lat' dir='ltr'>amittere,</span> <span class='ocrx_word' id='word_1_171' title='bbox 1137 1325 1292 1368; x_wconf 82' lang='lat' dir='ltr'>optare,</span> <span class='ocrx_word' id='word_1_172' title='bbox 1324 1319 1433 1368; x_wconf 91' lang='lat' dir='ltr'>quod</span> <span class='ocrx_word' id='word_1_173' title='bbox 1460 1318 1546 1356; x_wconf 88' lang='lat' dir='ltr'>sine</span> 
     </span>
     <span class='ocr_line' id='line_1_22' title="bbox 287 1372 1544 1426; baseline -0.007 -8"><span class='ocrx_word' id='word_1_174' title='bbox 287 1379 518 1418; x_wconf 84' lang='lat' dir='ltr'>adversario</span> <span class='ocrx_word' id='word_1_175' title='bbox 539 1382 714 1426; x_wconf 82' lang='lat' dir='ltr'>optatur,</span> <span class='ocrx_word' id='word_1_176' title='bbox 734 1376 879 1414; x_wconf 88' lang='lat' dir='ltr'>bonam</span> <span class='ocrx_word' id='word_1_177' title='bbox 898 1380 1088 1413; x_wconf 80' lang='lat' dir='ltr'>mentem:</span> <span class='ocrx_word' id='word_1_178' title='bbox 1118 1380 1247 1412; x_wconf 87' lang='lat' dir='ltr'>cetera</span> <span class='ocrx_word' id='word_1_179' title='bbox 1266 1383 1407 1421; x_wconf 83' lang='lat' dir='ltr'>magno</span> <span class='ocrx_word' id='word_1_180' title='bbox 1430 1372 1544 1410; x_wconf 85' lang='lat' dir='ltr'>aesti-</span> 
     </span>
     <span class='ocr_line' id='line_1_23' title="bbox 285 1427 1546 1478; baseline -0.007 -5"><span class='ocrx_word' id='word_1_181' title='bbox 285 1439 391 1473; x_wconf 83' lang='lat' dir='ltr'>mata</span> <span class='ocrx_word' id='word_1_182' title='bbox 417 1432 668 1478; x_wconf 86' lang='lat' dir='ltr'>mortalibus,</span> <span class='ocrx_word' id='word_1_183' title='bbox 701 1430 854 1469; x_wconf 83' lang='lat' dir='ltr'>etiamsi</span> <span class='ocrx_word' id='word_1_184' title='bbox 890 1429 978 1478; x_wconf 91' lang='lat' dir='ltr'>quis</span> <span class='ocrx_word' id='word_1_185' title='bbox 1014 1430 1174 1467; x_wconf 89' lang='lat' dir='ltr'>domum</span> <span class='ocrx_word' id='word_1_186' title='bbox 1209 1438 1327 1467; x_wconf 89' lang='lat' dir='ltr'>casus</span> <span class='ocrx_word' id='word_1_187' title='bbox 1356 1427 1546 1473; x_wconf 83' lang='lat' dir='ltr'>adtulerit,</span> 
     </span>
     <span class='ocr_line' id='line_1_24' title="bbox 235 1483 1546 1534; baseline -0.004 -10"><span class='ocrx_word' id='word_1_188' title='bbox 235 1491 275 1526; x_wconf 85' lang='lat'>15</span> <span class='ocrx_word' id='word_1_189' title='bbox 287 1490 344 1528; x_wconf 88' lang='lat' dir='ltr'>sic</span> <span class='ocrx_word' id='word_1_190' title='bbox 364 1488 524 1534; x_wconf 87' lang='lat' dir='ltr'>intueri,</span> <span class='ocrx_word' id='word_1_191' title='bbox 555 1485 670 1534; x_wconf 85' lang='lat' dir='ltr'>quasi</span> <span class='ocrx_word' id='word_1_192' title='bbox 690 1485 862 1532; x_wconf 89' lang='lat' dir='ltr'>exitura,</span> <span class='ocrx_word' id='word_1_193' title='bbox 885 1495 964 1532; x_wconf 87' lang='lat' dir='ltr'>qua</span> <span class='ocrx_word' id='word_1_194' title='bbox 983 1488 1188 1522; x_wconf 88' lang='lat' dir='ltr'>venerunt.</span> <span class='ocrx_word' id='word_1_195' title='bbox 1231 1483 1331 1530; x_wconf 90' lang='lat' dir='ltr'>Quid</span> <span class='ocrx_word' id='word_1_196' title='bbox 1354 1486 1417 1520; x_wconf 51' lang='lat' dir='ltr'>est*</span> <span class='ocrx_word' id='word_1_197' title='bbox 1434 1491 1546 1529; x_wconf 90' lang='lat' dir='ltr'>prae—</span> 
     </span>
     <span class='ocr_line' id='line_1_25' title="bbox 289 1537 1547 1592; baseline -0.007 -10"><span class='ocrx_word' id='word_1_198' title='bbox 289 1544 475 1592; x_wconf 70' lang='lat' dir='ltr'>cipuum?</span> <span class='ocrx_word' id='word_1_199' title='bbox 501 1542 602 1580; x_wconf 83' lang='lat' dir='ltr'>altos</span> <span class='ocrx_word' id='word_1_200' title='bbox 621 1550 743 1588; x_wconf 88' lang='lat' dir='ltr'>supra</span> <span class='ocrx_word' id='word_1_201' title='bbox 762 1539 922 1578; x_wconf 80' lang='lat' dir='ltr'>fortuita</span> <span class='ocrx_word' id='word_1_202' title='bbox 936 1538 1097 1587; x_wconf 87' lang='lat' dir='ltr'>spiritus</span> <span class='ocrx_word' id='word_1_203' title='bbox 1113 1538 1261 1584; x_wconf 87' lang='lat' dir='ltr'>tollere,</span> <span class='ocrx_word' id='word_1_204' title='bbox 1282 1537 1450 1575; x_wconf 91' lang='lat' dir='ltr'>hominis</span> <span class='ocrx_word' id='word_1_205' title='bbox 1467 1546 1547 1574; x_wconf 90' lang='lat' dir='ltr'>me-</span> 
     </span>
     <span class='ocr_line' id='line_1_26' title="bbox 289 1590 1547 1644; baseline -0.006 -8"><span class='ocrx_word' id='word_1_206' title='bbox 289 1598 464 1644; x_wconf 90' lang='lat' dir='ltr'>minisse,</span> <span class='ocrx_word' id='word_1_207' title='bbox 479 1601 533 1643; x_wconf 90' lang='lat' dir='ltr'>ut,</span> <span class='ocrx_word' id='word_1_208' title='bbox 550 1596 635 1634; x_wconf 93' lang='lat' dir='ltr'>sive</span> <span class='ocrx_word' id='word_1_209' title='bbox 652 1594 746 1632; x_wconf 84' lang='lat' dir='ltr'>felix</span> <span class='ocrx_word' id='word_1_210' title='bbox 760 1595 851 1640; x_wconf 91' lang='lat' dir='ltr'>eris,</span> <span class='ocrx_word' id='word_1_211' title='bbox 870 1594 974 1631; x_wconf 83' lang='lat' dir='ltr'>scias</span> <span class='ocrx_word' id='word_1_212' title='bbox 990 1593 1067 1631; x_wconf 92' lang='lat' dir='ltr'>hoc</span> <span class='ocrx_word' id='word_1_213' title='bbox 1083 1591 1161 1631; x_wconf 81' lang='lat' dir='ltr'>non</span> <span class='ocrx_word' id='word_1_214' title='bbox 1178 1592 1346 1630; x_wconf 81' lang='lat' dir='ltr'>futurum</span> <span class='ocrx_word' id='word_1_215' title='bbox 1362 1591 1439 1639; x_wconf 92' lang='lat' dir='ltr'>diu,</span> <span class='ocrx_word' id='word_1_216' title='bbox 1464 1590 1547 1628; x_wconf 88' lang='lat' dir='ltr'>sive</span> 
     </span>
     <span class='ocr_line' id='line_1_27' title="bbox 236 1647 1546 1698; baseline -0.005 -9"><span class='ocrx_word' id='word_1_217' title='bbox 236 1652 442 1698; x_wconf 72' lang='lat' dir='ltr'>minselix,</span> <span class='ocrx_word' id='word_1_218' title='bbox 459 1652 564 1689; x_wconf 89' lang='lat' dir='ltr'>scias</span> <span class='ocrx_word' id='word_1_219' title='bbox 579 1655 618 1688; x_wconf 89' lang='lat' dir='ltr'>te</span> <span class='ocrx_word' id='word_1_220' title='bbox 632 1649 707 1687; x_wconf 88' lang='lat' dir='ltr'>hoc</span> <span class='ocrx_word' id='word_1_221' title='bbox 725 1659 803 1686; x_wconf 87' lang='lat' dir='ltr'>non</span> <span class='ocrx_word' id='word_1_222' title='bbox 819 1658 911 1686; x_wconf 88' lang='lat' dir='ltr'>esse</span> <span class='ocrx_word' id='word_1_223' title='bbox 922 1678 931 1693; x_wconf 93' lang='lat'>,</span> <span class='ocrx_word' id='word_1_224' title='bbox 949 1647 983 1686; x_wconf 86' lang='lat' dir='ltr'>si</span> <span class='ocrx_word' id='word_1_225' title='bbox 999 1658 1077 1685; x_wconf 89' lang='lat' dir='ltr'>non</span> <span class='ocrx_word' id='word_1_226' title='bbox 1095 1652 1223 1696; x_wconf 85' lang='lat' dir='ltr'>putes.</span> <span class='ocrx_word' id='word_1_227' title='bbox 1245 1647 1345 1694; x_wconf 89' lang='lat' dir='ltr'>Quid</span> <span class='ocrx_word' id='word_1_228' title='bbox 1360 1650 1421 1684; x_wconf 91' lang='lat' dir='ltr'>est</span> <span class='ocrx_word' id='word_1_229' title='bbox 1435 1654 1546 1693; x_wconf 87' lang='lat' dir='ltr'>prae-</span> 
     </span>
     <span class='ocr_line' id='line_1_28' title="bbox 291 1698 1549 1755; baseline -0.006 -10"><span class='ocrx_word' id='word_1_230' title='bbox 291 1707 477 1755; x_wconf 67' lang='lat' dir='ltr'>cipuum?</span> <span class='ocrx_word' id='word_1_231' title='bbox 514 1704 553 1742; x_wconf 87' lang='lat' dir='ltr'>in</span> <span class='ocrx_word' id='word_1_232' title='bbox 575 1704 712 1753; x_wconf 89' lang='lat' dir='ltr'>primis</span> <span class='ocrx_word' id='word_1_233' title='bbox 731 1703 851 1740; x_wconf 85' lang='lat' dir='ltr'>labris</span> <span class='ocrx_word' id='word_1_234' title='bbox 873 1702 1041 1740; x_wconf 86' lang='lat' dir='ltr'>animam</span> <span class='ocrx_word' id='word_1_235' title='bbox 1062 1702 1220 1740; x_wconf 83' lang='lat' dir='ltr'>habere.</span> <span class='ocrx_word' id='word_1_236' title='bbox 1252 1701 1361 1739; x_wconf 80' lang='lat' dir='ltr'>Haec</span> <span class='ocrx_word' id='word_1_237' title='bbox 1379 1710 1445 1738; x_wconf 85' lang='lat' dir='ltr'>res</span> <span class='ocrx_word' id='word_1_238' title='bbox 1465 1698 1549 1737; x_wconf 80' lang='lat' dir='ltr'>effi-</span> 
     </span>
     <span class='ocr_line' id='line_1_29' title="bbox 291 1753 1550 1806; baseline -0.007 -7"><span class='ocrx_word' id='word_1_239' title='bbox 291 1761 342 1799; x_wconf 88' lang='lat' dir='ltr'>cit</span> <span class='ocrx_word' id='word_1_240' title='bbox 368 1771 448 1799; x_wconf 90' lang='lat' dir='ltr'>non</span> <span class='ocrx_word' id='word_1_241' title='bbox 468 1770 490 1797; x_wconf 92' lang='lat' dir='ltr'>e</span> <span class='ocrx_word' id='word_1_242' title='bbox 509 1759 594 1797; x_wconf 86' lang='lat' dir='ltr'>iure</span> <span class='ocrx_word' id='word_1_243' title='bbox 614 1758 817 1806; x_wconf 88' lang='lat' dir='ltr'>Quiritium</span> <span class='ocrx_word' id='word_1_244' title='bbox 836 1757 1020 1804; x_wconf 88' lang='lat' dir='ltr'>liberum,</span> <span class='ocrx_word' id='word_1_245' title='bbox 1045 1755 1118 1796; x_wconf 90' lang='lat' dir='ltr'>sed</span> <span class='ocrx_word' id='word_1_246' title='bbox 1141 1765 1162 1793; x_wconf 90' lang='lat' dir='ltr'>e</span> <span class='ocrx_word' id='word_1_247' title='bbox 1181 1757 1266 1793; x_wconf 85' lang='lat' dir='ltr'>iure</span> <span class='ocrx_word' id='word_1_248' title='bbox 1294 1759 1469 1793; x_wconf 87' lang='lat' dir='ltr'>naturae.</span> <span class='ocrx_word' id='word_1_249' title='bbox 1506 1753 1550 1790; x_wconf 84' lang='lat' dir='ltr'>li·</span> 
     </span>
     <span class='ocr_line' id='line_1_30' title="bbox 290 1806 1549 1861; baseline -0.008 -7"><span class='ocrx_word' id='word_1_250' title='bbox 290 1817 362 1854; x_wconf 86' lang='lat' dir='ltr'>ber</span> <span class='ocrx_word' id='word_1_251' title='bbox 383 1819 510 1853; x_wconf 87' lang='lat' dir='ltr'>autem</span> <span class='ocrx_word' id='word_1_252' title='bbox 531 1818 609 1860; x_wconf 91' lang='lat' dir='ltr'>est,</span> <span class='ocrx_word' id='word_1_253' title='bbox 631 1812 698 1861; x_wconf 88' lang='lat' dir='ltr'>qui</span> <span class='ocrx_word' id='word_1_254' title='bbox 721 1812 947 1850; x_wconf 88' lang='lat' dir='ltr'>servitutem</span> <span class='ocrx_word' id='word_1_255' title='bbox 967 1821 1080 1848; x_wconf 82' lang='lat' dir='ltr'>suam</span> <span class='ocrx_word' id='word_1_256' title='bbox 1098 1809 1245 1858; x_wconf 83' lang='lat' dir='ltr'>effugit.</span> <span class='ocrx_word' id='word_1_257' title='bbox 1280 1809 1379 1847; x_wconf 86' lang='lat' dir='ltr'>haec</span> <span class='ocrx_word' id='word_1_258' title='bbox 1402 1813 1462 1846; x_wconf 89' lang='lat' dir='ltr'>est</span> <span class='ocrx_word' id='word_1_259' title='bbox 1480 1806 1549 1844; x_wconf 81' lang='lat' dir='ltr'>ad—</span> 
     </span>
     <span class='ocr_line' id='line_1_31' title="bbox 293 1861 1550 1914; baseline -0.007 -6"><span class='ocrx_word' id='word_1_260' title='bbox 293 1870 409 1908; x_wconf 81' lang='lat' dir='ltr'>sidua</span> <span class='ocrx_word' id='word_1_261' title='bbox 436 1873 474 1906; x_wconf 83' lang='lat' dir='ltr'>et</span> <span class='ocrx_word' id='word_1_262' title='bbox 491 1866 750 1906; x_wconf 83' lang='lat' dir='ltr'>ineluctabilis</span> <span class='ocrx_word' id='word_1_263' title='bbox 782 1870 820 1904; x_wconf 89' lang='lat' dir='ltr'>et</span> <span class='ocrx_word' id='word_1_264' title='bbox 840 1876 910 1914; x_wconf 89' lang='lat' dir='ltr'>per</span> <span class='ocrx_word' id='word_1_265' title='bbox 930 1866 1033 1903; x_wconf 87' lang='lat' dir='ltr'>diem</span> <span class='ocrx_word' id='word_1_266' title='bbox 1054 1870 1092 1903; x_wconf 89' lang='lat' dir='ltr'>et</span> <span class='ocrx_word' id='word_1_267' title='bbox 1115 1874 1185 1913; x_wconf 88' lang='lat' dir='ltr'>per</span> <span class='ocrx_word' id='word_1_268' title='bbox 1203 1868 1356 1903; x_wconf 87' lang='lat' dir='ltr'>noctem</span> <span class='ocrx_word' id='word_1_269' title='bbox 1377 1861 1550 1909; x_wconf 81' lang='lat' dir='ltr'>aequali-</span> 
     </span>
     <span class='ocr_line' id='line_1_32' title="bbox 240 1917 1551 1972; baseline -0.006 -10"><span class='ocrx_word' id='word_1_270' title='bbox 240 1931 350 1967; x_wconf 87' lang='lat' dir='ltr'>]7ter</span> <span class='ocrx_word' id='word_1_271' title='bbox 364 1933 565 1972; x_wconf 89' lang='lat' dir='ltr'>premens,</span> <span class='ocrx_word' id='word_1_272' title='bbox 593 1923 677 1960; x_wconf 89' lang='lat' dir='ltr'>sine</span> <span class='ocrx_word' id='word_1_273' title='bbox 697 1921 919 1967; x_wconf 85' lang='lat' dir='ltr'>intervallo,</span> <span class='ocrx_word' id='word_1_274' title='bbox 943 1921 1028 1958; x_wconf 90' lang='lat' dir='ltr'>sine</span> <span class='ocrx_word' id='word_1_275' title='bbox 1044 1923 1273 1957; x_wconf 79' lang='lat' dir='ltr'>commeatu.</span> <span class='ocrx_word' id='word_1_276' title='bbox 1304 1917 1385 1956; x_wconf 87' lang='lat' dir='ltr'>Sibi</span> <span class='ocrx_word' id='word_1_277' title='bbox 1402 1917 1551 1954; x_wconf 87' lang='lat' dir='ltr'>servire</span> 
     </span>
     <span class='ocr_line' id='line_1_33' title="bbox 293 1970 1549 2028; baseline -0.007 -12"><span class='ocrx_word' id='word_1_278' title='bbox 293 1977 526 2028; x_wconf 80' lang='lat' dir='ltr'>gravissima</span> <span class='ocrx_word' id='word_1_279' title='bbox 543 1981 604 2014; x_wconf 90' lang='lat' dir='ltr'>est</span> <span class='ocrx_word' id='word_1_280' title='bbox 625 1975 812 2014; x_wconf 84' lang='lat' dir='ltr'>servitus:</span> <span class='ocrx_word' id='word_1_281' title='bbox 843 1985 960 2023; x_wconf 79' lang='lat' dir='ltr'>quam</span> <span class='ocrx_word' id='word_1_282' title='bbox 982 1975 1178 2012; x_wconf 85' lang='lat' dir='ltr'>discutere</span> <span class='ocrx_word' id='word_1_283' title='bbox 1197 1973 1310 2011; x_wconf 80' lang='lat' dir='ltr'>facile</span> <span class='ocrx_word' id='word_1_284' title='bbox 1331 1975 1409 2018; x_wconf 88' lang='lat' dir='ltr'>est,</span> <span class='ocrx_word' id='word_1_285' title='bbox 1430 1971 1463 2008; x_wconf 93' lang='lat' dir='ltr'>si</span> <span class='ocrx_word' id='word_1_286' title='bbox 1483 1970 1549 2007; x_wconf 86' lang='lat' dir='ltr'>de—</span> 
     </span>
     <span class='ocr_line' id='line_1_34' title="bbox 295 2025 1550 2078; baseline -0.008 -7"><span class='ocrx_word' id='word_1_287' title='bbox 295 2032 410 2072; x_wconf 88' lang='lat' dir='ltr'>sieris</span> <span class='ocrx_word' id='word_1_288' title='bbox 430 2032 551 2070; x_wconf 85' lang='lat' dir='ltr'>multa</span> <span class='ocrx_word' id='word_1_289' title='bbox 569 2035 607 2069; x_wconf 90' lang='lat' dir='ltr'>te</span> <span class='ocrx_word' id='word_1_290' title='bbox 627 2039 813 2078; x_wconf 90' lang='lat' dir='ltr'>poscere,</span> <span class='ocrx_word' id='word_1_291' title='bbox 835 2030 868 2067; x_wconf 90' lang='lat' dir='ltr'>si</span> <span class='ocrx_word' id='word_1_292' title='bbox 889 2028 1055 2067; x_wconf 87' lang='lat' dir='ltr'>desieris</span> <span class='ocrx_word' id='word_1_293' title='bbox 1070 2029 1137 2067; x_wconf 89' lang='lat' dir='ltr'>tibi</span> <span class='ocrx_word' id='word_1_294' title='bbox 1156 2028 1302 2065; x_wconf 86' lang='lat' dir='ltr'>referre</span> <span class='ocrx_word' id='word_1_295' title='bbox 1316 2025 1550 2072; x_wconf 86' lang='lat' dir='ltr'>mercedem,</span> 
     </span>
     <span class='ocr_line' id='line_1_35' title="bbox 296 2079 1552 2129; baseline -0.006 -3"><span class='ocrx_word' id='word_1_296' title='bbox 296 2089 330 2126; x_wconf 91' lang='lat' dir='ltr'>si</span> <span class='ocrx_word' id='word_1_297' title='bbox 350 2092 439 2125; x_wconf 84' lang='lat' dir='ltr'>ante</span> <span class='ocrx_word' id='word_1_298' title='bbox 456 2087 595 2125; x_wconf 85' lang='lat' dir='ltr'>oculos</span> <span class='ocrx_word' id='word_1_299' title='bbox 616 2090 654 2122; x_wconf 91' lang='lat' dir='ltr'>et</span> <span class='ocrx_word' id='word_1_300' title='bbox 674 2089 851 2122; x_wconf 84' lang='lat' dir='ltr'>naturam</span> <span class='ocrx_word' id='word_1_301' title='bbox 872 2088 977 2122; x_wconf 86' lang='lat' dir='ltr'>tuam</span> <span class='ocrx_word' id='word_1_302' title='bbox 997 2087 1036 2121; x_wconf 85' lang='lat' dir='ltr'>et</span> <span class='ocrx_word' id='word_1_303' title='bbox 1053 2086 1219 2120; x_wconf 85' lang='lat' dir='ltr'>aetatem</span> <span class='ocrx_word' id='word_1_304' title='bbox 1238 2080 1441 2129; x_wconf 89' lang='lat' dir='ltr'>posueris,</span> <span class='ocrx_word' id='word_1_305' title='bbox 1462 2079 1552 2118; x_wconf 85' lang='lat' dir='ltr'>licet</span> 
     </span>
     <span class='ocr_line' id='line_1_36' title="bbox 299 2134 1550 2190; baseline -0.008 -10"><span class='ocrx_word' id='word_1_306' title='bbox 299 2142 425 2190; x_wconf 83' lang='lat' dir='ltr'>prima</span> <span class='ocrx_word' id='word_1_307' title='bbox 451 2142 518 2187; x_wconf 90' lang='lat' dir='ltr'>sit,</span> <span class='ocrx_word' id='word_1_308' title='bbox 547 2150 593 2178; x_wconf 84' lang='lat' dir='ltr'>ac</span> <span class='ocrx_word' id='word_1_309' title='bbox 623 2140 690 2178; x_wconf 87' lang='lat' dir='ltr'>tibi</span> <span class='ocrx_word' id='word_1_310' title='bbox 719 2139 807 2187; x_wconf 89' lang='lat' dir='ltr'>ipse</span> <span class='ocrx_word' id='word_1_311' title='bbox 838 2138 1006 2176; x_wconf 85' lang='lat' dir='ltr'>dixeris:</span> <span class='ocrx_word' id='word_1_312' title='bbox 1041 2136 1135 2184; x_wconf 85' lang='lat' dir='ltr'>quid</span> <span class='ocrx_word' id='word_1_313' title='bbox 1157 2135 1338 2173; x_wconf 67' lang='lat' dir='ltr'>insanio?</span> <span class='ocrx_word' id='word_1_314' title='bbox 1369 2134 1462 2182; x_wconf 91' lang='lat' dir='ltr'>quid</span> <span class='ocrx_word' id='word_1_315' title='bbox 1483 2143 1550 2171; x_wconf 86' lang='lat' dir='ltr'>an-</span> 
     </span>
     <span class='ocr_line' id='line_1_37' title="bbox 297 2190 1550 2244; baseline -0.007 -10"><span class='ocrx_word' id='word_1_316' title='bbox 297 2197 415 2234; x_wconf 69' lang='lat' dir='ltr'>helo?</span> <span class='ocrx_word' id='word_1_317' title='bbox 443 2195 538 2244; x_wconf 85' lang='lat' dir='ltr'>quid</span> <span class='ocrx_word' id='word_1_318' title='bbox 567 2195 695 2232; x_wconf 70' lang='lat' dir='ltr'>sudo?</span> <span class='ocrx_word' id='word_1_319' title='bbox 724 2192 819 2240; x_wconf 88' lang='lat' dir='ltr'>quid</span> <span class='ocrx_word' id='word_1_320' title='bbox 848 2197 1010 2239; x_wconf 87' lang='lat' dir='ltr'>terram,</span> <span class='ocrx_word' id='word_1_321' title='bbox 1042 2190 1135 2239; x_wconf 89' lang='lat' dir='ltr'>quid</span> <span class='ocrx_word' id='word_1_322' title='bbox 1157 2190 1283 2227; x_wconf 83' lang='lat' dir='ltr'>forum</span> <span class='ocrx_word' id='word_1_323' title='bbox 1302 2192 1449 2227; x_wconf 71' lang='lat' dir='ltr'>verso?</span> <span class='ocrx_word' id='word_1_324' title='bbox 1476 2197 1550 2226; x_wconf 90' lang='lat' dir='ltr'>nec</span> 
     </span>
     <span class='ocr_line' id='line_1_38' title="bbox 245 2243 1550 2298; baseline -0.007 -10"><span class='ocrx_word' id='word_1_325' title='bbox 245 2252 415 2289; x_wconf 85' lang='lat' dir='ltr'>18multo</span> <span class='ocrx_word' id='word_1_326' title='bbox 434 2260 536 2298; x_wconf 87' lang='lat' dir='ltr'>opus</span> <span class='ocrx_word' id='word_1_327' title='bbox 559 2254 620 2288; x_wconf 89' lang='lat' dir='ltr'>est</span> <span class='ocrx_word' id='word_1_328' title='bbox 638 2258 712 2286; x_wconf 85' lang='lat' dir='ltr'>nec</span> <span class='ocrx_word' id='word_1_329' title='bbox 732 2247 811 2285; x_wconf 90' lang='lat' dir='ltr'>diu.</span> <span class='ocrx_word' id='word_1_330' title='bbox 839 2247 903 2284; x_wconf 90' lang='lat' dir='ltr'>Ad</span> <span class='ocrx_word' id='word_1_331' title='bbox 926 2246 1001 2285; x_wconf 91' lang='lat' dir='ltr'>hoc</span> <span class='ocrx_word' id='word_1_332' title='bbox 1021 2244 1136 2283; x_wconf 91' lang='lat' dir='ltr'>nobis</span> <span class='ocrx_word' id='word_1_333' title='bbox 1157 2243 1334 2293; x_wconf 89' lang='lat' dir='ltr'>proderit</span> <span class='ocrx_word' id='word_1_334' title='bbox 1352 2243 1550 2291; x_wconf 85' lang='lat' dir='ltr'>inspicere</span> 
     </span>
     <span class='ocr_line' id='line_1_39' title="bbox 299 2295 1549 2350; baseline -0.006 -9"><span class='ocrx_word' id='word_1_335' title='bbox 299 2315 427 2342; x_wconf 84' lang='lat' dir='ltr'>rerum</span> <span class='ocrx_word' id='word_1_336' title='bbox 457 2309 654 2342; x_wconf 82' lang='lat' dir='ltr'>naturam=</span> <span class='ocrx_word' id='word_1_337' title='bbox 690 2302 815 2350; x_wconf 89' lang='lat' dir='ltr'>primo</span> <span class='ocrx_word' id='word_1_338' title='bbox 845 2301 1094 2339; x_wconf 86' lang='lat' dir='ltr'>discedemus</span> <span class='ocrx_word' id='word_1_339' title='bbox 1122 2310 1146 2338; x_wconf 83' lang='lat' dir='ltr'>a</span> <span class='ocrx_word' id='word_1_340' title='bbox 1173 2299 1358 2337; x_wconf 88' lang='lat' dir='ltr'>sordidis.</span> <span class='ocrx_word' id='word_1_341' title='bbox 1406 2295 1549 2335; x_wconf 87' lang='lat' dir='ltr'>deinde</span> 
     </span>
    </p>
   </div>
  </div>
 </body>
</html>
