1592 2580
286 178 470 218 NATUR.
492 176 703 226 QUAEST.
732 177 910 216 LIB.1V.
939 182 1089 218 7—12.
1247 173 1328 218 253

125 281 191 320 XI.
222 279 367 319 Contra
388 279 548 329 quidam
570 280 680 318 aiunt
700 279 907 323 eacumina
930 279 1123 319 montium
1153 279 1231 319 hoc
1262 290 1326 319 ca·
1351 287 1368 320 1

46 337 188 376 lidiora
215 346 308 375 esse
335 335 504 383 debere,
542 346 622 384 quo
652 341 745 374 sunt
781 335 972 384 propiora
1001 336 1099 374 soli:
1139 334 1207 384 qui
1236 335 1339 374 mihi

47 393 232 432 videntur
251 402 404 439 errare,
427 391 537 439 quod
555 391 810 440 Apenninum
830 396 868 430 et
883 391 1008 439 Alpes
1030 396 1069 430 et
1087 392 1188 430 alios
1209 397 1328 430 notos

48 449 99 488 ob
114 447 299 487 eximiam
316 448 562 486 altitudinem
577 452 733 486 montes
754 447 791 485 in
809 451 959 486 tantum
977 452 1115 495 putant
1131 458 1327 495 erescere,

46 509 89 543 ut
114 504 270 543 illorum
298 503 527 552 magnitudo
557 503 706 542 sentire
734 504 833 542 solis
860 501 1046 542 viciniam
1076 502 1226 552 possit:
1261 514 1329 542 ex·
1349 513 1372 546 2

0 554 1 604 Ῑ
47 561 156 599 celsa
174 565 267 599 sunt
285 559 380 607 ista,
414 560 605 608 quamdiu
627 559 745 598 nobis
765 564 1052 608 conparantur:
1088 564 1128 598 at
1146 569 1242 598 vero
1262 560 1330 598 ubi

0 611 1 621 ¹
46 616 98 655 ad
114 616 346 655 universum
361 615 608 664 respexeris,
626 615 836 654 manifesta
851 620 912 653 est
928 615 1101 654 omnium
1117 615 1329 654 humilitas.

46 672 148 711 inter
184 682 228 710 se
263 672 475 710 vincuntur
503 677 542 710 et
565 672 748 710 vincunt:
788 676 962 710 ceterum
989 670 1028 709 in
1056 676 1207 710 tantum
1233 671 1329 709 nihil

46 727 266 773 adtollitur,
287 733 329 766 ut
349 727 386 765 in
409 727 620 766 collatione
637 726 758 766 totius
779 728 860 766 ulla
880 728 931 766 sit
949 727 1012 765 vel
1032 727 1215 766 maximis
1237 738 1330 776 por—

45 784 121 822 tio:
154 783 263 832 quod
290 783 367 821 nisi
388 787 516 828 esset,
552 794 631 822 non
654 783 879 822 diceremus
899 787 1023 822 totum
1046 783 1184 822 orbem
1204 788 1328 822 terra—

47 849 135 878 rum
169 838 287 888 pilam
322 849 428 877 esse.
469 838 577 877 Pilae
611 839 838 888 proprietas
868 844 930 878 est
963 849 1054 877 cum
1088 839 1329 888 aequalitate
1349 847 1371 881 3

49 895 220 943 quadam
261 894 499 934 rotunditas.
557 895 837 944 aequalitatem
876 900 1007 933 autem
1041 895 1181 943 accipe
1213 894 1329 942 hane,

48 961 168 1000 quam
197 949 312 990 vides
340 949 378 988 in
407 950 559 990 lusoria
588 951 680 1000 pila.
718 961 798 989 non
830 951 991 989 multum
1013 950 1068 992 illi
1093 951 1330 989 commissu—

46 1017 117 1045 rae
141 1012 180 1045 et
204 1006 329 1044 rimae
349 1017 486 1045 earum
505 1011 670 1054 nocent,
707 1018 788 1055 quo
810 1007 941 1045 minus
963 1017 1037 1055 par
1055 1006 1132 1045 sibi
1153 1006 1203 1045 ab
1224 1005 1331 1045 omni

47 1067 162 1111 parte
189 1062 361 1100 dicatur:
395 1062 598 1111 quomodo
627 1063 667 1100 in
695 1062 771 1101 hac
800 1063 881 1111 pila
906 1062 1002 1100 nihil
1029 1062 1096 1101 illa
1122 1061 1331 1102 intervalla

48 1118 230 1158 officiunt
253 1118 306 1156 ad
333 1119 510 1166 speciem
529 1117 709 1165 rotundi,
738 1119 798 1157 sic
824 1128 874 1156 ne
895 1117 934 1156 in
955 1118 1145 1157 universo
1169 1119 1330 1167 quidem

48 1174 146 1214 orbe
164 1179 357 1212 terrarum
376 1174 470 1212 editi
490 1179 666 1221 montes,
690 1185 857 1222 quorum
875 1174 1039 1213 altitudo
1055 1174 1176 1213 totius
1192 1174 1330 1212 mundi

47 1229 259 1268 collatione
287 1230 543 1268 consumitur.
581 1229 654 1277 Qui
687 1229 781 1268 dicit
799 1229 980 1268 altiorem
1005 1234 1201 1277 montem,
1237 1230 1331 1279 quia
1350 1235 1372 1268 4

46 1286 173 1325 solem
193 1285 363 1334 propius
383 1284 575 1334 excipiat,
608 1284 736 1333 magis
758 1286 889 1324 calere
912 1284 1079 1332 debere,
1110 1286 1176 1324 ille
1195 1285 1330 1324 dicere

46 1344 181 1391 potest
208 1340 430 1389 longiorem
458 1340 659 1381 hominem
688 1340 805 1380 eitius
828 1353 948 1391 quam
970 1341 1158 1390 pusillum
1180 1341 1330 1380 debere

47 1397 220 1436 calefieri
254 1401 294 1435 et
327 1401 447 1446 eaput
470 1397 586 1436 citius
622 1408 740 1446 quam
767 1398 915 1446 pedes:
949 1402 988 1435 at
1009 1396 1193 1446 quisquis
1217 1408 1329 1435 mun—

47 1454 141 1492 dum
167 1462 358 1490 mensura
387 1462 461 1490 sua
489 1452 759 1492 aestImaverit
786 1458 824 1492 et
853 1458 998 1491 terram
1019 1452 1255 1501 cogitaverit
1272 1458 1328 1491 te-

46 1519 142 1547 nere
169 1507 306 1556 puncti
332 1507 484 1555 locum,
519 1508 721 1557 intelleget
748 1508 843 1546 nihil
862 1509 901 1547 in
922 1508 989 1546 illa
1009 1519 1135 1557 posse
1155 1508 1331 1547 eminere

4 1566 8 1569 “
46 1565 120 1610 ita,
145 1569 188 1602 ut
217 1564 408 1603 coelestia
426 1564 554 1613 magis
574 1565 736 1611 sentiat,
765 1565 875 1604 velut
893 1565 933 1602 in
956 1564 1227 1613 propinquum
1254 1564 1330 1603 illis

48 1619 278 1659 accesserit.
312 1619 470 1658 Montes
496 1619 579 1667 isti,
609 1631 712 1669 quos
740 1619 984 1669 suspicimus
1013 1625 1052 1659 et
1070 1620 1244 1659 vertices
1265 1630 1331 1659 ae·
1350 1631 1371 1663 5

47 1681 159 1714 terna
186 1675 278 1714 nive
305 1676 490 1724 possessi
517 1675 772 1715 nihilominus
794 1676 831 1714 in
851 1676 931 1714 imo
952 1681 1056 1715 sunt.
1100 1683 1138 1715 et
1163 1676 1331 1725 propius

48 1731 209 1781 quidem
229 1737 291 1770 est
310 1742 334 1769 a
350 1732 441 1769 sole
460 1742 575 1770 mons
597 1743 715 1780 quam
735 1742 901 1781 campus
917 1738 983 1770 aut
998 1733 1143 1779 valleS,
1166 1732 1238 1770 sed
1260 1730 1331 1778 sic,

49 1787 254 1837 quomodo
276 1792 337 1826 est
359 1787 463 1835 pilus
485 1788 564 1835 pilo
586 1787 774 1826 crassior.
805 1787 882 1827 isto
900 1789 1003 1826 enim
1020 1788 1140 1826 modo
1159 1792 1198 1826 et
1212 1788 1333 1826 arbor

48 1844 123 1881 alia
150 1843 278 1891 magis
299 1853 419 1891 quam
448 1843 525 1881 alia
551 1842 703 1882 dicetur
721 1843 855 1882 vicina
886 1845 1022 1883 coelo:
1055 1844 1164 1892 quod
1186 1844 1332 1882 falsum

49 1903 128 1946 est,
152 1899 245 1947 quia
264 1898 366 1937 inter
382 1899 527 1947 pusilla
542 1910 620 1938 non
639 1904 772 1947 potest
791 1910 885 1938 esse
901 1910 1086 1948 magnum
1103 1900 1331 1945 discrimen,

48 1954 124 1993 nisi
141 1954 233 1993 dum
250 1953 351 1992 inter
367 1965 412 1993 se
428 1961 709 2004 conparantur.
740 1955 808 1994 ubi
824 1955 875 1994 ad
892 1956 1145 1994 collationem
1161 1955 1332 1993 inmensi

51 2010 232 2059 corporis
261 2014 423 2049 ventum
452 2015 533 2058 est,
569 2010 664 2049 nihil
691 2010 875 2056 interest,
912 2017 1061 2060 quanto
1083 2011 1133 2050 sit
1163 2012 1331 2050 alterum

51 2066 172 2105 altero
192 2066 341 2112 maius,
365 2067 476 2115 quia,
497 2066 651 2106 etiamsi
674 2077 817 2115 magno
839 2067 1086 2115 discrimine,
1109 2072 1240 2106 tamen
1261 2066 1330 2105 mi·
1395 2064 1399 2072 ”

53 2121 158 2160 nima
177 2121 400 2161 vincuntur.

132 2176 215 2215 XII.
243 2177 323 2217 Sed
340 2184 382 2217 ut
399 2178 450 2216 ad
472 2178 720 2227 propositum
740 2183 936 2226 revertar,
960 2183 1124 2228 propter
1138 2178 1211 2217 has
1230 2188 1330 2228 quas
1352 2184 1370 2216 1

53 2232 169 2270 retuli
200 2244 345 2273 causas
380 2234 585 2283 plerisque
619 2234 768 2282 placuit
800 2235 837 2273 in
866 2245 913 2273 ea
943 2240 1055 2283 parte
1077 2235 1179 2274 aeris
1199 2231 1330 2273 nivem

57 2287 231 2336 concipi,
265 2300 368 2338 quae
398 2290 530 2329 vicina
556 2290 672 2328 terris
704 2295 782 2336 est⁷
818 2296 857 2329 et
884 2291 975 2330 ideo
1004 2291 1132 2329 minus
1152 2291 1328 2340 adligari,

58 2343 152 2390 quia
178 2343 332 2385 minore
361 2345 494 2395 rigore
522 2346 613 2386 coit.
656 2357 747 2385 nam
773 2346 930 2386 vicinus
957 2357 1026 2386 aer
1046 2353 1083 2388 et
1099 2347 1193 2397 plus
1211 2346 1330 2386 habet
