1598 2606
357 170 425 209 DE
450 168 730 210 BENEFICIIS
760 168 856 208 LlB.
871 169 901 208 1.
927 172 1057 210 4—6.
1331 166 1356 208 7

83 273 204 312 currit
220 276 260 311 et
280 270 392 320 quod
410 270 578 310 traditur
598 270 911 320 possideturque
931 270 1060 309 solum
1081 273 1239 319 notant,
1265 279 1355 309 cum

83 332 219 368 contra
237 327 353 374 illud,
376 327 487 375 quod
501 326 540 365 in
555 337 600 365 re
621 337 758 366 carum
776 331 896 376 atque
913 325 1132 374 pretiosum
1149 331 1222 372 est,
1240 328 1359 376 parvi

76 384 264 434 pendunt.
301 383 412 422 Haec
433 393 538 432 quae
553 388 756 432 tenemus,
784 392 888 432 quae
909 381 1180 431 adspicimus,
1208 383 1248 421 in
1269 382 1354 432 qui·
1374 382 1397 417 3

81 440 156 479 bus
177 438 376 487 cupiditas
396 443 535 478 nostra
553 438 712 487 haeret,
745 439 900 478 caduca
919 443 1024 477 sunt.
1059 438 1218 477 auferre
1237 438 1356 478 nobis

81 505 128 533 ea
160 500 199 534 et
232 494 389 534 fortuna
421 498 461 534 et
492 494 637 534 iniuria
664 497 815 543 potest:
845 493 1086 533 beneficium
1113 504 1211 534 vero
1238 494 1356 533 etiam

81 550 229 589 amisso
250 561 312 598 eo,
335 561 407 599 per
429 550 538 599 quod
555 551 691 589 datum
711 554 784 597 est,
804 550 933 589 durat.
961 554 1024 588 est
1042 549 1148 589 enim
1169 555 1279 590 recte
1299 551 1356 589 fa·

80 611 198 654 ctum,
215 606 324 654 quod
344 606 501 645 inritum
520 607 629 645 nulla
648 607 710 645 vis
731 606 866 645 efficit.
897 606 1079 644 Amicum
1101 616 1125 645 a
1141 606 1279 655 piratis
1295 616 1357 645 re·
1376 604 1399 638 4

80 662 196 700 demi.
234 661 340 700 hunc
359 661 460 701 alius
480 662 610 701 hostis
631 662 790 710 excepit
810 660 907 701 etin
932 671 1135 700 carcerem
1159 662 1356 701 condidit:

80 729 161 757 non
175 717 411 757 beneficium
423 748 434 767 ,
455 718 530 757 sed
545 729 664 757 usum
678 716 864 756 beneficii
878 717 956 756 mei
973 716 1144 756 sustulit.
1182 717 1244 756 Ex
1259 728 1355 756 nau-

80 773 206 822 fragio
227 773 344 812 alicui
364 779 502 822 raptos
525 775 587 812 vel
614 784 666 812 ex
693 773 878 812 incendio
901 773 1049 812 liberos
1068 773 1239 812 reddidi.
1280 773 1356 813 lios

79 830 144 867 vel
162 829 326 868 morbus
346 830 410 868 vel
425 829 560 878 aliqua
574 829 734 868 fortuita
748 828 891 867 iniuria
905 828 1070 878 eripuit:
1089 833 1224 868 manet
1238 828 1356 868 etiam

81 884 170 923 sine
188 884 265 923 illis
287 886 397 933 quod
416 886 456 923 in
476 886 553 924 illis
574 885 709 924 datum
729 889 803 923 est.
842 884 983 924 Omnia
1004 884 1142 933 itaque
1163 895 1266 933 quae
1286 886 1356 925 sal·
1377 891 1398 924 5

82 951 170 979 sum
192 940 376 979 beneficii
395 951 540 979 nornen
556 945 773 990 usurpant,
793 940 1014 980 ministeria
1029 945 1140 988 sunt,
1162 951 1236 989 per
1253 952 1358 990 quae

82 1007 128 1035 se
146 997 331 1035 voluntas
360 997 488 1036 amica
515 997 701 1045 explicat.
738 996 827 1036 Hoc
853 995 894 1034 in
922 996 1010 1035 aliis
1041 1007 1205 1045 quoque
1233 996 1356 1036 rebus

81 1052 230 1099 evenit,
251 1057 294 1090 ut
313 1052 433 1090 aliubi
454 1051 504 1090 sit
527 1052 688 1100 species
706 1052 784 1100 rei,
813 1051 933 1090 aliubi
952 1052 1044 1100 ipsa
1062 1062 1142 1091 res.
1180 1053 1355 1101 Impera·
1377 1059 1398 1094 6

81 1112 144 1146 tor
162 1106 333 1155 aliquem
352 1107 583 1156 torquibus,
611 1108 752 1146 murali
781 1111 821 1145 et
840 1107 968 1145 civica
988 1107 1130 1146 donat:
1159 1108 1257 1156 quid
1287 1108 1355 1146 ha-

79 1162 148 1201 bet
166 1172 238 1211 per
254 1173 299 1200 se
327 1173 478 1201 corona
498 1163 747 1212 pretiosum?
784 1163 880 1211 quid
899 1166 1137 1211 praetexta?
1176 1164 1272 1212 quid
1299 1165 1356 1202 fa—

80 1222 201 1256 sces?
222 1218 317 1266 quid
333 1218 503 1258 tribunal
522 1223 562 1258 et
581 1222 750 1258 currus?
767 1217 864 1256 nihil
879 1218 1021 1257 horum
1036 1218 1167 1258 honor
1187 1223 1260 1266 est,
1283 1220 1356 1258 sed

79 1273 243 1312 honoris
264 1274 438 1322 insigne:
468 1274 527 1313 sic
547 1285 629 1312 non
650 1278 712 1312 est
726 1273 966 1313 beneficium
981 1274 1024 1312 id
1041 1275 1152 1324 quod
1167 1275 1243 1315 sub
1260 1285 1354 1314 ocu-

80 1330 141 1367 los
162 1329 289 1377 venit,
320 1330 394 1368 sed
413 1329 597 1368 beneficii
617 1330 830 1378 vestig-ium
855 1334 895 1368 et
913 1334 1019 1371 nota.
1401 1341 1406 1344 ’

163 1385 232 1423 VI.
272 1384 402 1432 Quid
436 1390 515 1424 est
548 1395 666 1434 ergo
707 1384 1048 1424 beneficium?
1106 1385 1357 1425 benevola
1380 1391 1396 1423 l

81 1441 216 1478 actio
250 1441 484 1480 tribuens
512 1441 748 1489 gaudium
784 1441 1106 1490 capiensque
1133 1441 1355 1481 tribuen-

82 1495 162 1542 do,
202 1495 250 1533 in
283 1495 332 1533 id
365 1497 498 1544 quod
526 1497 649 1535 facit
682 1507 841 1545 prona
868 1501 916 1535 et
943 1503 1127 1545 sponte
1156 1507 1247 1536 sua
1276 1507 1354 1546 pa-

80 1554 205 1588 rata.
263 1551 402 1598 Itaque
429 1563 510 1590 non
538 1552 634 1600 quid
660 1552 729 1591 fiat
756 1556 823 1591 aut
845 1552 943 1601 quid
971 1553 1086 1591 detur
1104 1553 1246 1600 refert,
1282 1554 1356 1592 sed

83 1615 163 1653 qua
182 1611 331 1654 mente,
361 1606 454 1654 quia
471 1605 710 1646 beneficium
729 1618 809 1647 non
830 1607 869 1646 in
890 1619 938 1647 eo
961 1609 1072 1656 quod
1091 1608 1135 1647 fit
1154 1613 1222 1647 aut
1240 1607 1356 1647 datur

83 1661 284 1707 consistit,
323 1662 398 1700 sed
427 1662 467 1700 in
492 1662 583 1710 ipso
606 1663 736 1701 dantis
768 1668 836 1702 aut
863 1663 1044 1702 facientis
1074 1664 1219 1703 animo.
1273 1664 1355 1702 Ma-
1375 1672 1397 1705 2

37 1746 40 1748 .
81 1726 203 1764 gnum
225 1721 355 1755 autem
376 1727 470 1755 esse
488 1717 588 1755 inter
607 1716 685 1756 ista
703 1718 916 1756 discrimen
935 1720 1000 1757 vel
1022 1729 1073 1758 ex
1100 1719 1178 1758 hoc
1205 1720 1354 1758 intelle-

81 1782 153 1820 gas
174 1773 288 1820 lieet,
318 1773 428 1820 quod
447 1772 685 1811 beneficium
707 1773 846 1822 utique
871 1773 1022 1813 bonum
1041 1779 1124 1822 est,
1154 1775 1196 1813 id
1224 1780 1356 1814 autem

83 1827 192 1876 quod
213 1828 257 1866 fit
277 1833 343 1866 aut
363 1829 497 1875 datur,
526 1839 600 1867 nec
627 1827 772 1867 bonurn
798 1839 874 1868 nec
894 1831 1041 1868 malum
1062 1834 1135 1869 est.
1185 1830 1355 1869 Animus

82 1889 144 1922 est
166 1883 231 1931 qui
252 1894 376 1932 parva
392 1884 562 1931 extollit,
587 1884 751 1922 sordida
767 1885 966 1933 inlustrat,
987 1896 1132 1934 inagna
1152 1891 1191 1925 et
1209 1886 1247 1924 in
1265 1896 1354 1934 pre-

81 1939 136 1977 tio
155 1938 289 1977 habita
309 1938 564 1978 dehonestat:
586 1939 676 1987 ipsa
696 1950 799 1988 quae
815 1941 1067 1988 adpetuntur,
1085 1946 1264 1980 neutram
1286 1951 1354 1979 na-

82 1998 210 2032 turam
229 1994 396 2041 habent,
426 2005 500 2032 nec
519 1994 613 2033 boni
633 2005 708 2032 nee
728 1996 831 2033 mali.
864 1997 1005 2044 refert,
1037 2008 1116 2045 quo
1139 1997 1205 2034 illa
1223 2002 1356 2036 rector

82 2049 263 2098 inpellat,
293 2059 318 2088 a
348 2061 426 2098 quo
455 2050 583 2089 forma
610 2050 731 2088 rebus
752 2051 880 2090 datur.
917 2052 1004 2090 Non
1024 2056 1086 2090 est
1115 2052 1351 2091 beneficium
1370 2061 1393 2096 3

81 2103 235 2153 ipsum,
264 2105 374 2152 quod
394 2110 623 2144 numeratur
642 2110 708 2144 aut
726 2106 910 2145 traditum
932 2106 1037 2145 sicut
1054 2118 1106 2146 ne
1123 2107 1164 2146 in
1183 2107 1352 2148 victimis

85 2159 255 2207 quidem,
271 2160 362 2199 licet
373 2161 528 2210 opimae
540 2162 617 2199 sint
627 2171 808 2209 auroque
820 2162 1104 2210 praefulgeant,
1116 2163 1281 2202 deorum
1291 2169 1353 2204 est

82 2214 222 2262 honor,
241 2216 313 2254 sed
325 2217 391 2264 pia
407 2227 454 2255 ac
469 2221 579 2256 reeta
595 2218 795 2255 voluntate
807 2218 1090 2256 venerantium.
1110 2218 1244 2267 itaque
1257 2219 1353 2259 boni

85 2270 200 2308 etiam
210 2271 312 2309 farre
324 2282 371 2309 ac
381 2272 492 2310 fitilla
505 2271 680 2320 religiosi
697 2276 800 2318 sunt,
816 2273 908 2311 mali
918 2284 1057 2312 rursus
1067 2284 1146 2312 non
1157 2274 1353 2323 effugiunt

84 2323 328 2375 inpietatem,
359 2327 540 2376 quamvis
571 2338 661 2367 aras
685 2327 878 2376 sanguine
903 2329 1026 2368 multo
1047 2331 1349 2370 cruentaverint.
