1676 2548
558 137 862 172 PRAEFATIO.
1339 144 1386 168 vn

43 247 139 276 nere,
164 235 280 277 quales
299 235 439 268 mendae
458 243 532 266 esse
551 232 680 265 soleant
698 232 733 263 111
752 230 923 263 codicibus
942 234 1009 261 tam
1022 227 1180 266 vetustis3
1205 236 1266 260 nec
1285 228 1386 260 credo

43 284 100 325 qui
123 283 204 315 artis
226 282 359 314 criticae
381 280 481 323 periti
504 284 600 318 sunt,
625 279 824 315 miraturos,
849 275 941 317 quod
962 276 996 307 in
1020 274 1190 306 mendosis
1212 274 1295 306 locis
1320 283 1386 306 non

44 328 218 362 recondita
239 328 353 368 aliqua
376 332 409 359 et
432 327 548 368 ignota
571 323 735 356 vocabula
757 322 950 365 indaganda
966 320 1158 353 existimavi
1176 319 1237 352 sed
1253 319 1308 352 vel
1326 330 1385 351 no-

43 375 174 407 tissima
195 379 228 406 et
247 373 353 406 multo
375 382 440 405 usu
455 372 536 404 trita
557 370 703 412 reposui.
723 369 836 403 Veluti
856 367 942 400 Dial.
957 367 1000 409 X,
1026 366 1081 405 13,
1106 365 1142 399 9.
1168 375 1245 398 cum
1267 366 1302 398 in
1324 375 1386 408 op-

42 421 124 453 timo
146 420 221 452 cod.
244 419 392 463 legatur:
417 427 522 460 quae
546 422 620 448 aut
644 415 758 448 farta
781 419 877 447 sunt
900 412 1141 445 mendaciis
1166 417 1238 444 aut
1263 413 1387 444 simi-

44 467 122 506 lia,
153 466 322 498 Fickertus
352 465 387 498 id
414 463 624 497 tolerandum
648 461 827 500 iudicavit3
859 460 986 492 novicii
1010 458 1139 491 librarii
1169 458 1388 490 emendarunt

43 513 151 545 ficta
181 513 379 550 scribentes,
409 520 476 542 non
509 509 526 542 f
529 513 637 544 arta;
672 508 815 549 denique
839 506 1015 547 Erasmus,
1050 514 1149 546 quem
1177 504 1311 546 plurimi
1334 513 1388 535 se-

45 559 111 591 cuti
129 564 223 600 sunt,
245 557 505 599 transpositione
523 554 674 587 adhibita
692 555 740 586 sic
756 553 908 595 scripsit:
935 561 1043 593 quae
1067 556 1136 583 aut
1161 550 1178 582 f
1182 551 1267 582 icta
1291 554 1388 581 sunt

46 609 118 638 ant
142 601 588 637 mendaciis-similia.
625 610 688 642 ego
714 599 817 632 multo
841 598 1027 641 simplicius
1059 597 1173 629 farta
1202 597 1329 628 mutavi
1353 596 1389 627 in

45 650 181 693 paria,
205 650 296 691 quod
317 649 414 681 unice
436 657 550 681 verum
573 647 723 684 videtur3
748 655 825 679 nam
847 645 920 676 sive
941 643 1055 676 farta
1078 643 1149 674 sive
1173 641 1282 674 ficta
1304 642 1388 674 scri-

46 697 126 734 bas,
150 702 303 728 neutrum
323 695 362 727 in·
380 704 437 727 eos
458 694 564 732 cadit,
585 702 671 734 quos
690 690 815 724 Seneca
832 690 954 723 fatetur
970 689 1036 721 fide
1054 689 1141 721 bona
1159 688 1289 727 dicere;
1315 697 1389 731 pa-

45 752 62 774 r
71 742 110 773 ia
128 747 238 774 autem
250 747 283 773 et
301 740 471 774 similia
488 739 685 780 saepissime
698 743 958 780 componuntnr;
982 735 1050 768 vid.
1063 735 1175 767 Burm.
1190 734 1234 767 ad
1247 733 1388 774 Quintil.

46 787 188 822 declam.
203 788 289 827 VIII,
313 798 342 819 c.
355 787 388 819 4.
415 787 458 819 cf.
474 786 520 819 ib.
533 785 576 823 V,
598 795 626 816 c.
640 783 698 817 13.
719 794 748 816 c.
764 783 820 816 16.
845 783 902 820 XI,
924 793 956 815 c.
972 782 992 814 5
1016 787 1099 813 extr.
1123 781 1224 812 Kritz.
1244 781 1288 813 ad
1307 780 1388 812 Sall.

47 833 120 869 Cat.
135 844 164 866 c.
179 834 234 871 14,
251 835 284 865 4.
314 832 381 864 Cic.
396 832 438 864 de
456 836 524 863 nat.
539 830 574 863 d.
591 830 631 871 II,
654 830 706 871 10,
726 830 758 870 §.
769 829 826 862 28.
851 828 958 871 Legg.
974 828 998 866 1,
1013 827 1066 866 10,
1083 828 1114 867 §-
1125 826 1181 859 29.
1201 826 1389 864 Liv.xxll‚

47 880 104 918 46,
129 880 164 913 5.
192 878 288 911 Ovid.
316 878 415 911 Trist.
429 879 478 916 11,
502 875 582 910 431.
608 876 745 915 Quintil.
760 874 812 914 X,
834 874 867 915 1,
891 874 968 908 102.
994 878 1094 914 atque
1121 874 1168 905 ita
1191 873 1266 915 ipse
1289 873 1390 905 etiam

49 925 176 957 Seneca
194 924 279 956 Dial.
293 924 353 962 ΠΙ,
381 923 436 963 10,
462 923 480 955 1
506 928 539 954 et
561 921 596 954 3.
1064 931 1066 933 ’

138 971 220 1003 Item
239 969 326 1003 Dial.
341 968 430 1008 VIII,
451 970 482 1009 1,
502 969 535 1006 4,
555 968 614 999 ubi
632 968 667 999 in
686 966 906 999 deterioribus
925 966 1020 998 libris
1040 969 1109 997 est:
1135 965 1247 997 eruti
1267 974 1391 997 manu

48 1017 101 1049 vel
123 1021 246 1049 eruta
266 1025 405 1057 manu,
429 1015 463 1046 in
476 1013 600 1056 optimo
620 1013 729 1045 eniti
747 1022 886 1052 manu,
904 1012 1039 1055 Lipsius
1054 1012 1211 1043 coniecit:
1237 1017 1391 1047 mente,

50 1072 186 1102 manu,
217 1061 443 1104 Ruhkopfius:
475 1060 568 1091 miti
598 1069 740 1098 manu,
772 1058 857 1091 nihil
885 1059 922 1091 in
942 1069 1012 1090 rem
1042 1058 1248 1100 propositam
1277 1058 1392 1100 aptius

48 1112 119 1140 erat
139 1117 242 1149 quam
261 1108 405 1140 scribere
433 1104 564 1139 senili
590 1115 712 1137 manu
735 1105 918 1138 mutatione
941 1104 1132 1142 levissima,
1156 1113 1266 1136 cums
1283 1102 1392 1136 littera

48 1154 187 1196 perierit
209 1153 251 1186 ob
275 1153 525 1186 antecedentem
547 1152 708 1191 eandem,
730 1156 746 1183 t
764 1150 864 1183 facile
890 1160 932 1183 ex
956 1152 969 1183 l
991 1156 1070 1182 nata
1090 1150 1144 1182 sit.

139 1199 230 1232 Loco
252 1204 364 1231 autem
385 1208 493 1241 paene
515 1198 691 1240 desperato
717 1197 759 1229 de
780 1196 883 1229 Clem.
903 1197 950 1237 Π,
973 1196 1013 1235 6,
1036 1195 1057 1229 3
1077 1196 1196 1228 videor
1217 1195 1299 1228 mihi
1321 1205 1392 1229 rem

50 1246 173 1287 optime
197 1246 363 1287 gessisse,
388 1244 478 1286 quod
502 1247 798 1275 aeruscantem
822 1244 956 1275 civem
980 1241 1114 1285 expuli,
1141 1252 1241 1282 quem
1265 1241 1392 1274 Grono-

49 1292 124 1323 vius
146 1291 315 1323 doctrinae
343 1291 449 1333 copiis
472 1289 560 1322 male
583 1299 665 1320 usus
689 1289 788 1331 longe
811 1289 1030 1321 areessiverat
1052 1298 1096 1320 ex
1112 1288 1209 1320 Festo
1230 1292 1263 1320 et
1287 1287 1393 1320 Gellio

51 1337 151 1377 idque
177 1346 217 1368 eo
251 1336 342 1374 loco,
373 1347 438 1377 quo
469 1336 511 1368 de
540 1335 614 1367 cive
642 1334 788 1376 cogitare
818 1334 1060 1366 alienissimum
1083 1338 1150 1372 est;
1183 1345 1246 1377 ego
1267 1333 1394 1366 codicis

51 1382 226 1416 Nazariani
250 1382 376 1414 litteras
398 1386 551 1414 accurate
573 1385 726 1419 secutus,
751 1380 814 1412 nisi
836 1380 927 1421 quod
944 1379 1000 1412 hic
1020 1390 1152 1421 quoque
1170 1381 1257 1422 lpro
1270 1381 1394 1422 tposui

51 1434 84 1460 et
103 1437 228 1470 paucas
247 1428 331 1460 alias
351 1428 490 1460 mendas
514 1426 708 1459 manifestas
724 1426 771 1458 ita
790 1427 920 1458 correxi
939 1431 976 1458 ut
996 1426 1054 1459 alii
1072 1426 1236 1469 fecerant,
1258 1437 1277 1458 e
1298 1436 1393 1458 mon-

52 1479 161 1506 strosa
183 1475 345 1516 scriptura
371 1474 590 1506 oberusati
618 1472 920 1505 cuiusaredum
946 1478 1019 1504 aut
1041 1482 1183 1514 panno
1206 1472 1288 1504 iam
1308 1482 1393 1504 ma-

54 1519 160 1550 ciem
181 1520 283 1551 etin
305 1529 454 1552 noxam
477 1518 632 1551 baculo
654 1523 923 1550 senectutem
948 1518 1048 1550 elicui
1072 1527 1184 1550 veram
1207 1517 1310 1550 hanc:
1345 1519 1394 1550 ob

54 1574 149 1596 crus
171 1564 363 1596 alicuius
388 1565 552 1601 aridum
576 1570 649 1597 aut
676 1574 914 1606 pannosam
936 1565 1116 1597 maciem
1142 1569 1182 1597 et
1206 1564 1394 1596 innixam

53 1609 208 1642 baculo
233 1614 517 1649 senectutem,
548 1621 628 1643 sane
652 1620 713 1652 pro
739 1610 846 1642 doctis
873 1610 945 1642 illis.
965 1610 1125 1643 Gronovii
1149 1611 1302 1652 cupediis
1325 1620 1396 1642 rem

53 1655 282 1687 tenuissimam
307 1660 339 1687 et
365 1656 556 1698 despectam
578 1665 789 1699 proponens,
815 1656 876 1688 sed
897 1666 982 1697 quae
1006 1657 1082 1698 ipsa
1103 1661 1154 1688 est
1178 1656 1316 1688 consilio
1335 1654 1395 1687 Se-

54 1711 155 1733 necae
182 1701 373 1742 aptissima3
406 1702 453 1734 ita
482 1703 568 1734 enim
600 1712 723 1744 magna
755 1703 920 1745 gravitate
951 1702 1014 1734 rei'
1029 1702 1231 1744 indignitas,
1264 1702 1306 1734 de
1329 1712 1395 1743 qua

55 1747 182 1789 agitur,
209 1746 463 1779 dfflnonstratur.
511 1747 593 1780 Orus
615 1749 743 1780 aridum
762 1754 799 1781 ut
820 1749 854 1780 in
876 1748 1085 1791 elegantibus
1105 1748 1296 1780 hominibus
1316 1757 1394 1779 con-

54 1792 210 1824 tumeliae
230 1792 302 1825 loco
327 1798 395 1832 est,
421 1793 468 1825 ita
488 1793 576 1825 idem
599 1794 634 1825 in
658 1794 794 1836 egenis,
820 1794 909 1827 fame
931 1805 970 1826 ac
991 1795 1095 1826 macie
1115 1794 1277 1826 confectis
1295 1793 1394 1826 mise-

57 1839 237 1871 ricordiam
265 1843 298 1870 et
321 1839 374 1871 vel
398 1839 551 1871 lacrimas
574 1849 639 1871 non
661 1841 797 1881 quidem
817 1841 1004 1882 sapientum
1028 1840 1090 1872 sed
1117 1839 1266 1871 mollium
1286 1838 1393 1871 homi-

55 1893 135 1915 num
156 1884 300 1916 excitare
321 1890 442 1927 potest.
489 1885 580 1917 Dixit
601 1891 711 1918 antem
733 1887 855 1918 arida
875 1896 999 1918 crura
1019 1885 1117 1918 Ovid.
1132 1886 1175 1917 A.
1188 1885 1231 1917 A.
1244 1885 1297 1924 111,
1312 1885 1392 1918 272.

56 1929 100 1961 cf.
122 1929 217 1961 Rem.
240 1930 316 1964 Am.
330 1929 407 1964 317.
434 1941 495 1962 nec
513 1929 639 1963 Seneca
659 1931 832 1964 hominum
852 1942 950 1965 crura
968 1931 1134 1975 neglexit;
1167 1931 1234 1965 vid.
1252 1930 1338 1963 Dial.
1352 1931 1391 1970 11,

61 1974 112 2013 16,
135 1976 168 2007 4.
195 1974 250 2014 18,
274 1976 306 2008 1.
334 1976 440 2018 Epist.
455 1976 511 2015 92,
534 1975 591 2010 18.

147 2021 322 2054 Praeterea
348 2022 382 2053 in
407 2023 544 2054 vetustis
575 2023 668 2055 libris
696 2023 761 2055 illis
788 2024 888 2056 etiam
919 2022 1086 2055 scribendi
1110 2022 1306 2065 compendia
1326 2032 1392 2055 non

56 2071 234 2109 potuerunt
259 2067 341 2099 talia
369 2077 462 2110 esse,
495 2068 607 2109 qualia
633 2074 750 2111 postea
771 2068 978 2111 frequentata
1015 2072 1110 2107 sunu
1141 2073 1241 2110 atque
1267 2069 1394 2101 codicis

57 2111 191 2144 Mediol.
214 2112 367 2145 librarius
387 2114 445 2146 ubi
469 2113 680 2146 festinantius
703 2114 851 2157 scripsit,
873 2114 909 2152 id
933 2114 1023 2155 quod
1046 2115 1192 2147 maxime
1215 2115 1336 2147 accidit
1358 2115 1394 2146 in

58 2157 146 2190 Dial.
161 2158 232 2200 V1.‚
253 2169 320 2191 non
342 2160 441 2191 certis
463 2161 670 2202 compendiis
693 2170 775 2192 usus
796 2165 862 2199 est,
888 2161 949 2193 sed
967 2171 1068 2193 voces
1090 2162 1190 2194 variis
1209 2161 1318 2193 modis
1332 2160 1393 2192 ali-

0 2221 3 2224 ·
57 2204 191 2244 quando
212 2205 247 2236 in
269 2204 398 2243 medio,
422 2205 619 2248 plerumque
641 2207 676 2238 in
700 2206 765 2238 fine
791 2207 973 2246 truncavit3
998 2207 1110 2248 itaque
1130 2208 1164 2239 in
1183 2206 1240 2239 illa
1258 2207 1393 2248 quidem

58 2249 136 2281 libri
152 2254 248 2292 parte
263 2249 350 2282 nial.
364 2251 429 2294 VI,
455 2251 510 2294 17,
531 2251 564 2285 6.
587 2262 649 2295 pro
674 2252 828 2294 incidi,
855 2252 945 2293 quod
965 2257 1015 2285 est
1036 2253 1071 2284 in
1096 2253 1230 2295 codice,
1254 2262 1320 2285 non
1342 2258 1394 2284 est

0 2324 5 2347 r,
61 2295 221 2328 audacius
241 2296 282 2328 in
290 2296 327 2328 ci
336 2296 357 2329 d
365 2297 376 2329 i
385 2307 401 2329 s
410 2306 426 2329 s
437 2307 455 2329 e
463 2301 477 2329 t
496 2298 642 2330 scribere
660 2308 759 2339 quam
782 2298 823 2330 in
832 2298 868 2330 ci
877 2298 938 2331 dit
947 2309 957 2336 ;
981 2298 1064 2331 illud
1084 2299 1194 2341 poscit
1211 2298 1394 2330 sententiae

0 2349 8 2385 ς»
58 2345 239 2381 structura,
260 2341 324 2376 hoc
344 2343 374 2375 si
395 2353 511 2377 verum
533 2348 640 2388 esset,
662 2344 722 2377 vix
741 2344 823 2377 tanti
847 2348 917 2378 erat
937 2343 1073 2379 librario
1092 2354 1192 2378 unam
1215 2343 1394 2378 litterulam
