1592 2580
261 154 342 196 282
634 154 676 193 L.
703 153 894 192 ΑΝΝΑΕΙ
922 153 1146 193 SENECAE

260 260 374 303 gatur
398 257 437 292 et
462 250 621 301 spiritu,
653 251 719 300 qui
748 262 820 300 per
845 263 920 292 sua
945 252 1081 292 itinera
1109 252 1291 292 decurrit.
1325 251 1515 291 habemus

260 315 389 348 autem
409 306 637 355 angustiora
653 307 849 356 quaedam
866 309 1116 356 receptacula
1133 309 1285 346 animae
1296 337 1306 355 ‚
1327 317 1398 355 per
1414 317 1517 355 quae

260 363 355 401 nihil
374 362 542 411 amplius
563 372 680 409 quam
702 367 822 410 meat,
846 362 1041 411 quaedam
1057 362 1290 411 patentiora,
1318 361 1356 399 in
1375 361 1516 410 quibus

261 418 455 465 colligitur
482 421 521 454 et
545 416 653 455 unde
672 416 856 455 dividitur
873 417 912 454 in
932 421 1076 464 partes.
1123 415 1189 455 Sic
1204 417 1281 455 hoc
1300 421 1422 455 totum
1440 421 1516 454 ter-

260 483 390 510 rarum
418 471 589 510 omnium
620 481 764 520 corpus
793 475 832 510 et
858 471 993 519 aquis,
1029 481 1132 519 quae
1158 470 1286 509 vicem
1314 470 1517 518 sanguinis

260 531 412 573 tenent,
450 531 490 565 et
515 524 662 573 ventis,
699 536 800 574 quos
828 525 922 563 nihil
949 524 1056 563 aliud
1083 525 1172 574 quis
1201 535 1318 573 quam
1350 524 1517 562 animam

262 581 483 628 vocaverit,
514 580 693 629 pervium
721 585 794 619 est.
830 579 928 618 haec
955 580 1034 618 duo
1057 579 1172 618 aliubi
1194 583 1370 626 currunt,
1400 578 1517 617 aliubi

225 639 246 671 2
263 637 494 675 consistunt.
548 634 628 673 Sed
657 634 986 683 quemadmodum
1013 635 1050 672 in
1080 643 1247 682 corpore
1267 638 1404 672 nostro
1425 633 1516 671 dum

263 692 367 730 bona
394 690 566 729 valitudo
595 694 674 737 est,
704 699 892 727 venarum
920 698 1079 737 quoque
1105 688 1371 736 inperturbata
1395 686 1517 725 mobi-

264 747 350 785 litas
382 745 542 784 modum
574 748 724 792 servat,
759 742 827 782 ubi
854 742 1002 792 aliquid
1029 742 1186 781 adversi
1220 747 1299 789 est,
1335 746 1374 780 et
1403 741 1521 779 micat

263 800 440 838 crebrius
467 804 506 837 et
537 798 711 847 suspiria
741 803 860 846 atque
886 797 1080 837 anhelitus
1108 797 1321 836 laborantis
1350 806 1395 834 ac
1423 795 1520 834 sessi

263 855 378 903 signa
405 858 515 893 sunt:
544 854 598 892 ita
624 852 739 891 terris
767 863 927 901 quoque
955 853 1048 891 dum
1074 852 1216 900 positio
1240 850 1426 889 naturalis
1447 854 1519 897 est,

264 910 529 948 inconcussae
555 913 725 947 manent.
773 918 861 945 cum
889 906 1035 955 aliquid
1070 911 1276 955 peccatur,
1304 910 1385 943 tum
1412 904 1521 942 velut

262 963 372 1012 aegri
392 963 572 1012 corporis
591 967 720 1001 motus
743 966 822 1009 est,
853 961 993 1010 spiritu
1011 961 1096 1008 illo,
1117 960 1184 1010 qui
1198 959 1415 998 modestius
1431 969 1520 1007 per-

264 1019 431 1066 fluebat,
460 1018 536 1056 icto
563 1016 833 1055 vehementius
853 1021 891 1054 et
912 1020 1125 1064 quassante
1144 1025 1267 1053 venas
1289 1025 1405 1060 suas,
1433 1024 1520 1060 nec,

263 1078 305 1112 ut
325 1073 378 1111 illi
397 1073 514 1121 paulo
534 1077 624 1110 ante
644 1071 847 1118 dicebant,
866 1071 1010 1119 quibus
1030 1071 1172 1108 animal
1191 1071 1321 1117 placet
1339 1078 1431 1107 esse
1445 1074 1519 1106 ter-

263 1138 364 1165 ram:
393 1138 485 1165 nam
511 1126 545 1164 si
571 1126 648 1165 hoc
673 1130 752 1173 est,
782 1124 1112 1174 quemadmodum
1141 1124 1280 1162 animal
1303 1128 1384 1161 tota
1401 1132 1519 1160 vexa·

264 1182 410 1221 tionem
438 1181 590 1218 sentiet.
633 1189 767 1227 neque
789 1180 893 1217 enim
919 1179 957 1216 in
984 1179 1099 1218 nobis
1125 1178 1244 1216 febris
1271 1178 1368 1215 alias
1389 1181 1521 1224 parles

264 1235 515 1274 mordacius
506 1234 674 1283 inpellit,
695 1233 767 1272 sed
784 1243 856 1281 per
871 1233 1001 1271 omnia
1021 1233 1104 1281 pari
1119 1231 1355 1280 aequalitate
1371 1231 1520 1269 discur-

228 1291 324 1332 31it.
369 1289 473 1327 Vide
500 1299 615 1338 ergo,
642 1287 834 1336 numquid
858 1289 974 1326 intret
999 1286 1038 1325 in
1065 1287 1170 1324 illam
1198 1285 1359 1334 spiritus
1378 1295 1428 1322 ex
1448 1284 1520 1322 cir—

267 1344 447 1383 cumfuso
474 1346 586 1406 aere,
617 1343 684 1391 qui
711 1341 900 1391 quamdiu
925 1341 1044 1380 habet
1069 1341 1233 1388 exitum,
1271 1339 1356 1378 sine
1381 1337 1522 1377 inluria

266 1400 419 1437 labitur.
457 1397 492 1436 si
515 1398 678 1437 offendit
696 1396 844 1444 aliquid
863 1400 902 1434 et
922 1395 1076 1443 incidit,
1105 1394 1212 1443 quod
1230 1394 1334 1431 viam
1354 1393 1521 1439 claudat,

266 1460 359 1492 tunc
389 1458 572 1491 oneratur
596 1451 721 1500 primo
748 1451 977 1489 infundente
1004 1460 1048 1488 se
1067 1460 1090 1487 a
1108 1455 1219 1497 tergo
1240 1450 1343 1486 aere.
1380 1446 1522 1485 deinde

268 1518 339 1558 per
357 1507 526 1555 aliquam
546 1507 681 1544 rimam
702 1506 870 1553 maligne
891 1504 989 1552 fugit
1003 1509 1041 1542 et
1055 1504 1131 1543 hoc
1147 1503 1275 1542 acrius
1293 1504 1422 1548 fertur,
1444 1510 1522 1550 quo

268 1561 487 1611 angustius.
515 1561 556 1600 id
575 1561 660 1600 sine
678 1570 812 1609 pugna
829 1570 907 1598 non
928 1563 1059 1607 potest
1076 1558 1180 1606 fieri,
1202 1568 1276 1596 nec
1290 1567 1423 1605 pugna
1438 1557 1523 1594 sine

231 1623 386 1656 4motu.
429 1618 483 1655 At
507 1616 542 1654 si
569 1626 617 1654 ne
643 1615 782 1653 rimam
810 1614 989 1662 quidem,
1024 1623 1096 1662 per
1129 1623 1246 1661 quam
1277 1611 1433 1656 effluat,
1465 1610 1521 1647 in·

267 1684 292 1709 v
295 1671 393 1718 enit,
417 1670 676 1718 conglobatus
692 1669 768 1708 illic
784 1669 876 1707 furit
890 1674 929 1707 et
943 1668 1021 1706 huc
1037 1673 1156 1716 atque
1171 1667 1237 1705 illo
1253 1664 1524 1712 circumagitur

269 1727 424 1774 aliaque
451 1725 585 1772 deicit,
610 1725 685 1762 alia
711 1723 922 1771 intercidit,
951 1733 1040 1761 cum
1068 1720 1318 1761 tenuissimus
1340 1720 1524 1766 idemque

268 1780 509 1819 fortissimus
538 1784 577 1818 et
602 1779 756 1826 inrepat
781 1777 962 1826 quamvis
989 1777 1028 1815 in
1056 1777 1257 1816 obstructa
1276 1780 1314 1814 et
1337 1772 1524 1823 quicquid

269 1833 445 1882 intravit,
472 1833 514 1872 vi
541 1844 614 1872 sua
640 1833 799 1871 diducat
822 1842 866 1870 ac
886 1831 1070 1879 dissipet.
1105 1835 1198 1869 tunc
1224 1835 1327 1869 terra
1349 1829 1522 1866 iactatur.

270 1893 336 1928 aut
355 1888 457 1928 enim
478 1888 617 1926 datura
636 1892 751 1926 vento
773 1888 904 1925 locum
923 1886 1107 1930 discedit,
1138 1890 1204 1923 aut
1223 1894 1309 1922 cum
1332 1882 1456 1927 dedit,
1484 1881 1523 1918 in

271 1945 418 1992 ipsam,
448 1953 526 1992 qua
551 1943 657 1981 illum
678 1940 823 1988 emisit,
855 1951 1064 1980 cavernam
1083 1940 1334 1979 fundamento
1357 1911 1526 1984 spoliata

273 1998 456 2038 considit.

353 2052 439 2090 XV.
474 2050 676 2099 Quidam
705 2050 772 2088 ita
799 2049 1109 2088 existimant·
1139 2048 1258 2086 Terra
1275 2044 1405 2083 multis
1426 2044 1524 2083 locis

274 2107 475 2155 perforata
493 2110 554 2144 est
571 2115 644 2143 nec
663 2109 812 2143 tantum
830 2103 979 2152 primos
999 2104 1087 2142 illos
1109 2102 1236 2141 aditus
1254 2100 1390 2142 habet,
1423 2108 1525 2147 quos

273 2162 382 2200 velut
401 2160 639 2209 spiramenta
657 2159 706 2197 ab
725 2158 834 2198 initio
855 2158 916 2197 sui
937 2158 1105 2206 recepit,
1133 2156 1205 2195 sed
1222 2155 1365 2193 multos
1388 2153 1441 2191 illi
1462 2163 1524 2191 ca-

276 2226 346 2254 sus
374 2215 568 2264 inposuit·
604 2213 722 2252 aliubi
749 2213 927 2260 deduxit,
963 2211 1151 2262 quicquid
1182 2219 1354 2258 superne
1383 2206 1526 2246 terreni

278 2275 378 2317 erat,
407 2280 531 2319 aqua,
563 2269 637 2308 alia
657 2273 849 2308 torrentes
870 2267 1067 2314 cecidere,
1097 2265 1161 2304 illa
1181 2264 1356 2303 aestibus
1375 2260 1526 2311 magnis
