<?xml version="1.0" encoding="UTF-8"?>
<!DOCTYPE html PUBLIC "-//W3C//DTD XHTML 1.0 Transitional//EN"
    "http://www.w3.org/TR/xhtml1/DTD/xhtml1-transitional.dtd">
<html xmlns="http://www.w3.org/1999/xhtml" xml:lang="en" lang="en">
 <head>
  <title>
</title>
<meta http-equiv="Content-Type" content="text/html;charset=utf-8" />
  <meta name='ocr-system' content='tesseract 3.04.00' />
  <meta name='ocr-capabilities' content='ocr_page ocr_carea ocr_par ocr_line ocrx_word'/>
</head>
<body>
  <div class='ocr_page' id='page_1' title='image "./operaquaesupersu01seneuoft/operaquaesupersu01seneuoft_0534.png"; bbox 0 0 1592 2580; ppageno 0'>
   <div class='ocr_carea' id='block_1_1' title="bbox 245 167 1166 228">
    <p class='ocr_par' dir='ltr' id='par_1_1' title="bbox 245 167 1166 228">
     <span class='ocr_line' id='line_1_1' title="bbox 245 167 1166 228; baseline -0.009 -15"><span class='ocrx_word' id='word_1_1' title='bbox 245 219 253 228; x_wconf 33' lang='lat'><strong>¹</strong></span> <span class='ocrx_word' id='word_1_2' title='bbox 279 172 358 213; x_wconf 80' lang='lat'>208</span> <span class='ocrx_word' id='word_1_3' title='bbox 648 170 692 208; x_wconf 89' lang='lat' dir='ltr'>L.</span> <span class='ocrx_word' id='word_1_4' title='bbox 720 169 909 217; x_wconf 79' lang='lat' dir='ltr'><strong>ANNAEI</strong></span> <span class='ocrx_word' id='word_1_5' title='bbox 938 167 1166 208; x_wconf 20' lang='lat' dir='ltr'><strong>SENECAE*</strong></span> 
     </span>
    </p>
   </div>
   <div class='ocr_carea' id='block_1_2' title="bbox 244 269 1544 2334">
    <p class='ocr_par' dir='ltr' id='par_1_2' title="bbox 282 269 1531 317">
     <span class='ocr_line' id='line_1_2' title="bbox 282 269 1531 317; baseline -0.002 -8"><span class='ocrx_word' id='word_1_6' title='bbox 282 271 516 310; x_wconf 80' lang='lat' dir='ltr'>claudentia.</span> <span class='ocrx_word' id='word_1_7' title='bbox 551 270 642 308; x_wconf 90' lang='lat' dir='ltr'>inde</span> <span class='ocrx_word' id='word_1_8' title='bbox 663 274 723 308; x_wconf 91' lang='lat' dir='ltr'>est</span> <span class='ocrx_word' id='word_1_9' title='bbox 742 280 884 316; x_wconf 88' lang='lat' dir='ltr'>sonus,</span> <span class='ocrx_word' id='word_1_10' title='bbox 909 279 1023 317; x_wconf 90' lang='lat' dir='ltr'>quem</span> <span class='ocrx_word' id='word_1_11' title='bbox 1042 280 1117 308; x_wconf 91' lang='lat' dir='ltr'>nos</span> <span class='ocrx_word' id='word_1_12' title='bbox 1135 269 1316 308; x_wconf 77' lang='lat' dir='ltr'>tonitrum</span> <span class='ocrx_word' id='word_1_13' title='bbox 1331 270 1531 307; x_wconf 86' lang='lat' dir='ltr'>vocamus.</span> 
     </span>
    </p>

    <p class='ocr_par' dir='ltr' id='par_1_3' title="bbox 244 324 1534 538">
     <span class='ocr_line' id='line_1_3' title="bbox 244 324 1532 373; baseline -0.002 -9"><span class='ocrx_word' id='word_1_14' title='bbox 244 336 266 368; x_wconf 80' lang='lat'><strong>2</strong></span> <span class='ocrx_word' id='word_1_15' title='bbox 283 328 323 364; x_wconf 91' lang='lat' dir='ltr'>ln</span> <span class='ocrx_word' id='word_1_16' title='bbox 351 326 440 373; x_wconf 84' lang='lat' dir='ltr'>ipso</span> <span class='ocrx_word' id='word_1_17' title='bbox 471 335 630 373; x_wconf 88' lang='lat' dir='ltr'>quoque</span> <span class='ocrx_word' id='word_1_18' title='bbox 657 327 747 362; x_wconf 75' lang='lat' dir='ltr'>aere</span> <span class='ocrx_word' id='word_1_19' title='bbox 775 324 963 372; x_wconf 87' lang='lat' dir='ltr'>quicquid</span> <span class='ocrx_word' id='word_1_20' title='bbox 990 328 1240 370; x_wconf 80' lang='lat' dir='ltr'><strong>extenuatur,</strong></span> <span class='ocrx_word' id='word_1_21' title='bbox 1270 324 1382 361; x_wconf 88' lang='lat' dir='ltr'>simul</span> <span class='ocrx_word' id='word_1_22' title='bbox 1401 328 1437 362; x_wconf 84' lang='lat' dir='ltr'>et</span> <span class='ocrx_word' id='word_1_23' title='bbox 1458 324 1532 361; x_wconf 89' lang='lat' dir='ltr'>sic-</span> 
     </span>
     <span class='ocr_line' id='line_1_4' title="bbox 284 378 1533 427; baseline -0.003 -8"><span class='ocrx_word' id='word_1_24' title='bbox 284 386 393 419; x_wconf 85' lang='lat' dir='ltr'>catur</span> <span class='ocrx_word' id='word_1_25' title='bbox 419 386 458 418; x_wconf 92' lang='lat' dir='ltr'>et</span> <span class='ocrx_word' id='word_1_26' title='bbox 484 380 624 418; x_wconf 82' lang='lat' dir='ltr'>calefit.</span> <span class='ocrx_word' id='word_1_27' title='bbox 661 379 738 417; x_wconf 89' lang='lat' dir='ltr'>hoc</span> <span class='ocrx_word' id='word_1_28' title='bbox 766 388 926 427; x_wconf 88' lang='lat' dir='ltr'>quoque</span> <span class='ocrx_word' id='word_1_29' title='bbox 954 378 986 416; x_wconf 93' lang='lat' dir='ltr'>si</span> <span class='ocrx_word' id='word_1_30' title='bbox 1009 379 1199 417; x_wconf 88' lang='lat' dir='ltr'>inclusum</span> <span class='ocrx_word' id='word_1_31' title='bbox 1220 382 1299 423; x_wconf 88' lang='lat' dir='ltr'>est,</span> <span class='ocrx_word' id='word_1_32' title='bbox 1329 388 1457 425; x_wconf 92' lang='lat' dir='ltr'>aeque</span> <span class='ocrx_word' id='word_1_33' title='bbox 1475 379 1533 416; x_wconf 80' lang='lat' dir='ltr'>fu-</span> 
     </span>
     <span class='ocr_line' id='line_1_5' title="bbox 283 432 1533 482; baseline -0.002 -10"><span class='ocrx_word' id='word_1_34' title='bbox 283 445 372 482; x_wconf 84' lang='lat' dir='ltr'>gam</span> <span class='ocrx_word' id='word_1_35' title='bbox 394 433 547 482; x_wconf 86' lang='lat' dir='ltr'>quaerit</span> <span class='ocrx_word' id='word_1_36' title='bbox 566 439 604 472; x_wconf 90' lang='lat' dir='ltr'>et</span> <span class='ocrx_word' id='word_1_37' title='bbox 622 443 711 471; x_wconf 88' lang='lat' dir='ltr'>cum</span> <span class='ocrx_word' id='word_1_38' title='bbox 731 443 832 471; x_wconf 90' lang='lat' dir='ltr'>sono</span> <span class='ocrx_word' id='word_1_39' title='bbox 853 432 985 470; x_wconf 86' lang='lat' dir='ltr'>evadit</span> <span class='ocrx_word' id='word_1_40' title='bbox 1004 443 1049 471; x_wconf 86' lang='lat' dir='ltr'>ac</span> <span class='ocrx_word' id='word_1_41' title='bbox 1068 434 1184 471; x_wconf 91' lang='lat' dir='ltr'>modo</span> <span class='ocrx_word' id='word_1_42' title='bbox 1205 432 1429 470; x_wconf 88' lang='lat' dir='ltr'>universam</span> <span class='ocrx_word' id='word_1_43' title='bbox 1448 442 1533 470; x_wconf 88' lang='lat' dir='ltr'>eru-</span> 
     </span>
     <span class='ocr_line' id='line_1_6' title="bbox 287 487 1534 538; baseline -0.002 -11"><span class='ocrx_word' id='word_1_44' title='bbox 287 489 457 538; x_wconf 89' lang='lat' dir='ltr'>ptionem</span> <span class='ocrx_word' id='word_1_45' title='bbox 476 489 568 526; x_wconf 83' lang='lat' dir='ltr'>facit</span> <span class='ocrx_word' id='word_1_46' title='bbox 586 498 716 535; x_wconf 88' lang='lat' dir='ltr'>eoque</span> <span class='ocrx_word' id='word_1_47' title='bbox 735 487 1005 525; x_wconf 86' lang='lat' dir='ltr'>vehementius</span> <span class='ocrx_word' id='word_1_48' title='bbox 1024 487 1192 532; x_wconf 85' lang='lat' dir='ltr'>intonat,</span> <span class='ocrx_word' id='word_1_49' title='bbox 1216 487 1334 525; x_wconf 90' lang='lat' dir='ltr'>modo</span> <span class='ocrx_word' id='word_1_50' title='bbox 1357 497 1427 534; x_wconf 90' lang='lat' dir='ltr'>per</span> <span class='ocrx_word' id='word_1_51' title='bbox 1447 497 1534 534; x_wconf 87' lang='lat' dir='ltr'>par-</span> 
     </span>
    </p>

    <p class='ocr_par' dir='ltr' id='par_1_4' title="bbox 247 541 1537 807">
     <span class='ocr_line' id='line_1_7' title="bbox 247 541 1536 590; baseline -0.004 -8"><span class='ocrx_word' id='word_1_52' title='bbox 247 554 270 589; x_wconf 85' lang='lat'><strong>3</strong></span> <span class='ocrx_word' id='word_1_53' title='bbox 287 541 344 582; x_wconf 89' lang='lat' dir='ltr'>tes</span> <span class='ocrx_word' id='word_1_54' title='bbox 364 548 403 581; x_wconf 91' lang='lat' dir='ltr'>et</span> <span class='ocrx_word' id='word_1_55' title='bbox 422 542 647 581; x_wconf 75' lang='lat' dir='ltr'>minutatim.</span> <span class='ocrx_word' id='word_1_56' title='bbox 677 552 772 590; x_wconf 86' lang='lat' dir='ltr'>ergo</span> <span class='ocrx_word' id='word_1_57' title='bbox 791 544 959 581; x_wconf 85' lang='lat' dir='ltr'>tonitrua</span> <span class='ocrx_word' id='word_1_58' title='bbox 974 541 1036 580; x_wconf 90' lang='lat' dir='ltr'>hic</span> <span class='ocrx_word' id='word_1_59' title='bbox 1054 541 1214 589; x_wconf 86' lang='lat' dir='ltr'>spiritus</span> <span class='ocrx_word' id='word_1_60' title='bbox 1233 541 1423 588; x_wconf 82' lang='lat' dir='ltr'>exprimit,</span> <span class='ocrx_word' id='word_1_61' title='bbox 1444 541 1536 578; x_wconf 90' lang='lat' dir='ltr'>dum</span> 
     </span>
     <span class='ocr_line' id='line_1_8' title="bbox 285 596 1535 645; baseline -0.003 -9"><span class='ocrx_word' id='word_1_62' title='bbox 285 603 351 636; x_wconf 89' lang='lat' dir='ltr'>aut</span> <span class='ocrx_word' id='word_1_63' title='bbox 376 597 522 645; x_wconf 84' lang='lat' dir='ltr'>rumpit</span> <span class='ocrx_word' id='word_1_64' title='bbox 547 597 673 635; x_wconf 90' lang='lat' dir='ltr'>nubes</span> <span class='ocrx_word' id='word_1_65' title='bbox 699 601 766 634; x_wconf 86' lang='lat' dir='ltr'>aut</span> <span class='ocrx_word' id='word_1_66' title='bbox 794 597 983 644; x_wconf 88' lang='lat' dir='ltr'>pervolat.</span> <span class='ocrx_word' id='word_1_67' title='bbox 1022 597 1205 634; x_wconf 81' lang='lat' dir='ltr'>volutatio</span> <span class='ocrx_word' id='word_1_68' title='bbox 1227 600 1354 633; x_wconf 84' lang='lat' dir='ltr'>autem</span> <span class='ocrx_word' id='word_1_69' title='bbox 1375 596 1535 643; x_wconf 86' lang='lat' dir='ltr'>spiritus</span> 
     </span>
     <span class='ocr_line' id='line_1_9' title="bbox 284 650 1535 696; baseline -0.003 -6"><span class='ocrx_word' id='word_1_70' title='bbox 284 654 323 690; x_wconf 91' lang='lat' dir='ltr'>in</span> <span class='ocrx_word' id='word_1_71' title='bbox 350 653 454 691; x_wconf 91' lang='lat' dir='ltr'>nube</span> <span class='ocrx_word' id='word_1_72' title='bbox 483 652 659 690; x_wconf 86' lang='lat' dir='ltr'>conclusi</span> <span class='ocrx_word' id='word_1_73' title='bbox 678 651 985 690; x_wconf 86' lang='lat' dir='ltr'>valentissimum</span> <span class='ocrx_word' id='word_1_74' title='bbox 1005 656 1064 689; x_wconf 87' lang='lat' dir='ltr'>est</span> <span class='ocrx_word' id='word_1_75' title='bbox 1083 650 1284 688; x_wconf 89' lang='lat' dir='ltr'>adterendi</span> <span class='ocrx_word' id='word_1_76' title='bbox 1304 660 1442 696; x_wconf 88' lang='lat' dir='ltr'>genus.</span> <span class='ocrx_word' id='word_1_77' title='bbox 1478 654 1535 687; x_wconf 91' lang='lat' dir='ltr'>to-</span> 
     </span>
     <span class='ocr_line' id='line_1_10' title="bbox 284 703 1537 754; baseline -0.003 -10"><span class='ocrx_word' id='word_1_78' title='bbox 284 707 411 745; x_wconf 89' lang='lat' dir='ltr'>nitrua</span> <span class='ocrx_word' id='word_1_79' title='bbox 437 707 539 744; x_wconf 87' lang='lat' dir='ltr'>enim</span> <span class='ocrx_word' id='word_1_80' title='bbox 566 705 660 744; x_wconf 88' lang='lat' dir='ltr'>nihil</span> <span class='ocrx_word' id='word_1_81' title='bbox 687 706 794 744; x_wconf 91' lang='lat' dir='ltr'>aliud</span> <span class='ocrx_word' id='word_1_82' title='bbox 822 711 911 744; x_wconf 90' lang='lat' dir='ltr'>sunt</span> <span class='ocrx_word' id='word_1_83' title='bbox 930 716 1046 753; x_wconf 89' lang='lat' dir='ltr'>quam</span> <span class='ocrx_word' id='word_1_84' title='bbox 1066 705 1128 743; x_wconf 90' lang='lat' dir='ltr'>citi</span> <span class='ocrx_word' id='word_1_85' title='bbox 1148 705 1249 742; x_wconf 75' lang='lat' dir='ltr'>aeris</span> <span class='ocrx_word' id='word_1_86' title='bbox 1271 703 1444 754; x_wconf 88' lang='lat' dir='ltr'>sonitus,</span> <span class='ocrx_word' id='word_1_87' title='bbox 1472 703 1537 751; x_wconf 89' lang='lat' dir='ltr'>qui</span> 
     </span>
     <span class='ocr_line' id='line_1_11' title="bbox 286 760 1375 807; baseline -0.004 -8"><span class='ocrx_word' id='word_1_88' title='bbox 286 762 390 807; x_wconf 87' lang='lat' dir='ltr'>fieri,</span> <span class='ocrx_word' id='word_1_89' title='bbox 419 761 494 798; x_wconf 89' lang='lat' dir='ltr'>nisi</span> <span class='ocrx_word' id='word_1_90' title='bbox 515 762 608 798; x_wconf 89' lang='lat' dir='ltr'>dum</span> <span class='ocrx_word' id='word_1_91' title='bbox 629 765 695 798; x_wconf 90' lang='lat' dir='ltr'>aut</span> <span class='ocrx_word' id='word_1_92' title='bbox 712 760 800 798; x_wconf 87' lang='lat' dir='ltr'>terit</span> <span class='ocrx_word' id='word_1_93' title='bbox 818 765 885 798; x_wconf 86' lang='lat' dir='ltr'>aut</span> <span class='ocrx_word' id='word_1_94' title='bbox 901 760 1103 807; x_wconf 86' lang='lat' dir='ltr'>rumpitur,</span> <span class='ocrx_word' id='word_1_95' title='bbox 1134 769 1212 796; x_wconf 91' lang='lat' dir='ltr'>non</span> <span class='ocrx_word' id='word_1_96' title='bbox 1234 762 1375 806; x_wconf 89' lang='lat' dir='ltr'>potest.</span> 
     </span>
    </p>

    <p class='ocr_par' dir='ltr' id='par_1_5' title="bbox 252 812 1540 1026">
     <span class='ocr_line' id='line_1_12' title="bbox 252 812 1538 861; baseline -0.004 -6"><span class='ocrx_word' id='word_1_97' title='bbox 252 824 268 855; x_wconf 94' lang='lat'>1</span> <span class='ocrx_word' id='word_1_98' title='bbox 364 816 445 853; x_wconf 91' lang='lat' dir='ltr'>LV.</span> <span class='ocrx_word' id='word_1_99' title='bbox 484 815 558 861; x_wconf 85' lang='lat' dir='ltr'>„Et</span> <span class='ocrx_word' id='word_1_100' title='bbox 585 814 617 853; x_wconf 92' lang='lat' dir='ltr'>si</span> <span class='ocrx_word' id='word_1_101' title='bbox 646 815 893 853; x_wconf 75' lang='lat' dir='ltr'>conliduntur</span> <span class='ocrx_word' id='word_1_102' title='bbox 917 815 1016 852; x_wconf 89' lang='lat' dir='ltr'>inter</span> <span class='ocrx_word' id='word_1_103' title='bbox 1035 825 1079 852; x_wconf 92' lang='lat' dir='ltr'>se</span> <span class='ocrx_word' id='word_1_104' title='bbox 1099 813 1243 860; x_wconf 84' lang='lat' dir='ltr'>nubes,</span> <span class='ocrx_word' id='word_1_105' title='bbox 1271 813 1412 859; x_wconf 89' lang='lat' dir='ltr'>inquit,</span> <span class='ocrx_word' id='word_1_106' title='bbox 1443 812 1487 850; x_wconf 90' lang='lat' dir='ltr'>fit</span> <span class='ocrx_word' id='word_1_107' title='bbox 1504 812 1538 850; x_wconf 90' lang='lat' dir='ltr'>is</span> 
     </span>
     <span class='ocr_line' id='line_1_13' title="bbox 288 867 1539 918; baseline -0.002 -12"><span class='ocrx_word' id='word_1_108' title='bbox 288 880 404 918; x_wconf 85' lang='lat' dir='ltr'>quem</span> <span class='ocrx_word' id='word_1_109' title='bbox 433 870 638 908; x_wconf 82' lang='lat' dir='ltr'>desideras</span> <span class='ocrx_word' id='word_1_110' title='bbox 665 870 805 907; x_wconf 87' lang='lat' dir='ltr'>ictus.“</span> <span class='ocrx_word' id='word_1_111' title='bbox 841 869 910 907; x_wconf 86' lang='lat' dir='ltr'>sed</span> <span class='ocrx_word' id='word_1_112' title='bbox 940 879 1018 906; x_wconf 91' lang='lat' dir='ltr'>non</span> <span class='ocrx_word' id='word_1_113' title='bbox 1038 868 1261 906; x_wconf 87' lang='lat' dir='ltr'>universus.</span> <span class='ocrx_word' id='word_1_114' title='bbox 1289 877 1418 915; x_wconf 89' lang='lat' dir='ltr'>neque</span> <span class='ocrx_word' id='word_1_115' title='bbox 1437 867 1539 904; x_wconf 90' lang='lat' dir='ltr'>enim</span> 
     </span>
     <span class='ocr_line' id='line_1_14' title="bbox 286 923 1540 971; baseline -0.004 -8"><span class='ocrx_word' id='word_1_116' title='bbox 286 925 508 964; x_wconf 79' lang='lat' dir='ltr'>totaetotis</span> <span class='ocrx_word' id='word_1_117' title='bbox 536 929 791 970; x_wconf 86' lang='lat' dir='ltr'>concurrunt,</span> <span class='ocrx_word' id='word_1_118' title='bbox 821 924 893 962; x_wconf 92' lang='lat' dir='ltr'>sed</span> <span class='ocrx_word' id='word_1_119' title='bbox 921 923 1096 971; x_wconf 86' lang='lat' dir='ltr'>partibus</span> <span class='ocrx_word' id='word_1_120' title='bbox 1124 927 1270 970; x_wconf 89' lang='lat' dir='ltr'>partes.</span> <span class='ocrx_word' id='word_1_121' title='bbox 1305 932 1379 960; x_wconf 89' lang='lat' dir='ltr'>nec</span> <span class='ocrx_word' id='word_1_122' title='bbox 1398 925 1540 959; x_wconf 85' lang='lat' dir='ltr'>sonant</span> 
     </span>
     <span class='ocr_line' id='line_1_15' title="bbox 288 976 1538 1026; baseline -0.003 -9"><span class='ocrx_word' id='word_1_123' title='bbox 288 980 438 1026; x_wconf 86' lang='lat' dir='ltr'>mollia,</span> <span class='ocrx_word' id='word_1_124' title='bbox 469 979 545 1017; x_wconf 88' lang='lat' dir='ltr'>nisi</span> <span class='ocrx_word' id='word_1_125' title='bbox 564 979 680 1017; x_wconf 86' lang='lat' dir='ltr'>inlisa</span> <span class='ocrx_word' id='word_1_126' title='bbox 699 978 806 1016; x_wconf 90' lang='lat' dir='ltr'>duris</span> <span class='ocrx_word' id='word_1_127' title='bbox 828 982 937 1016; x_wconf 86' lang='lat' dir='ltr'>sunt:</span> <span class='ocrx_word' id='word_1_128' title='bbox 964 979 1094 1025; x_wconf 89' lang='lat' dir='ltr'>itaque</span> <span class='ocrx_word' id='word_1_129' title='bbox 1113 988 1191 1016; x_wconf 90' lang='lat' dir='ltr'>non</span> <span class='ocrx_word' id='word_1_130' title='bbox 1212 976 1367 1014; x_wconf 84' lang='lat' dir='ltr'>auditur</span> <span class='ocrx_word' id='word_1_131' title='bbox 1382 976 1538 1021; x_wconf 86' lang='lat' dir='ltr'>fluctus,</span> 
     </span>
    </p>

    <p class='ocr_par' dir='ltr' id='par_1_6' title="bbox 251 1031 1541 1245">
     <span class='ocr_line' id='line_1_16' title="bbox 251 1031 1541 1082; baseline -0.005 -9"><span class='ocrx_word' id='word_1_132' title='bbox 251 1035 363 1074; x_wconf 85' lang='lat' dir='ltr'>2nisi</span> <span class='ocrx_word' id='word_1_133' title='bbox 391 1034 571 1082; x_wconf 83' lang='lat' dir='ltr'>inpactus</span> <span class='ocrx_word' id='word_1_134' title='bbox 599 1038 671 1071; x_wconf 90' lang='lat' dir='ltr'>est.</span> <span class='ocrx_word' id='word_1_135' title='bbox 725 1033 878 1080; x_wconf 85' lang='lat' dir='ltr'>‚,1gnis‚</span> <span class='ocrx_word' id='word_1_136' title='bbox 914 1033 1062 1080; x_wconf 77' lang='lat' dir='ltr'>inquit,</span> <span class='ocrx_word' id='word_1_137' title='bbox 1101 1032 1287 1070; x_wconf 88' lang='lat' dir='ltr'>dimissus</span> <span class='ocrx_word' id='word_1_138' title='bbox 1322 1031 1361 1068; x_wconf 89' lang='lat' dir='ltr'>in</span> <span class='ocrx_word' id='word_1_139' title='bbox 1396 1040 1541 1078; x_wconf 85' lang='lat' dir='ltr'>aquam</span> 
     </span>
     <span class='ocr_line' id='line_1_17' title="bbox 289 1086 1540 1135; baseline -0.006 -8"><span class='ocrx_word' id='word_1_140' title='bbox 289 1093 422 1134; x_wconf 88' lang='lat' dir='ltr'>sonat,</span> <span class='ocrx_word' id='word_1_141' title='bbox 460 1089 552 1127; x_wconf 90' lang='lat' dir='ltr'>dum</span> <span class='ocrx_word' id='word_1_142' title='bbox 579 1088 877 1135; x_wconf 69' lang='lat' dir='ltr'>exstinguunt-‚⁴⁴</span> <span class='ocrx_word' id='word_1_143' title='bbox 928 1086 1026 1124; x_wconf 88' lang='lat' dir='ltr'>Puta</span> <span class='ocrx_word' id='word_1_144' title='bbox 1052 1087 1103 1124; x_wconf 89' lang='lat' dir='ltr'>ita</span> <span class='ocrx_word' id='word_1_145' title='bbox 1130 1096 1240 1124; x_wconf 84' lang='lat' dir='ltr'>esse:</span> <span class='ocrx_word' id='word_1_146' title='bbox 1275 1096 1347 1133; x_wconf 91' lang='lat' dir='ltr'>pro</span> <span class='ocrx_word' id='word_1_147' title='bbox 1376 1095 1438 1123; x_wconf 88' lang='lat' dir='ltr'>me</span> <span class='ocrx_word' id='word_1_148' title='bbox 1467 1089 1540 1122; x_wconf 88' lang='lat' dir='ltr'>est.</span> 
     </span>
     <span class='ocr_line' id='line_1_18' title="bbox 288 1140 1541 1189; baseline -0.003 -9"><span class='ocrx_word' id='word_1_149' title='bbox 288 1154 367 1181; x_wconf 91' lang='lat' dir='ltr'>non</span> <span class='ocrx_word' id='word_1_150' title='bbox 394 1143 495 1180; x_wconf 83' lang='lat' dir='ltr'>enirn</span> <span class='ocrx_word' id='word_1_151' title='bbox 525 1147 617 1180; x_wconf 90' lang='lat' dir='ltr'>tunc</span> <span class='ocrx_word' id='word_1_152' title='bbox 645 1143 746 1189; x_wconf 90' lang='lat' dir='ltr'>ignis</span> <span class='ocrx_word' id='word_1_153' title='bbox 774 1150 914 1180; x_wconf 90' lang='lat' dir='ltr'>sonum</span> <span class='ocrx_word' id='word_1_154' title='bbox 942 1141 1079 1188; x_wconf 83' lang='lat' dir='ltr'>efficit,</span> <span class='ocrx_word' id='word_1_155' title='bbox 1108 1141 1179 1178; x_wconf 89' lang='lat' dir='ltr'>sed</span> <span class='ocrx_word' id='word_1_156' title='bbox 1201 1140 1361 1188; x_wconf 87' lang='lat' dir='ltr'>spiritus</span> <span class='ocrx_word' id='word_1_157' title='bbox 1383 1149 1452 1187; x_wconf 87' lang='lat' dir='ltr'>per</span> <span class='ocrx_word' id='word_1_158' title='bbox 1473 1149 1541 1176; x_wconf 83' lang='lat' dir='ltr'>ex-</span> 
     </span>
     <span class='ocr_line' id='line_1_19' title="bbox 290 1194 1540 1245; baseline -0.004 -10"><span class='ocrx_word' id='word_1_159' title='bbox 290 1196 528 1245; x_wconf 87' lang='lat' dir='ltr'>stinguentia</span> <span class='ocrx_word' id='word_1_160' title='bbox 555 1197 721 1244; x_wconf 80' lang='lat' dir='ltr'>fugiens.</span> <span class='ocrx_word' id='word_1_161' title='bbox 774 1196 825 1233; x_wconf 91' lang='lat' dir='ltr'>Ut</span> <span class='ocrx_word' id='word_1_162' title='bbox 850 1196 938 1233; x_wconf 87' lang='lat' dir='ltr'>dem</span> <span class='ocrx_word' id='word_1_163' title='bbox 966 1195 1034 1233; x_wconf 90' lang='lat' dir='ltr'>tibi</span> <span class='ocrx_word' id='word_1_164' title='bbox 1063 1199 1100 1232; x_wconf 91' lang='lat' dir='ltr'>et</span> <span class='ocrx_word' id='word_1_165' title='bbox 1126 1194 1211 1232; x_wconf 87' lang='lat' dir='ltr'>fieri</span> <span class='ocrx_word' id='word_1_166' title='bbox 1231 1195 1269 1232; x_wconf 90' lang='lat' dir='ltr'>in</span> <span class='ocrx_word' id='word_1_167' title='bbox 1290 1194 1394 1231; x_wconf 89' lang='lat' dir='ltr'>nube</span> <span class='ocrx_word' id='word_1_168' title='bbox 1413 1194 1540 1241; x_wconf 82' lang='lat' dir='ltr'>ignem</span> 
     </span>
    </p>

    <p class='ocr_par' dir='ltr' id='par_1_7' title="bbox 251 1248 1542 1677">
     <span class='ocr_line' id='line_1_20' title="bbox 251 1248 1542 1298; baseline -0.005 -8"><span class='ocrx_word' id='word_1_169' title='bbox 251 1257 273 1291; x_wconf 87' lang='lat'>3</span> <span class='ocrx_word' id='word_1_170' title='bbox 289 1257 327 1290; x_wconf 91' lang='lat' dir='ltr'>et</span> <span class='ocrx_word' id='word_1_171' title='bbox 352 1250 567 1298; x_wconf 85' lang='lat' dir='ltr'>exstingui,</span> <span class='ocrx_word' id='word_1_172' title='bbox 598 1261 620 1287; x_wconf 93' lang='lat' dir='ltr'>e</span> <span class='ocrx_word' id='word_1_173' title='bbox 650 1250 789 1298; x_wconf 89' lang='lat' dir='ltr'>spiritu</span> <span class='ocrx_word' id='word_1_174' title='bbox 816 1250 989 1287; x_wconf 83' lang='lat' dir='ltr'>nascitur</span> <span class='ocrx_word' id='word_1_175' title='bbox 1014 1255 1052 1287; x_wconf 88' lang='lat' dir='ltr'>et</span> <span class='ocrx_word' id='word_1_176' title='bbox 1074 1249 1228 1287; x_wconf 85' lang='lat' dir='ltr'>adtritu.</span> <span class='ocrx_word' id='word_1_177' title='bbox 1275 1248 1400 1295; x_wconf 82' lang='lat' dir='ltr'>„Quid</span> <span class='ocrx_word' id='word_1_178' title='bbox 1421 1251 1542 1294; x_wconf 62' lang='lat' dir='ltr'>ergo?</span> 
     </span>
     <span class='ocr_line' id='line_1_21' title="bbox 290 1301 1541 1354; baseline -0.004 -10"><span class='ocrx_word' id='word_1_179' title='bbox 290 1306 432 1354; x_wconf 84' lang='lat' dir='ltr'>inquit,</span> <span class='ocrx_word' id='word_1_180' title='bbox 471 1316 550 1343; x_wconf 91' lang='lat' dir='ltr'>non</span> <span class='ocrx_word' id='word_1_181' title='bbox 579 1309 711 1352; x_wconf 87' lang='lat' dir='ltr'>potest</span> <span class='ocrx_word' id='word_1_182' title='bbox 736 1305 866 1351; x_wconf 81' lang='lat' dir='ltr'>aliqua</span> <span class='ocrx_word' id='word_1_183' title='bbox 893 1314 941 1341; x_wconf 88' lang='lat' dir='ltr'>ex</span> <span class='ocrx_word' id='word_1_184' title='bbox 963 1303 1024 1341; x_wconf 87' lang='lat' dir='ltr'>his</span> <span class='ocrx_word' id='word_1_185' title='bbox 1043 1303 1398 1341; x_wconf 82' lang='lat' dir='ltr'>transcurrentibus</span> <span class='ocrx_word' id='word_1_186' title='bbox 1420 1301 1541 1340; x_wconf 87' lang='lat' dir='ltr'>stellis</span> 
     </span>
     <span class='ocr_line' id='line_1_22' title="bbox 290 1358 1542 1405; baseline -0.005 -6"><span class='ocrx_word' id='word_1_187' title='bbox 290 1361 463 1399; x_wconf 87' lang='lat' dir='ltr'>incidere</span> <span class='ocrx_word' id='word_1_188' title='bbox 484 1360 528 1397; x_wconf 72' lang='lat' dir='ltr'>&#39;in</span> <span class='ocrx_word' id='word_1_189' title='bbox 564 1359 708 1397; x_wconf 90' lang='lat' dir='ltr'>nubem</span> <span class='ocrx_word' id='word_1_190' title='bbox 742 1363 780 1396; x_wconf 89' lang='lat' dir='ltr'>et</span> <span class='ocrx_word' id='word_1_191' title='bbox 812 1358 1068 1405; x_wconf 67' lang='lat' dir='ltr'>exstingui2“</span> <span class='ocrx_word' id='word_1_192' title='bbox 1113 1358 1388 1395; x_wconf 86' lang='lat' dir='ltr'>Existimemus</span> <span class='ocrx_word' id='word_1_193' title='bbox 1420 1365 1542 1404; x_wconf 88' lang='lat' dir='ltr'>posse</span> 
     </span>
     <span class='ocr_line' id='line_1_23' title="bbox 291 1412 1540 1462; baseline -0.004 -10"><span class='ocrx_word' id='word_1_194' title='bbox 291 1415 405 1453; x_wconf 88' lang='lat' dir='ltr'>etiam</span> <span class='ocrx_word' id='word_1_195' title='bbox 425 1414 638 1462; x_wconf 89' lang='lat' dir='ltr'>aliquando</span> <span class='ocrx_word' id='word_1_196' title='bbox 658 1413 734 1451; x_wconf 88' lang='lat' dir='ltr'>hoe</span> <span class='ocrx_word' id='word_1_197' title='bbox 753 1412 856 1450; x_wconf 87' lang='lat' dir='ltr'>fieri:</span> <span class='ocrx_word' id='word_1_198' title='bbox 887 1423 990 1450; x_wconf 91' lang='lat' dir='ltr'>nunc</span> <span class='ocrx_word' id='word_1_199' title='bbox 1010 1413 1222 1450; x_wconf 87' lang='lat' dir='ltr'>naturalem</span> <span class='ocrx_word' id='word_1_200' title='bbox 1243 1421 1400 1449; x_wconf 85' lang='lat' dir='ltr'>causam</span> <span class='ocrx_word' id='word_1_201' title='bbox 1423 1420 1540 1458; x_wconf 83' lang='lat' dir='ltr'>quae-</span> 
     </span>
     <span class='ocr_line' id='line_1_24' title="bbox 290 1464 1542 1514; baseline -0.004 -8"><span class='ocrx_word' id='word_1_202' title='bbox 290 1470 412 1508; x_wconf 87' lang='lat' dir='ltr'>rimus</span> <span class='ocrx_word' id='word_1_203' title='bbox 432 1474 469 1507; x_wconf 90' lang='lat' dir='ltr'>et</span> <span class='ocrx_word' id='word_1_204' title='bbox 494 1468 720 1514; x_wconf 87' lang='lat' dir='ltr'>adsiduam,</span> <span class='ocrx_word' id='word_1_205' title='bbox 750 1478 828 1505; x_wconf 91' lang='lat' dir='ltr'>non</span> <span class='ocrx_word' id='word_1_206' title='bbox 850 1477 979 1505; x_wconf 89' lang='lat' dir='ltr'>raram</span> <span class='ocrx_word' id='word_1_207' title='bbox 999 1467 1284 1513; x_wconf 67' lang='lat' dir='ltr'>fortunamque.</span> <span class='ocrx_word' id='word_1_208' title='bbox 1329 1470 1422 1513; x_wconf 90' lang='lat' dir='ltr'>puta</span> <span class='ocrx_word' id='word_1_209' title='bbox 1441 1464 1542 1502; x_wconf 90' lang='lat' dir='ltr'>enim</span> 
     </span>
     <span class='ocr_line' id='line_1_25' title="bbox 291 1520 1542 1569; baseline -0.004 -7"><span class='ocrx_word' id='word_1_210' title='bbox 291 1534 353 1562; x_wconf 90' lang='lat' dir='ltr'>me</span> <span class='ocrx_word' id='word_1_211' title='bbox 381 1523 557 1562; x_wconf 87' lang='lat' dir='ltr'>confiteri</span> <span class='ocrx_word' id='word_1_212' title='bbox 575 1533 711 1560; x_wconf 90' lang='lat' dir='ltr'>verum</span> <span class='ocrx_word' id='word_1_213' title='bbox 731 1532 841 1568; x_wconf 90' lang='lat' dir='ltr'>esse,</span> <span class='ocrx_word' id='word_1_214' title='bbox 871 1522 978 1569; x_wconf 87' lang='lat' dir='ltr'>quod</span> <span class='ocrx_word' id='word_1_215' title='bbox 999 1520 1116 1566; x_wconf 89' lang='lat' dir='ltr'>dicis,</span> <span class='ocrx_word' id='word_1_216' title='bbox 1145 1520 1355 1568; x_wconf 87' lang='lat' dir='ltr'>aliquando</span> <span class='ocrx_word' id='word_1_217' title='bbox 1377 1523 1467 1567; x_wconf 90' lang='lat' dir='ltr'>post</span> <span class='ocrx_word' id='word_1_218' title='bbox 1484 1523 1542 1557; x_wconf 89' lang='lat' dir='ltr'>to—</span> 
     </span>
     <span class='ocr_line' id='line_1_26' title="bbox 291 1573 1541 1624; baseline -0.005 -8"><span class='ocrx_word' id='word_1_219' title='bbox 291 1578 420 1616; x_wconf 86' lang='lat' dir='ltr'>nitrua</span> <span class='ocrx_word' id='word_1_220' title='bbox 444 1577 615 1615; x_wconf 87' lang='lat' dir='ltr'>emicare</span> <span class='ocrx_word' id='word_1_221' title='bbox 641 1577 751 1624; x_wconf 83' lang='lat' dir='ltr'>ignes</span> <span class='ocrx_word' id='word_1_222' title='bbox 776 1576 899 1614; x_wconf 88' lang='lat' dir='ltr'>stellis</span> <span class='ocrx_word' id='word_1_223' title='bbox 925 1575 1163 1613; x_wconf 89' lang='lat' dir='ltr'>transversis</span> <span class='ocrx_word' id='word_1_224' title='bbox 1184 1579 1221 1613; x_wconf 93' lang='lat' dir='ltr'>et</span> <span class='ocrx_word' id='word_1_225' title='bbox 1243 1574 1471 1612; x_wconf 86' lang='lat' dir='ltr'>cadentibus</span> <span class='ocrx_word' id='word_1_226' title='bbox 1491 1573 1541 1610; x_wconf 90' lang='lat' dir='ltr'>si-</span> 
     </span>
     <span class='ocr_line' id='line_1_27' title="bbox 292 1627 1542 1677; baseline -0.001 -7"><span class='ocrx_word' id='word_1_227' title='bbox 292 1634 422 1671; x_wconf 83' lang='lat' dir='ltr'>miles=</span> <span class='ocrx_word' id='word_1_228' title='bbox 451 1642 531 1669; x_wconf 85' lang='lat' dir='ltr'>non</span> <span class='ocrx_word' id='word_1_229' title='bbox 559 1631 608 1669; x_wconf 90' lang='lat' dir='ltr'>ob</span> <span class='ocrx_word' id='word_1_230' title='bbox 635 1631 711 1669; x_wconf 88' lang='lat' dir='ltr'>hoc</span> <span class='ocrx_word' id='word_1_231' title='bbox 731 1631 900 1670; x_wconf 87' lang='lat' dir='ltr'>tonitrua</span> <span class='ocrx_word' id='word_1_232' title='bbox 919 1631 1023 1668; x_wconf 84' lang='lat' dir='ltr'>facta</span> <span class='ocrx_word' id='word_1_233' title='bbox 1042 1634 1150 1677; x_wconf 91' lang='lat' dir='ltr'>sunt,</span> <span class='ocrx_word' id='word_1_234' title='bbox 1178 1629 1250 1667; x_wconf 90' lang='lat' dir='ltr'>sed</span> <span class='ocrx_word' id='word_1_235' title='bbox 1273 1639 1358 1667; x_wconf 89' lang='lat' dir='ltr'>cum</span> <span class='ocrx_word' id='word_1_236' title='bbox 1379 1628 1454 1665; x_wconf 88' lang='lat' dir='ltr'>hoc</span> <span class='ocrx_word' id='word_1_237' title='bbox 1473 1627 1542 1669; x_wconf 78' lang='lat' dir='ltr'>fie-</span> 
     </span>
    </p>

    <p class='ocr_par' dir='ltr' id='par_1_8' title="bbox 255 1683 1543 1953">
     <span class='ocr_line' id='line_1_28' title="bbox 255 1683 1542 1733; baseline -0.005 -7"><span class='ocrx_word' id='word_1_238' title='bbox 255 1693 368 1733; x_wconf 82' lang='lat' dir='ltr'>4ret‚</span> <span class='ocrx_word' id='word_1_239' title='bbox 402 1687 574 1725; x_wconf 87' lang='lat' dir='ltr'>tonitrua</span> <span class='ocrx_word' id='word_1_240' title='bbox 600 1686 702 1724; x_wconf 82' lang='lat' dir='ltr'>facta</span> <span class='ocrx_word' id='word_1_241' title='bbox 729 1690 830 1724; x_wconf 90' lang='lat' dir='ltr'>sunt.</span> <span class='ocrx_word' id='word_1_242' title='bbox 885 1685 1132 1723; x_wconf 90' lang='lat' dir='ltr'>Clidemos</span> <span class='ocrx_word' id='word_1_243' title='bbox 1167 1684 1219 1721; x_wconf 83' lang='lat' dir='ltr'>ait</span> <span class='ocrx_word' id='word_1_244' title='bbox 1247 1683 1542 1731; x_wconf 86' lang='lat' dir='ltr'>fulgurationem</span> 
     </span>
     <span class='ocr_line' id='line_1_29' title="bbox 293 1738 1543 1790; baseline -0.004 -11"><span class='ocrx_word' id='word_1_245' title='bbox 293 1741 467 1790; x_wconf 85' lang='lat' dir='ltr'>speciem</span> <span class='ocrx_word' id='word_1_246' title='bbox 494 1741 649 1779; x_wconf 88' lang='lat' dir='ltr'>inanem</span> <span class='ocrx_word' id='word_1_247' title='bbox 676 1750 786 1786; x_wconf 87' lang='lat' dir='ltr'>esse,</span> <span class='ocrx_word' id='word_1_248' title='bbox 823 1750 902 1777; x_wconf 91' lang='lat' dir='ltr'>non</span> <span class='ocrx_word' id='word_1_249' title='bbox 927 1739 1074 1787; x_wconf 77' lang='lat' dir='ltr'>ignem:</span> <span class='ocrx_word' id='word_1_250' title='bbox 1104 1738 1162 1776; x_wconf 91' lang='lat' dir='ltr'>sic</span> <span class='ocrx_word' id='word_1_251' title='bbox 1180 1738 1280 1775; x_wconf 91' lang='lat' dir='ltr'>enim</span> <span class='ocrx_word' id='word_1_252' title='bbox 1303 1748 1371 1786; x_wconf 87' lang='lat' dir='ltr'>per</span> <span class='ocrx_word' id='word_1_253' title='bbox 1389 1741 1543 1775; x_wconf 84' lang='lat' dir='ltr'>noctem</span> 
     </span>
     <span class='ocr_line' id='line_1_30' title="bbox 293 1792 1542 1844; baseline -0.005 -10"><span class='ocrx_word' id='word_1_254' title='bbox 293 1796 544 1844; x_wconf 86' lang='lat' dir='ltr'>splendorem</span> <span class='ocrx_word' id='word_1_255' title='bbox 570 1799 679 1834; x_wconf 88' lang='lat' dir='ltr'>motu</span> <span class='ocrx_word' id='word_1_256' title='bbox 704 1804 898 1833; x_wconf 89' lang='lat' dir='ltr'>remorum</span> <span class='ocrx_word' id='word_1_257' title='bbox 914 1793 1060 1831; x_wconf 77' lang='lat' dir='ltr'>videri.</span> <span class='ocrx_word' id='word_1_258' title='bbox 1105 1792 1303 1831; x_wconf 86' lang='lat' dir='ltr'>Dissimile</span> <span class='ocrx_word' id='word_1_259' title='bbox 1330 1796 1391 1830; x_wconf 84' lang='lat' dir='ltr'>est</span> <span class='ocrx_word' id='word_1_260' title='bbox 1411 1801 1542 1829; x_wconf 86' lang='lat' dir='ltr'>exem-</span> 
     </span>
     <span class='ocr_line' id='line_1_31' title="bbox 294 1845 1541 1899; baseline -0.005 -11"><span class='ocrx_word' id='word_1_261' title='bbox 294 1851 413 1899; x_wconf 88' lang='lat' dir='ltr'>plum.</span> <span class='ocrx_word' id='word_1_262' title='bbox 455 1849 532 1889; x_wconf 90' lang='lat' dir='ltr'>illic</span> <span class='ocrx_word' id='word_1_263' title='bbox 560 1850 661 1887; x_wconf 89' lang='lat' dir='ltr'>enim</span> <span class='ocrx_word' id='word_1_264' title='bbox 689 1849 878 1897; x_wconf 88' lang='lat' dir='ltr'>splendor</span> <span class='ocrx_word' id='word_1_265' title='bbox 903 1848 1003 1887; x_wconf 84' lang='lat' dir='ltr'>intra</span> <span class='ocrx_word' id='word_1_266' title='bbox 1027 1857 1170 1896; x_wconf 87' lang='lat' dir='ltr'>aquam</span> <span class='ocrx_word' id='word_1_267' title='bbox 1202 1846 1329 1895; x_wconf 89' lang='lat' dir='ltr'>ipsam</span> <span class='ocrx_word' id='word_1_268' title='bbox 1361 1845 1541 1894; x_wconf 82' lang='lat' dir='ltr'>adparet:</span> 
     </span>
     <span class='ocr_line' id='line_1_32' title="bbox 297 1902 1024 1953; baseline -0.004 -10"><span class='ocrx_word' id='word_1_269' title='bbox 297 1904 364 1953; x_wconf 92' lang='lat' dir='ltr'>qui</span> <span class='ocrx_word' id='word_1_270' title='bbox 382 1904 426 1943; x_wconf 84' lang='lat' dir='ltr'>fit</span> <span class='ocrx_word' id='word_1_271' title='bbox 444 1904 484 1942; x_wconf 91' lang='lat' dir='ltr'>in</span> <span class='ocrx_word' id='word_1_272' title='bbox 503 1906 613 1952; x_wconf 73' lang='lat' dir='ltr'>aere,</span> <span class='ocrx_word' id='word_1_273' title='bbox 643 1904 811 1951; x_wconf 89' lang='lat' dir='ltr'>erumpit</span> <span class='ocrx_word' id='word_1_274' title='bbox 828 1908 866 1941; x_wconf 91' lang='lat' dir='ltr'>et</span> <span class='ocrx_word' id='word_1_275' title='bbox 884 1902 1024 1941; x_wconf 87' lang='lat' dir='ltr'>exsilit.</span> 
     </span>
    </p>

    <p class='ocr_par' dir='ltr' id='par_1_9' title="bbox 260 1953 1544 2334">
     <span class='ocr_line' id='line_1_33' title="bbox 260 1953 1544 2004; baseline -0.004 -7"><span class='ocrx_word' id='word_1_276' title='bbox 260 1971 278 2004; x_wconf 94' lang='lat'><strong>1</strong></span> <span class='ocrx_word' id='word_1_277' title='bbox 375 1959 474 1997; x_wconf 88' lang='lat' dir='ltr'>LVl.</span> <span class='ocrx_word' id='word_1_278' title='bbox 501 1957 784 1996; x_wconf 87' lang='lat' dir='ltr'>Heraclitus</span> <span class='ocrx_word' id='word_1_279' title='bbox 813 1957 1009 1996; x_wconf 88' lang='lat' dir='ltr'>existimat</span> <span class='ocrx_word' id='word_1_280' title='bbox 1023 1956 1317 2004; x_wconf 82' lang='lat' dir='ltr'>fulgurationem</span> <span class='ocrx_word' id='word_1_281' title='bbox 1332 1964 1423 1992; x_wconf 90' lang='lat' dir='ltr'>esse</span> <span class='ocrx_word' id='word_1_282' title='bbox 1439 1953 1544 1992; x_wconf 90' lang='lat' dir='ltr'>velut</span> 
     </span>
     <span class='ocr_line' id='line_1_34' title="bbox 297 2008 1541 2062; baseline -0.006 -10"><span class='ocrx_word' id='word_1_283' title='bbox 297 2014 404 2062; x_wconf 88' lang='lat' dir='ltr'>apud</span> <span class='ocrx_word' id='word_1_284' title='bbox 430 2024 503 2052; x_wconf 90' lang='lat' dir='ltr'>nos</span> <span class='ocrx_word' id='word_1_285' title='bbox 528 2011 796 2061; x_wconf 88' lang='lat' dir='ltr'>incipientium</span> <span class='ocrx_word' id='word_1_286' title='bbox 823 2011 968 2059; x_wconf 81' lang='lat' dir='ltr'>ignium</span> <span class='ocrx_word' id='word_1_287' title='bbox 995 2016 1175 2050; x_wconf 86' lang='lat' dir='ltr'>conatum</span> <span class='ocrx_word' id='word_1_288' title='bbox 1195 2014 1233 2048; x_wconf 89' lang='lat' dir='ltr'>et</span> <span class='ocrx_word' id='word_1_289' title='bbox 1252 2009 1412 2057; x_wconf 87' lang='lat' dir='ltr'>primam</span> <span class='ocrx_word' id='word_1_290' title='bbox 1433 2008 1541 2045; x_wconf 85' lang='lat' dir='ltr'>flam-</span> 
     </span>
     <span class='ocr_line' id='line_1_35' title="bbox 296 2064 1541 2115; baseline -0.006 -9"><span class='ocrx_word' id='word_1_291' title='bbox 296 2079 398 2106; x_wconf 88' lang='lat' dir='ltr'>mam</span> <span class='ocrx_word' id='word_1_292' title='bbox 422 2068 626 2115; x_wconf 80' lang='lat' dir='ltr'>incertam,</span> <span class='ocrx_word' id='word_1_293' title='bbox 654 2066 774 2105; x_wconf 91' lang='lat' dir='ltr'>modo</span> <span class='ocrx_word' id='word_1_294' title='bbox 800 2067 1074 2113; x_wconf 87' lang='lat' dir='ltr'>intereuntem,</span> <span class='ocrx_word' id='word_1_295' title='bbox 1108 2064 1225 2104; x_wconf 89' lang='lat' dir='ltr'>modo</span> <span class='ocrx_word' id='word_1_296' title='bbox 1252 2066 1541 2111; x_wconf 77' lang='lat' dir='ltr'>resurgentem:</span> 
     </span>
     <span class='ocr_line' id='line_1_36' title="bbox 296 2117 1541 2170; baseline -0.006 -10"><span class='ocrx_word' id='word_1_297' title='bbox 296 2122 396 2160; x_wconf 87' lang='lat' dir='ltr'>haec</span> <span class='ocrx_word' id='word_1_298' title='bbox 416 2121 564 2170; x_wconf 86' lang='lat' dir='ltr'>antiqui</span> <span class='ocrx_word' id='word_1_299' title='bbox 591 2122 811 2169; x_wconf 82' lang='lat' dir='ltr'>fulgetra</span> <span class='ocrx_word' id='word_1_300' title='bbox 835 2120 1027 2158; x_wconf 87' lang='lat' dir='ltr'>dicebant.</span> <span class='ocrx_word' id='word_1_301' title='bbox 1063 2130 1138 2158; x_wconf 88' lang='lat' dir='ltr'>nos</span> <span class='ocrx_word' id='word_1_302' title='bbox 1166 2117 1385 2157; x_wconf 87' lang='lat' dir='ltr'>tonitrua</span> <span class='ocrx_word' id='word_1_303' title='bbox 1414 2117 1541 2165; x_wconf 88' lang='lat' dir='ltr'>plura-</span> 
     </span>
     <span class='ocr_line' id='line_1_37' title="bbox 297 2171 1541 2224; baseline -0.004 -11"><span class='ocrx_word' id='word_1_304' title='bbox 297 2177 383 2215; x_wconf 89' lang='lat' dir='ltr'>liter</span> <span class='ocrx_word' id='word_1_305' title='bbox 401 2176 585 2223; x_wconf 90' lang='lat' dir='ltr'>dicimus,</span> <span class='ocrx_word' id='word_1_306' title='bbox 615 2175 764 2224; x_wconf 88' lang='lat' dir='ltr'>antiqui</span> <span class='ocrx_word' id='word_1_307' title='bbox 783 2180 909 2213; x_wconf 83' lang='lat' dir='ltr'>autem</span> <span class='ocrx_word' id='word_1_308' title='bbox 929 2179 976 2213; x_wconf 93' lang='lat' dir='ltr'>to</span> <span class='ocrx_word' id='word_1_309' title='bbox 989 2174 1162 2212; x_wconf 89' lang='lat' dir='ltr'>nitrum</span> <span class='ocrx_word' id='word_1_310' title='bbox 1183 2171 1365 2210; x_wconf 89' lang='lat' dir='ltr'>dixerunt</span> <span class='ocrx_word' id='word_1_311' title='bbox 1383 2177 1448 2210; x_wconf 91' lang='lat' dir='ltr'>aut</span> <span class='ocrx_word' id='word_1_312' title='bbox 1465 2177 1541 2209; x_wconf 87' lang='lat' dir='ltr'>to-</span> 
     </span>
     <span class='ocr_line' id='line_1_38' title="bbox 298 2225 1542 2278; baseline -0.003 -11"><span class='ocrx_word' id='word_1_313' title='bbox 298 2241 419 2269; x_wconf 88' lang='lat' dir='ltr'>num.</span> <span class='ocrx_word' id='word_1_314' title='bbox 461 2231 546 2269; x_wconf 89' lang='lat' dir='ltr'>Hoc</span> <span class='ocrx_word' id='word_1_315' title='bbox 565 2231 670 2278; x_wconf 91' lang='lat' dir='ltr'>apud</span> <span class='ocrx_word' id='word_1_316' title='bbox 691 2229 922 2268; x_wconf 85' lang='lat' dir='ltr'>Caecinnam</span> <span class='ocrx_word' id='word_1_317' title='bbox 941 2228 1115 2274; x_wconf 88' lang='lat' dir='ltr'>invenio,</span> <span class='ocrx_word' id='word_1_318' title='bbox 1137 2227 1348 2264; x_wconf 84' lang='lat' dir='ltr'>facundum</span> <span class='ocrx_word' id='word_1_319' title='bbox 1362 2225 1484 2264; x_wconf 89' lang='lat' dir='ltr'>virum</span> <span class='ocrx_word' id='word_1_320' title='bbox 1505 2229 1542 2262; x_wconf 90' lang='lat' dir='ltr'>et</span> 
     </span>
     <span class='ocr_line' id='line_1_39' title="bbox 301 2279 1542 2334; baseline -0.005 -11"><span class='ocrx_word' id='word_1_321' title='bbox 301 2285 366 2332; x_wconf 90' lang='lat' dir='ltr'>qui</span> <span class='ocrx_word' id='word_1_322' title='bbox 390 2284 594 2331; x_wconf 86' lang='lat' dir='ltr'>habuisset</span> <span class='ocrx_word' id='word_1_323' title='bbox 621 2284 832 2334; x_wconf 82' lang='lat' dir='ltr'>aliquando</span> <span class='ocrx_word' id='word_1_324' title='bbox 859 2283 898 2324; x_wconf 91' lang='lat' dir='ltr'>in</span> <span class='ocrx_word' id='word_1_325' title='bbox 918 2279 1139 2332; x_wconf 86' lang='lat' dir='ltr'>eloquentia</span> <span class='ocrx_word' id='word_1_326' title='bbox 1156 2291 1318 2330; x_wconf 84' lang='lat' dir='ltr'>nomen,</span> <span class='ocrx_word' id='word_1_327' title='bbox 1342 2280 1417 2320; x_wconf 87' lang='lat' dir='ltr'>nisi</span> <span class='ocrx_word' id='word_1_328' title='bbox 1437 2280 1542 2319; x_wconf 89' lang='lat' dir='ltr'>illum</span> 
     </span>
    </p>
   </div>
  </div>
 </body>
</html>
