1592 2580
282 155 466 196 NATUR.
496 154 709 204 QUAEST.
733 154 829 194 LIB.
849 154 915 193 ΙΙΙ.
953 159 1126 194 11—15.
1261 152 1342 193 221

5 253 6 256 ’
64 262 225 307 quartas
243 257 432 295 redactus
452 260 533 303 est,
561 255 619 294 sic
641 255 815 304 positus,
845 259 888 294 ut
907 254 1096 294 sufficere
1115 253 1346 294 fluminibus

63 313 251 359 edendis,
272 311 452 360 utrivis,
473 317 518 351 ut
541 311 718 350 fontibus
743 311 885 360 possit.

0 365 4 419 j
143 369 248 408 XlV.
278 368 389 416 Quae
409 367 591 416 sequitur
609 366 784 405 Thaletis
808 367 944 415 inepta
963 365 1163 405 sententia
1182 370 1258 404 est.
1293 365 1348 404 ait
1370 374 1388 407 1

1 441 2 445 ¹
63 424 166 463 enim
185 429 379 463 terrarum
400 423 539 462 orbem
566 433 673 471 aqua
692 421 881 462 sustineri
901 427 940 461 et
958 421 1050 461 vehi
1069 431 1182 461 more
1202 421 1348 469 navigii

61 479 359 528 mobilitateque
387 478 474 517 eius
504 477 699 518 fluctuare
723 484 839 526 tunc,
875 488 964 517 cum
994 476 1138 517 dicitur
1164 481 1347 516 tremere.

62 546 142 575 non
163 540 225 574 εει
244 545 340 584 ergo
363 534 523 582 mirum,
562 533 598 572 si
618 532 795 573 abundet
812 534 977 573 humore
996 533 1048 572 ad
1069 533 1235 572 flumina
1254 543 1347 582 pro—

61 591 290 637 fundenda,
313 601 402 628 cum
422 590 461 628 in
482 589 650 628 humore
670 590 722 629 sit
742 594 863 629 totus.
894 590 1005 628 Hanc
1025 595 1203 628 veterem
1223 593 1262 627 et
1281 599 1346 627 ru·
1368 594 1390 628 2

63 648 153 686 dem
182 646 419 685 sententiam
447 645 634 694 explode.
677 655 752 684 nec
772 651 854 692 est,
889 645 999 694 quod
1019 644 1164 683 credas
1183 644 1223 683 in
1242 644 1350 682 hunc

64 703 200 741 orbem
217 712 364 750 aquam
381 701 517 740 subire
531 711 604 750 per
614 700 734 739 rimas
748 705 788 740 ει
803 701 936 740 facere
946 700 1155 739 sentinam.
1167 699 1350 749 ††Mare
1367 704 1391 739 3

62 769 183 796 unum
214 763 293 804 est,
330 757 381 795 ab
410 757 518 796 initio
549 756 702 796 scilicet
721 756 776 796 ita
797 757 1068 796 constitutum.
1110 755 1232 795 habet
1250 766 1349 794 suas

62 824 209 858 venas,
232 812 379 862 quibus
399 811 573 861 inpletur
588 817 708 860 atque
723 816 891 852 aestuat.
920 811 1130 860 Quomodo
1146 811 1268 850 maris
1289 811 1350 850 sic

64 874 103 908 et
121 878 252 918 aquae
271 868 390 907 huius
407 868 575 907 mitior1s
595 867 731 907 abdita
749 874 812 907 est
827 867 970 907 virium
984 868 1107 906 ratio:
1128 872 1279 906 tantum
1298 877 1351 906 ex

64 925 151 972 illa,
188 929 380 973 quantum
411 934 573 973 semper
598 922 725 962 fluere
752 935 858 973 opus
887 924 956 971 sit,
990 923 1191 963 emittitur.
1232 927 1350 962 vasta

63 980 184 1020 maris
211 979 248 1018 in
279 980 437 1019 occulto
466 980 532 1018 via
559 984 640 1027 est,
671 991 792 1029 quam
820 979 968 1019 nullius
997 978 1175 1018 fluminis
1203 989 1349 1018 cursus

66 1036 286 1075 exhauriet.

142 1091 229 1129 XV.
260 1090 506 1138 Quaedam
536 1102 596 1130 ex
624 1091 747 1130 istis
779 1095 914 1138 sunt,
944 1089 1133 1139 quibus
1162 1090 1348 1130 adsen-
1371 1097 1390 1131 l

64 1146 158 1186 tire
179 1158 482 1196 possumus,
511 1148 604 1186 sed
626 1147 719 1185 hoc
739 1146 959 1195 amplius
979 1156 1187 1186 censeo:
1219 1148 1350 1195 placet

64 1208 206 1241 natura
238 1203 320 1251 regi
358 1207 503 1241 terram
537 1207 576 1242 et
604 1202 766 1251 quidem
795 1202 847 1240 ad
875 1212 1091 1250 corporum
1119 1207 1348 1241 nostrorum

64 1259 288 1307 exemplar,
309 1258 348 1297 in
371 1257 518 1307 quibus
540 1263 579 1297 et
600 1268 729 1296 venae
749 1262 842 1297 sunt
860 1262 900 1296 et
918 1257 1107 1303 arteriae,
1136 1257 1226 1296 illae
1257 1268 1348 1297 san—

63 1314 216 1362 guinis,
246 1313 322 1352 hae
352 1314 518 1363 spiritus
547 1314 822 1363 receptacula.
868 1313 908 1352 in
937 1318 1043 1352 terra
1070 1324 1234 1362 quoque
1254 1318 1349 1352 sunt

64 1370 141 1408 alia
165 1370 325 1417 itinera,
356 1379 429 1418 per
456 1380 560 1418 quae
579 1380 706 1418 aqua,
735 1369 831 1417 alia,
855 1379 926 1417 per
947 1379 1051 1417 quae
1073 1369 1238 1417 spiritus
1258 1379 1348 1407 cur—

63 1426 130 1471 rit,
158 1424 344 1473 adeoque
364 1425 416 1463 ad
436 1425 733 1464 similitudinem
753 1424 822 1463 illa
848 1424 1113 1464 humanorum
1133 1434 1348 1473 corporum

65 1485 204 1518 natura
232 1480 436 1529 formavit,
469 1485 514 1519 ut
538 1480 712 1520 maiores
735 1490 899 1528 quoque
919 1480 1046 1519 nostri
1061 1490 1258 1528 aquarum
1278 1481 1347 1518 ad-

65 1535 301 1584 pellaverint
330 1546 501 1575 venas.
547 1536 629 1575 Sed
657 1536 760 1575 sicut
779 1535 818 1573 in
840 1535 958 1574 nobis
977 1547 1057 1574 non
1082 1540 1233 1575 tantum
1254 1546 1345 1574 san·
1364 1540 1387 1575 2

64 1590 153 1639 guis
174 1596 256 1638 est,
279 1592 353 1630 sed
374 1592 495 1631 multa
514 1601 664 1640 genera
682 1591 882 1637 humoris,
911 1591 990 1629 alia
1009 1591 1252 1638 necessarii,
1271 1590 1350 1629 alia

66 1647 240 1695 corrupti
260 1657 308 1685 ac
330 1648 449 1695 paulo
466 1647 627 1696 quidem
644 1646 865 1696 pinguioris
878 1676 888 1695 ,
914 1647 952 1685 in
975 1648 1105 1696 capite
1125 1647 1347 1694 cerebrum,

65 1702 102 1740 in
121 1702 285 1742 ossibus
303 1703 519 1749 medullae,
541 1703 645 1742 muci
661 1703 891 1750 salivaeque
912 1708 951 1741 et
970 1703 1156 1741 lacrimae
1176 1707 1215 1741 et
1232 1703 1346 1751 quid—

66 1758 156 1796 dam
187 1757 363 1797 additum
389 1757 584 1806 articuliS,
617 1769 690 1807 per
710 1758 821 1807 quod
851 1758 966 1798 citius
987 1757 1198 1798 flectantur
1218 1768 1268 1796 ex
1288 1759 1347 1797 lu-

63 1813 175 1852 brico
187 1844 196 1860 ,
218 1813 276 1852 sic
294 1813 335 1851 in
352 1817 458 1852 terra
476 1824 640 1863 quoque
660 1819 752 1853 sunt
766 1813 944 1852 humoris
963 1815 1159 1863 conplura
1177 1824 1346 1862 genera:

68 1869 264 1918 quaedam
287 1879 390 1918 quae
411 1874 563 1909 mature
583 1869 793 1909 durentur:
822 1868 915 1908 hinc
935 1874 998 1908 est
1016 1869 1150 1909 omnis
1168 1870 1346 1908 metallo·
1366 1872 1389 1907 3

65 1936 151 1964 rum
181 1925 346 1973 humus,
383 1935 435 1964 ex
464 1924 611 1974 quibus
632 1925 730 1974 petit
746 1935 886 1963 aurum
910 1930 1198 1974 argentumque
1219 1926 1345 1964 avari·
1377 1941 1381 1943 “

65 1981 138 2027 tia,
160 1985 200 2020 et
220 1991 325 2030 quae
344 1981 382 2019 in
402 1980 577 2029 lapidem
601 1990 652 2019 ex
671 1980 827 2029 liquore
840 1985 1058 2020 vertuntur.
1089 1980 1129 2020 in
1147 1981 1344 2030 quaedam

67 2046 164 2075 vero
184 2041 290 2076 terra
310 2036 533 2085 humorque
553 2041 806 2085 putrescunt,
838 2035 943 2075 sicut
961 2036 1135 2075 bitumen
1150 2041 1194 2075 et
1213 2041 1345 2076 cetera

68 2090 165 2130 huic
187 2091 341 2131 similia.
382 2092 492 2131 Haec
519 2097 583 2132 est
610 2102 734 2130 causa
761 2102 955 2141 aquarum
976 2093 1197 2131 secundum
1217 2093 1344 2141 legem

68 2150 233 2186 naturae
246 2149 573 2196 voluntatemque
589 2148 850 2187 nascentium.
882 2146 1062 2186 Ceterum
1080 2153 1122 2187 ut
1139 2148 1178 2186 in
1195 2148 1343 2187 nostris
1363 2153 1390 2189 4

70 2201 328 2252 corporibus,
359 2203 411 2243 ita
439 2202 478 2242 in
507 2204 574 2242 illa
602 2213 727 2252 saepe
754 2203 944 2243 humores
970 2203 1066 2242 vitia
1095 2204 1340 2253 concipiunt:

70 2261 138 2296 aut
163 2257 265 2298 ictus
294 2265 363 2299 aut
382 2259 589 2309 quassatio
610 2259 746 2307 aliqua
769 2262 837 2298 aut
856 2259 935 2298 loci
954 2259 1110 2298 senium
1129 2264 1198 2299 aut
1215 2260 1341 2308 frigus

71 2317 139 2351 aut
165 2318 301 2354 aestus
330 2317 548 2365 corrupere
577 2318 770 2355 naturam.
815 2319 855 2355 et
876 2314 1123 2365 sulphuratio
1143 2315 1343 2356 contraxit
