1592 2580
279 182 358 222 124
645 182 689 220 L.
717 181 906 220 ANNAEI
935 181 1158 221 SENECAE

275 283 461 328 luissent,
484 285 528 319 ut
544 285 649 319 tutus
669 284 824 319 esses.“
868 281 1034 320 Primum
1057 287 1203 331 certum
1223 280 1315 320 mihi
1331 287 1444 331 optas
1460 292 1527 331 pe-

275 337 440 374 riculum
468 335 542 373 sub
570 336 718 374 incerto
753 335 912 374 auxilio.
964 336 1114 374 Deinde
1145 341 1351 385 utrumque
1382 343 1528 375 certum

240 397 263 430 2
280 395 393 439 puta:
424 390 532 438 quod
557 394 674 428 nocet
699 390 809 438 prius
836 395 907 429 est.
957 390 1163 429 Praeterea
1188 395 1230 429 tu
1257 391 1529 430 condicionem

281 445 360 483 voti
386 443 441 483 tui
467 444 590 483 nosti:
626 455 688 483 me
717 449 930 493 tempestas
958 446 1164 493 occupavit
1191 450 1329 493 portus
1349 455 1395 483 ac
1417 456 1529 494 prae-

280 499 369 538 sidii
389 499 560 537 dubium.
590 503 774 547 quantum
796 498 995 537 existimas
1016 504 1267 547 tormentum,
1294 500 1447 538 etiamsi
1466 510 1529 537 ac-

280 563 445 602 cepero,
485 554 678 601 eguisse?
723 553 873 591 etiamsi
904 558 1084 592 servatus
1116 554 1250 601 fuero,
1287 555 1532 602 trepidasse?

279 607 432 646 etiamsi
459 608 664 646 absolutus
685 608 815 655 suero,
844 618 1003 646 causam
1023 608 1200 646 dixisset*
1234 608 1384 647 Nullius
1403 613 1531 647 metus

278 667 357 700 tam
385 667 519 710 gratus
546 667 607 701 est
631 662 741 709 finis,
770 667 813 700 ut
838 672 915 700 non
943 662 1088 710 gratior
1114 663 1165 700 sit
1190 662 1319 701 solida
1338 668 1376 701 et
1397 662 1531 700 incon-

242 724 265 758 3
280 727 400 755 cussa
422 718 626 755 securitas.
671 716 770 764 Opta
788 720 830 754 ut
846 717 1014 755 reddere
1028 716 1122 755 mihi
1135 717 1369 755 beneficium
1383 717 1530 764 possis,

280 782 370 810 cum
391 782 493 820 opus
514 772 603 818 erit,
633 782 712 809 non
732 776 775 809 ut
789 782 890 820 opus
911 771 972 810 sit.
1021 770 1063 810 Si
1083 776 1189 809 esset
1203 771 1242 809 in
1256 776 1324 810 tua
1339 775 1533 820 potestate

281 826 388 875 quod
409 831 544 874 optas,
574 826 661 873 ipse
680 826 860 864 fecisses.

357 880 492 919 XXIX.
531 880 682 927 Quanto
702 879 778 919 hoc
797 881 1002 920 honestius
1021 884 1155 919 votum
1175 884 1254 918 est:
1284 883 1405 928 „opto
1424 880 1463 917 in
1483 889 1531 918 eo

281 939 384 974 statu
404 936 470 983 sit,
501 944 579 983 quo
601 945 758 982 semper
775 935 967 974 beneficia
982 934 1206 982 distribuat,
1234 944 1446 982 numquam
1465 933 1531 971 de-

281 990 440 1028 sideret.
478 994 668 1037 sequatur
694 990 801 1028 illum
828 989 1007 1036 materia,
1039 1000 1117 1038 qua
1135 994 1212 1027 tam
1230 989 1398 1036 benigne
1415 988 1533 1027 utitur

280 1044 482 1091 largiendo
502 1044 775 1092 iuvandoque‚
805 1049 847 1082 ut
867 1054 1078 1092 numquam
1095 1044 1148 1082 ilii
1167 1044 1218 1081 sit
1231 1043 1448 1082 dandorum
1465 1042 1532 1080 be—

279 1098 510 1137 neficiorum
529 1099 681 1146 inopia,
712 1099 890 1138 datorum
918 1097 1166 1147 poenitentia.
1201 1102 1379 1136 naturam
1398 1107 1470 1145 per
1488 1106 1533 1135 se

278 1164 444 1201 pronam
460 1154 510 1190 ad
530 1153 858 1199 misericordiam,
886 1153 1181 1197 humanitatem,
1213 1152 1455 1190 clementiam
1475 1151 1531 1188 in-

279 1207 367 1246 ritet
386 1217 432 1244 ac
453 1212 643 1255 provocet
660 1206 773 1244 turba
791 1211 1007 1255 gratorum,
1030 1217 1131 1254 quos
1151 1207 1205 1244 illi
1221 1211 1259 1244 et
1276 1206 1423 1244 habere
1438 1215 1531 1244 con-

278 1262 400 1309 tingat
426 1271 499 1299 nec
522 1261 693 1309 experiri
712 1271 879 1299 necesse
898 1262 958 1299 sit.
985 1261 1072 1309 ipse
1094 1261 1189 1298 nulli
1207 1260 1451 1308 inplacabilis
1471 1260 1532 1307 sit,

278 1317 356 1364 ipsi
381 1326 496 1354 nemo
525 1315 752 1364 placandus.
787 1321 865 1354 tam
891 1316 1046 1364 aequali
1065 1316 1104 1353 in
1124 1325 1213 1353 eum
1232 1315 1387 1352 fortuna
1406 1314 1531 1352 indul-

279 1371 410 1419 gentia
429 1375 674 1418 perseveret,
704 1374 747 1407 ut
766 1381 880 1408 nemo
905 1370 943 1407 in
966 1370 1074 1407 illum
1095 1370 1222 1418 possit
1235 1378 1327 1407 esse
1346 1369 1420 1406 nisi
1439 1378 1531 1405 con-

242 1434 264 1467 2
280 1424 444 1464 scientia
465 1427 640 1472 gratus.“
682 1424 832 1471 Quanto
853 1424 952 1463 haec
971 1423 1136 1462 iustiora
1149 1428 1242 1462 vota
1257 1427 1358 1470 sunt,
1379 1433 1480 1471 quae
1493 1427 1533 1460 te

279 1481 318 1519 in
346 1480 489 1517 nullam
518 1480 769 1518 occasionem
796 1479 998 1526 differunt,
1035 1479 1108 1517 sed
1134 1483 1284 1525 gratum
1315 1477 1442 1515 statim
1475 1477 1531 1514 fa·

281 1536 413 1573 ciunt?
447 1533 541 1582 quid
573 1534 675 1571 enim
694 1533 878 1582 prohibet
902 1534 1049 1572 referre
1068 1533 1229 1581 gratiam
1250 1526 1452 1580 prosperis
1470 1541 1531 1569 re-

279 1589 383 1627 bus?
412 1589 663 1637 quammulta
678 1592 779 1635 sunt,
801 1599 871 1636 per
887 1598 999 1636 quae,
1020 1587 1205 1635 quicquid
1223 1587 1424 1632 debemus,
1443 1585 1530 1623 red-

281 1645 375 1682 dere
392 1644 507 1682 etiam
522 1643 700 1681 felicibus
718 1647 960 1692 possumus?
987 1642 1104 1680 fidele
1120 1641 1344 1688 consilium,
1364 1640 1533 1678 adsidua

281 1697 549 1745 conversatio,
587 1708 716 1736 sermo
746 1698 869 1736 comis
897 1701 935 1735 et
962 1696 1047 1734 sine
1074 1696 1297 1734 adulatione
1324 1694 1530 1741 iucundus,

281 1763 418 1800 aures,
454 1752 488 1790 si
514 1752 720 1790 deliberari
751 1752 864 1798 velit,
902 1751 1127 1799 diligentes,
1161 1754 1267 1789 tutae
1295 1750 1328 1788 si
1357 1749 1530 1787 credere.

282 1807 501 1854 [convictus
530 1807 798 1853 familiaritas]
844 1805 1043 1844 Neminem
1070 1810 1149 1843 tam
1171 1806 1246 1843 alte
1265 1804 1440 1842 secunda
1459 1813 1530 1851 po—

282 1866 462 1908 suerunt,
503 1865 543 1899 ut
570 1871 649 1899 non
679 1861 732 1899 illi
760 1871 808 1900 eo
834 1861 959 1909 magis
986 1860 1135 1898 amicus
1163 1859 1281 1906 desit,
1319 1858 1411 1906 quia
1436 1857 1530 1895 nihil

282 1916 396 1954 absit.
744 1920 755 1927 ·

358 1969 476 2008 XXX.
511 1970 591 2009 Ista
617 1970 738 2008 tristis
766 1974 803 2008 et
831 1968 936 2007 omni
961 1973 1055 2007 voto
1082 1965 1352 2006 submovenda
1370 1965 1529 2003 occasio

281 2035 328 2063 ac
353 2026 492 2072 procul
518 2025 764 2073 repellenda:
801 2029 843 2062 ut
868 2028 1002 2072 gratus
1031 2033 1122 2061 esse
1148 2021 1300 2070 possis,
1331 2019 1438 2057 iratis
1468 2019 1529 2058 dis

281 2088 382 2126 opus
403 2084 474 2118 est.
519 2080 599 2117 Nec
619 2090 668 2117 ex
685 2079 760 2117 hoc
777 2079 935 2127 quidem
955 2087 1121 2126 peccare
1135 2081 1172 2114 te
1187 2074 1398 2121 intellegis,
1421 2074 1530 2122 quod

280 2133 418 2171 melius
442 2144 529 2172 cum
558 2144 605 2172 eo
632 2133 777 2181 agitur,
807 2132 869 2171 cui
891 2133 1064 2180 ingratus
1084 2134 1156 2169 es?
1200 2129 1381 2175 Propone
1400 2128 1528 2166 animo

279 2191 347 2225 tuo
369 2198 586 2235 carcerem,
614 2188 788 2234 vincula,
809 2187 971 2234 sordes,
993 2186 1234 2229 servitutem,
1254 2183 1528 2237 bellum,1ege-

280 2245 430 2279 statem.
460 2242 557 2280 haec
579 2247 670 2280 sunt
688 2242 919 2280 occasiones
940 2241 1019 2279 voti
1036 2239 1109 2277 tui:
1139 2238 1173 2276 si
1189 2238 1276 2286 quis
1291 2242 1418 2276 tecum
1436 2246 1527 2274 con-

243 2295 413 2343 2traxit,
453 2307 524 2344 per
549 2297 624 2336 ista
650 2296 862 2335 dimittitur:
915 2295 1013 2343 Quin
1046 2293 1176 2342 potius
1209 2302 1299 2332 eum
1330 2295 1527 2340 potentem
