1592 2580
362 157 547 198 NATUR.
569 157 782 206 QUAEST.
811 157 907 198 LlB.
928 158 992 197 111.
1018 164 1146 200 2—9.
1314 155 1396 198 217

111 258 203 297 liam
236 258 443 297 abundare
475 256 572 296 rivis
602 262 642 297 et
668 257 920 308 fluminibus,
960 259 1055 309 quia
1089 259 1204 300 coelo
1227 258 1394 299 humido

114 319 273 354 utuntur
292 318 332 353 et
351 323 401 352 ne
425 319 561 353 aestas
582 314 744 362 quidem
765 314 959 354 imbribus
987 320 1108 354 caret.

190 370 276 409 Vll.
306 370 520 408 Adversus
542 369 642 408 haec
662 371 784 409 multa
803 381 930 419 posse
950 371 1028 410 dici
1048 371 1178 411 vides.
1221 370 1396 410 Primum
1418 375 1434 409 l

110 436 186 475 ego
203 425 274 464 tibi
291 425 499 464 vinearum
514 424 687 474 diligens
705 426 842 465 fossor
857 427 1038 475 adfirmo,
1055 428 1204 466 nullam
1219 426 1396 476 pluviam

109 491 203 520 esse
232 486 327 529 [tam
356 482 577 532 magnamJ,
604 492 708 529 quae
737 486 883 521 terram
910 484 1015 522 ultra
1045 483 1186 522 decem
1206 483 1335 532 pedes
1355 482 1395 521 in

109 537 356 576 altitudinem
384 536 643 576 madefaciat:
674 538 804 576 omnis
832 538 977 578 humor
995 539 1097 578 intra
1118 539 1285 588 primam
1307 549 1395 577 cru-

109 599 212 632 stam
236 592 486 632 consumitur
513 603 588 631 nec
622 592 663 631 in
699 592 888 633 inferiora
916 594 1140 634 descendit.
1190 594 1396 644 quomodo
1417 598 1439 632 2

108 659 206 698 ergo
226 649 352 687 imber
371 658 591 698 suggerere
611 653 746 698 potest
760 649 944 689 amnibus
966 650 1090 698 vires,
1111 648 1181 700 qui
1200 660 1397 690 summam

107 709 260 743 tantum
280 704 444 743 humum
466 703 604 753 tingit?
650 715 745 754 pars
765 706 892 745 maior
912 705 999 744 eius
1020 716 1094 755 per
1111 705 1318 745 fluminum
1340 707 1395 744 al-

107 771 208 800 veos
230 760 268 799 in
294 771 402 799 mare
422 760 612 799 aufertur.
655 760 845 809 exiguum
865 768 946 810 est,
969 762 1077 811 quod
1098 762 1261 801 sorbeat
1277 766 1396 809 terra,

108 825 184 855 nec
199 815 238 855 id
255 822 402 855 servat.
429 820 498 855 aut
510 816 615 854 enim
630 816 741 855 arida
756 822 819 856 est
832 822 872 856 et
886 817 1059 856 absumit
1073 818 1110 856 in
1129 827 1186 862 se,
1203 817 1397 867 quicquid

109 871 285 910 infusum
305 877 383 918 est,
417 877 486 911 aut
505 871 669 921 satiata,
699 871 735 911 si
757 872 855 921 quid
877 883 1004 922 supra
1024 872 1272 912 desiderium
1293 872 1395 911 ceci-

110 927 185 975 dit,
226 928 428 967 excludet.
471 932 511 967 et
545 927 637 967 ideo
672 927 812 976 primis
847 928 1042 968 imbribus
1079 939 1159 967 non
1197 933 1397 977 augentur

109 994 270 1032 amnes,
302 983 397 1033 quia
417 989 523 1023 totos
543 983 582 1022 in
604 994 649 1022 sc
669 983 809 1023 sitiens
829 989 935 1023 terra
953 984 1084 1024 trahit.
1129 983 1251 1032 Quid,
1285 984 1394 1034 quod
1415 996 1438 1032 3

110 1039 310 1089 quaedam
337 1039 503 1078 flumina
526 1044 739 1088 erumpunt
764 1041 876 1079 saxis
897 1045 936 1079 et
954 1039 1185 1079 montibus?
1213 1039 1277 1079 his
1298 1039 1396 1089 quid

110 1096 319 1134 conferent
339 1095 520 1145 pluviae,
543 1105 655 1149 quae
676 1106 748 1144 per
767 1095 898 1135 nudas
917 1106 1042 1145 rupes
1063 1095 1300 1135 deferuntur
1320 1105 1395 1134 nec

109 1150 257 1190 habent
277 1154 474 1199 [terram],
507 1151 570 1189 cui
590 1151 802 1192 insideant.
846 1151 994 1199 Adice,
1026 1151 1138 1200 quod
1158 1151 1394 1190 siccissimis

108 1207 210 1245 locis
238 1206 349 1255 putei
382 1207 422 1246 in
451 1207 574 1245 altum
601 1206 679 1246 acti
699 1208 803 1245 ultra
822 1207 1089 1246 ducentorum
1108 1211 1177 1245 aut
1196 1211 1393 1246 trecento—

105 1273 194 1314 rum
225 1262 374 1311 pedum
401 1262 576 1311 spatium
598 1262 805 1302 inveniunt
825 1273 1020 1311 aquarum
1040 1262 1189 1301 uberes
1208 1273 1334 1301 venas
1354 1261 1394 1300 in

108 1328 157 1357 ea
183 1318 408 1364 altitudine,
444 1318 484 1356 in
512 1329 632 1368 quam
660 1329 768 1366 aqua
795 1329 874 1357 non
895 1323 1095 1367 penetrat,
1126 1322 1170 1357 ut
1189 1318 1296 1357 scias
1315 1318 1394 1356 illic

107 1383 189 1413 non
207 1374 424 1413 coelestem
442 1384 536 1413 esse
555 1383 631 1412 nec
649 1374 901 1414 collectivum
920 1373 1149 1421 humorem,
1169 1374 1264 1421 sed,
1285 1373 1396 1422 quod

106 1428 187 1468 dici
216 1429 339 1476 solet,
367 1429 501 1468 vivam
530 1439 691 1478 aquam.
732 1430 802 1468 Illo
834 1440 998 1478 quoque
1029 1434 1266 1478 argumento
1295 1429 1395 1467 haec
1415 1433 1439 1468 4

108 1484 245 1533 opinio
265 1484 476 1531 refellitur,
499 1485 609 1533 quod
627 1485 788 1533 quidam
810 1485 940 1524 fontes
957 1485 994 1522 in
1016 1495 1171 1523 summo
1189 1485 1395 1523 cacumine

108 1540 252 1579 montis
279 1540 518 1578 redundant.
551 1540 720 1589 adparet
746 1541 836 1580 illos
866 1550 1027 1579 sursum
1049 1540 1114 1589 agi
1132 1545 1201 1579 aut
1220 1539 1273 1578 ibi
1298 1550 1392 1579 con-

109 1594 206 1645 cipi,
232 1606 322 1634 cum
343 1596 473 1634 omnis
495 1596 681 1644 pluvialis
702 1606 810 1645 aqua
829 1596 1027 1635 decurrat.

186 1651 290 1692 VIII.
321 1651 488 1699 Quidam
510 1651 758 1698 existimant,
786 1651 1125 1700 quemadmodum
1144 1651 1183 1689 in
1206 1650 1395 1690 exteriori

108 1711 223 1756 parte
249 1711 446 1745 terrarum
472 1712 609 1746 vastae
639 1707 810 1756 paludes
835 1707 967 1746 iacent
985 1707 1204 1756 mag-nique
1224 1711 1264 1746 et
1283 1707 1392 1746 navi·

107 1762 263 1811 gabiles
292 1763 426 1810 lacus,
462 1762 802 1811 quemadmodum
830 1762 980 1811 ingenti
1009 1761 1141 1811 spatio
1169 1762 1393 1812 [terrarum]

107 1818 234 1856 maria
261 1818 395 1856 infusa
422 1818 593 1857 vallibus
622 1823 809 1866 porrecta
838 1823 951 1866 sunt,
980 1818 1038 1857 sic
1060 1817 1252 1857 interiora
1270 1823 1392 1857 terra-

106 1885 195 1912 rum
229 1874 438 1912 abundare
474 1873 592 1922 aquis
622 1873 809 1913 dulcibus
838 1884 914 1912 nec
942 1874 1076 1913 minus
1096 1874 1186 1913 illas
1206 1879 1393 1922 stagnare

108 1940 229 1978 quam
259 1929 368 1978 apud
395 1940 470 1967 nos
492 1939 687 1968 oceanum
710 1934 749 1968 et
769 1928 882 1969 sinus
903 1929 1004 1968 eius.
1046 1930 1166 1969 immo
1190 1940 1239 1968 eo
1259 1930 1391 1977 latius,

109 1995 190 2033 quo
219 1986 310 2034 plus
330 1989 434 2024 terra
454 1985 492 2022 in
514 1986 635 2023 altum
657 1990 776 2034 patet.
817 1985 923 2034 Ergo
945 1995 997 2023 ex
1016 1984 1084 2023 illa
1105 1985 1307 2034 profunda
1325 1995 1391 2034 co-

110 2041 177 2089 pia
203 2040 281 2080 isti-
295 2051 435 2094 amnes
455 2045 691 2088 egeruntur,
725 2051 830 2089 quos
851 2041 947 2089 quid
967 2041 1122 2080 miraris
1145 2041 1180 2080 si
1198 2046 1305 2079 terra
1323 2041 1391 2080 de-

108 2100 257 2135 tractos
278 2108 358 2136 non
380 2096 515 2142 sentit,
539 2107 628 2134 cum
649 2096 830 2135 adiectos
851 2096 976 2134 maria
995 2107 1074 2135 non
1096 2096 1283 2136 sentiunt.

191 2152 255 2203 IX.
301 2152 549 2201 Quibusdam
570 2151 670 2190 haec
695 2162 819 2190 causa
839 2152 987 2201 placet:
1017 2153 1127 2191 aiunt
1146 2151 1296 2191 habere
1314 2158 1390 2192 ter—
1411 2160 1430 2193 1

108 2217 194 2245 ram
222 2207 324 2247 intra
357 2219 402 2247 se
429 2218 620 2246 recessus
641 2217 766 2253 cavos
786 2212 825 2246 et
843 2207 1008 2246 multum
1028 2207 1212 2256 spiritus,
1235 2208 1301 2257 qui
1321 2220 1389 2248 ne-

110 2263 290 2302 cessario
319 2263 499 2312 frigescit
528 2262 669 2302 umbra
688 2263 800 2311 gravi
822 2273 1004 2312 pressus.
1047 2263 1194 2303 deinde
1219 2263 1331 2313 piger
1351 2269 1391 2304 et

110 2317 282 2358 inmotus
300 2320 338 2358 in
361 2330 527 2369 aquam,
557 2329 646 2358 cum
667 2328 713 2358 se
733 2317 852 2358 desiit
870 2319 1000 2368 ferre,
1029 2319 1283 2359 convertitur.
1329 2320 1383 2360 Si·
1407 2326 1430 2360 2
