1598 2606
345 176 399 216 22
708 176 752 214 L.
782 175 968 214 ANNAEI
994 174 1217 215 SENECAE

347 281 430 324 gat,
458 274 615 322 cecidit,
647 275 884 313 detestamur
901 274 1145 322 perniciosos
1167 275 1358 312 malorum
1383 285 1585 315 munerum

306 337 328 369 2
347 335 541 369 auctores.
577 330 628 368 Ut
654 329 834 377 frigidam
860 329 986 376 aegris
1011 339 1198 376 negamus
1226 334 1264 367 et
1290 330 1509 377 lugentibus
1538 342 1585 369 ac

347 383 422 423 sibi
441 385 547 423 iratis
570 385 711 422 serrum
731 387 797 421 aut
816 382 1033 421 amantibus
1055 382 1242 432 quicquid
1269 388 1404 422 contra
1423 395 1474 422 se
1492 395 1585 423 usu-

346 450 412 477 rus
432 440 550 478 ardor
576 439 689 487 petit,
718 437 775 475 sic
801 438 930 476 omnia
955 447 1056 484 quae
1081 438 1258 475 nocitura
1282 442 1390 484 sunt,
1419 438 1586 487 inpense

346 503 394 531 ac
413 493 620 540 submisse,
638 502 930 540 nonnumquam
947 491 1059 530 etiam
1072 491 1340 530 miserabiliter
1357 493 1585 540 rogantibus

346 547 688 595 perseverabimus
706 557 785 585 non
805 547 911 584 dare.
950 546 1044 584 Cum
1070 546 1177 584 initia
1195 546 1474 585 beneficiorum
1493 558 1585 586 suo-

344 612 429 640 rum
461 606 642 650 spectare
667 606 749 640 tum
775 601 887 639 etiam
912 601 1039 639 exitus
1071 601 1184 639 decet
1211 605 1250 638 et
1275 611 1321 638 ea
1341 601 1453 648 dare,
1484 612 1586 650 quae

303 666 325 700 3
344 666 423 694 non
443 660 591 694 tantum
611 656 812 704 accipere,
833 655 905 693 sed
920 653 1034 693 etiam
1048 656 1254 702 accepisse
1270 655 1446 694 delectet.
1476 656 1586 694 Multi

345 715 435 749 sunt
456 712 522 758 qui
542 710 691 748 dicant:
721 710 829 757 „scio
849 709 925 748 hoc
943 709 997 747 illi
1016 720 1094 747 non
1115 709 1380 757 profuturum,
1404 710 1476 748 sed
1492 709 1586 758 quid

343 766 509 803 faciam?
535 769 668 812 rogat,
695 765 880 803 resistere
898 764 1082 812 precibus
1103 764 1187 802 eius
1215 774 1293 801 non
1313 774 1489 811 possum.
1528 763 1585 802 vi-

344 819 455 858 derit.
493 819 543 857 de
563 829 626 864 se,
656 829 735 857 non
755 819 886 857 deme
908 821 1129 866 queretur.“
1173 818 1332 856 Falsum
1357 823 1435 856 est:
1468 817 1585 857 immo

343 874 394 914 de
412 879 450 912 te
468 878 506 912 et
524 873 659 911 merito
681 873 854 922 quidem,
883 882 971 910 cum
990 873 1041 910 ad
1058 878 1225 911 mentem
1252 873 1395 910 bonam
1413 872 1583 919 redierit,

344 938 433 966 cum
451 928 629 966 accessio
646 928 730 974 illa,
762 937 863 976 quae
882 927 1051 965 animum
1069 926 1352 973 inflammabat,
1373 927 1582 966 remiserit:

345 982 482 1030 quidni
502 993 590 1021 eum
610 982 752 1028 oderit,
773 993 795 1020 a
813 992 890 1030 quo
910 982 949 1019 in
972 982 1154 1019 damnum
1173 991 1219 1019 ae
1241 981 1455 1029 periculum
1470 992 1585 1020 suum

302 1041 325 1075 4
342 1036 498 1075 adiutus
517 1041 603 1075 est?
633 1036 796 1074 Exorari
813 1036 851 1073 in
868 1036 1080 1084 pernIciem
1099 1036 1317 1083 rogantium
1337 1046 1457 1074 saeva
1473 1036 1584 1074 boni-

343 1095 404 1129 tas
432 1095 504 1129 est.
553 1090 881 1139 quemadmodum
913 1090 1213 1138 pulcherrimum
1240 1101 1341 1138 opus
1378 1095 1438 1129 est
1470 1091 1584 1128 etiam

341 1145 485 1183 invitos
504 1146 761 1193 nolentesque
781 1155 959 1191 servare,
988 1145 1040 1182 ita
1057 1145 1285 1192 rogantibus
1308 1145 1492 1192 pestifera
1509 1145 1585 1183 lar-

341 1198 414 1246 giri
439 1199 623 1237 blandum
650 1203 688 1237 et
718 1199 874 1237 affabile
902 1199 1033 1238 odium
1060 1204 1131 1237 est.
1170 1199 1410 1237 Beneficium
1434 1199 1583 1247 demus,

343 1254 451 1301 quod
470 1254 508 1291 in
526 1264 603 1291 usu
620 1252 745 1301 magis
765 1264 812 1291 ac
840 1254 965 1301 magis
985 1254 1155 1301 placeat,
1186 1254 1293 1301 quod
1312 1264 1524 1301 numquam
1543 1252 1584 1291 in

340 1308 485 1345 malum
511 1311 644 1346 vertat.
686 1308 894 1346 Pecuniam
911 1318 989 1346 non
1009 1307 1130 1355 dabo,
1159 1319 1276 1355 quam
1294 1312 1585 1346 numeraturum

341 1362 543 1400 adulterae
569 1363 708 1409 sciam,
735 1372 785 1400 ne
799 1362 838 1400 in
865 1363 1051 1401 societate
1077 1362 1202 1410 turpis
1230 1361 1321 1400 facti
1347 1366 1414 1400 aut
1432 1362 1585 1401 consilii

341 1415 528 1455 inveniar.
568 1417 601 1454 si
625 1421 782 1464 potero,
809 1416 1026 1455 revocabo:
1056 1417 1089 1455 si
1108 1418 1255 1464 minus,
1285 1427 1364 1455 non
1387 1415 1583 1454 adiuvabo

300 1478 321 1511 5
341 1470 486 1509 scelus.
519 1469 612 1508 Sive
628 1470 735 1509 illum
753 1471 811 1508 ira
831 1482 908 1518 quo
930 1482 1007 1509 non
1029 1471 1196 1510 debebat
1215 1471 1380 1519 inpellit,
1400 1470 1484 1509 sive
1503 1481 1583 1509 am-

341 1525 499 1563 bitionis
531 1525 638 1562 calor
664 1525 822 1563 abducit
846 1536 869 1563 a
888 1525 1000 1579 tutis,
1026 1526 1064 1563 in
1091 1527 1238 1564 nullum
1265 1525 1407 1563 malum
1430 1525 1535 1563 vires
1559 1535 1584 1563 a

342 1584 466 1617 semet
483 1580 573 1627 ipso
605 1583 686 1626 [aut
705 1590 731 1617 a
749 1591 807 1618 me
825 1584 971 1628 petere]
1001 1580 1142 1628 patiar,
1170 1590 1243 1618 nec
1262 1580 1513 1626 committam,
1541 1583 1584 1618 ut

341 1634 470 1682 possit
486 1634 722 1682 quandoque
743 1634 891 1672 dicere:
911 1635 1002 1681 „ille
1016 1635 1183 1673 amando
1202 1644 1264 1672 me
1280 1633 1459 1672 occidit.“
1488 1632 1582 1671 Sae-

341 1698 394 1736 pe
412 1687 506 1725 nihil
526 1689 687 1726 interest
705 1688 805 1727 inter
823 1687 1034 1727 amicorum
1052 1699 1214 1727 munera
1235 1693 1273 1726 et
1291 1688 1461 1726 hostium
1477 1691 1582 1725 vota.

342 1742 528 1790 quicquid
547 1742 601 1780 illi
619 1742 799 1780 accidere
825 1747 979 1791 optant,
1007 1743 1044 1781 in
1073 1743 1114 1781 id
1142 1743 1278 1782 horum
1309 1741 1583 1789 intempestiva

340 1796 580 1844 indulgentia
607 1797 757 1844 inpellit
787 1803 905 1845 atque
937 1797 1106 1835 instruit:
1144 1797 1237 1846 quid
1269 1800 1397 1834 autem
1428 1796 1582 1843 turpius

342 1861 460 1899 quam
479 1851 586 1899 quod
606 1852 736 1890 evenit
763 1851 1096 1900 frequentissime,
1124 1856 1167 1890 ut
1193 1851 1286 1889 nihil
1312 1849 1462 1889 intersit
1482 1850 1582 1888 inter

342 1905 475 1943 odium
499 1909 537 1943 et
555 1905 816 1944 beneficium?

301 1966 321 1998 1
419 1959 506 1998 XV.
532 1959 799 2008 Numquam
828 1960 874 1998 in
901 1959 1255 2008 turpitudinem
1274 1962 1491 1997 nostram
1510 1959 1598 1997 re·!

342 2013 510 2052 ditura
527 2014 815 2053 tribuamus.
854 2015 948 2053 Cum
967 2024 1117 2053 summa
1136 2012 1325 2051 amicitiae
1344 2013 1394 2050 sit
1415 2013 1596 2051 amicum:

342 2068 417 2106 sibi
430 2078 612 2131 aequare,
629 2069 783 2118 utrique
798 2069 912 2107 simul
925 2068 1206 2108 consulendum
1221 2071 1300 2104 est:
1321 2067 1423 2104 dabo
1439 2066 1580 2128 egenti,
1593 2071 1598 2090 '¹

342 2122 415 2160 sed
431 2127 474 2161 ut
491 2124 578 2172 ipse
597 2134 675 2162 non
697 2133 845 2186 egeam.
880 2133 1104 2162 succurram
1123 2121 1315 2169 perituro,
1344 2121 1416 2158 sed
1431 2125 1472 2159 ut
1492 2120 1593 2171 ipse}

342 2186 422 2213 non
442 2187 620 2225 peream,
648 2177 723 2216 nisi
751 2178 784 2216 si
810 2178 960 2216 futurus
988 2186 1053 2215 ero
1074 2176 1202 2223 magni
1228 2174 1396 2213 hominis
1417 2179 1481 2214 aut
1498 2185 1579 2212 ma
1590 2174 1593 2210 l

301 2232 323 2266 2
341 2238 442 2276 gnae
462 2232 519 2269 rei
536 2242 702 2271 merces.
738 2232 893 2270 Nullum
917 2230 1148 2271 beneficium
1176 2229 1298 2277 dabo,
1329 2229 1436 2277 quod
1456 2219 1591 2276 turpi-

343 2287 403 2321 ter
420 2290 607 2332 peterem.
653 2297 726 2326 nec
745 2287 926 2335 exiguum
951 2284 1119 2329 dilatabo
1146 2294 1219 2322 nec
1238 2294 1379 2332 magna
1397 2293 1468 2333 pro
1489 2293 1589 2332 par-
