1592 2580
291 168 370 210 170
659 170 700 206 L.
728 169 916 206 ANNAEI
942 169 1170 207 SENECAE

291 269 383 317 quid
404 279 496 315 ergo
513 267 592 315 sit?
620 269 810 314 colorem,
832 279 910 306 non
930 268 1133 316 imaginem
1155 270 1320 308 ducunt:
1349 268 1533 317 alloquin,

287 346 341 351 -—
360 328 402 360 ut
419 323 472 360 ait
490 323 590 360 Nero
613 322 758 360 Caesar
776 322 1045 370 disertissime,

394 379 491 415 colla
512 377 757 425 Cytheriacae
777 378 976 424 splendent
997 379 1143 424 agitata
1160 378 1375 416 columbae:

287 437 325 469 et
352 431 470 469 variis
500 431 697 469 coloribus
721 441 917 479 pavonum
935 431 1087 478 cervix,
1118 431 1297 479 quotiens
1317 432 1448 480 aliquo
1469 432 1534 469 de-

287 485 465 530 flectitur,
497 486 607 524 nitet:
626 506 682 513 —-
707 485 896 533 numquid
923 496 1016 533 ergo
1047 485 1221 524 dicemus
1247 487 1409 533 specula
1433 487 1535 524 eius·

287 540 394 578 modi
415 540 586 587 plumas,
612 550 783 587 ‘quarum
810 539 935 577 omnis
956 540 1152 578 inclinatio
1176 539 1213 577 in
1236 541 1388 578 colores
1409 550 1536 578 novos

251 601 271 636 7
288 594 457 632 transit?
498 593 584 631 Non
617 593 743 632 minus
776 593 901 631 nubes
932 594 1127 632 diversam
1159 598 1331 631 naturam
1365 594 1536 642 speculis

286 648 432 686 habent
451 658 568 696 quam
596 658 709 695 aves,
740 659 838 696 quas
862 648 992 695 retuli,
1021 653 1058 686 et
1078 648 1389 686 chamaeleontes
1409 653 1445 687 et
1464 649 1537 686 alia

287 702 486 749 animalia,
517 712 682 749 quorum
703 703 812 740 color
829 706 895 740 aut
914 713 962 740 ex
981 701 1079 750 ipsis
1098 707 1275 749 mutatur,
1299 713 1386 741 cum
1405 703 1461 740 ira
1475 703 1538 740 vel

289 756 474 804 cupidine
502 757 665 794 incensa
690 761 819 794 cutem
845 767 959 795 suam
986 756 1137 795 variant
1165 756 1328 795 humore
1359 757 1537 803 subfuso,

290 816 356 848 aut
376 810 570 858 positione
589 810 710 857 lucis,
739 821 856 858 quam
877 816 993 859 prout
1014 816 1160 849 rectam
1179 812 1240 848 vel
1263 810 1457 859 obliquam
1477 820 1536 848 re-

252 875 273 908 8
290 869 496 912 ceperunt,
527 865 580 903 ita
606 865 843 903 colorantur.
889 865 989 912 Quid
1015 866 1116 903 enim
1136 865 1260 904 simile
1280 865 1451 913 speculiS
1470 864 1538 902 ha-

288 919 382 957 bent
409 919 554 964 nubes,
587 929 674 957 cum
701 919 766 957 illa
791 930 870 958 non
900 921 1145 967 perluceant,
1179 919 1253 957 hae
1282 918 1540 958 transmittant

287 975 443 1011 lucem?
470 973 535 1011 illa
554 973 680 1011 densa
698 978 736 1011 et
756 978 909 1020 coacta,
929 974 1003 1011 hae
1021 984 1133 1011 rarae
1153 974 1255 1011 sint?
1281 973 1346 1011 illa
1361 973 1536 1012 eiusdem

288 1027 474 1066 materiae
487 1032 579 1073 tota,
597 1028 670 1066 hae
686 1027 854 1066 diversis
866 1033 1010 1066 temere
1021 1028 1251 1075 conpositae
1264 1033 1301 1066 et
1311 1029 1361 1066 ob
1373 1027 1450 1066 hoc
1460 1028 1538 1067 dis-

289 1083 431 1121 cordes
455 1092 529 1120 nec
548 1083 615 1121 diu
631 1082 901 1120 cohaesurae?
926 1082 1132 1121 Praeterea
1146 1082 1324 1120 videmus
1341 1087 1428 1120 ortu
1443 1081 1540 1120 solis

290 1141 438 1184 partem
457 1137 667 1183 quamdam
687 1137 787 1174 coeli
807 1137 957 1174 rubere.
988 1137 1165 1174 videmus
1185 1136 1311 1175 nubes
1328 1136 1539 1183 aliquando

288 1190 392 1238 ignei
420 1190 576 1228 coloris.
614 1189 708 1238 quid
734 1200 829 1238 ergo
850 1191 1047 1238 prohibet,
1080 1190 1277 1238 quomodo
1298 1191 1401 1228 hunc
1421 1201 1540 1228 unum

290 1246 461 1283 colorem
482 1243 681 1292 accipiunt
698 1245 795 1282 solis
816 1254 1005 1291 occursu,
1034 1245 1091 1282 sic
1111 1246 1253 1283 multos
1268 1243 1316 1281 ab
1336 1243 1412 1282 illis
1429 1244 1539 1290 trahi,

253 1310 274 1345 9
292 1299 470 1346 quamvis
497 1309 575 1337 non
595 1298 763 1336 habeant
782 1299 933 1346 speculi
952 1298 1190 1346 potentiam?
1233 1297 1373 1345 Modo,
1402 1298 1540 1347 inquit,

289 1353 388 1392 inter
405 1358 634 1401 argumenta
653 1353 830 1400 ponebas
849 1362 1007 1400 semper
1026 1361 1159 1391 areum
1178 1357 1312 1391 contra
1331 1354 1455 1391 solem
1471 1363 1539 1390 ex-

290 1408 417 1454 citari,
449 1408 540 1455 quia
564 1417 616 1444 ne
642 1418 666 1444 a
692 1407 854 1454 speculo
883 1407 1042 1455 quidem
1068 1407 1196 1454 imago
1216 1406 1447 1445 redderetur
1466 1406 1541 1445 nisi

290 1463 474 1500 adverso.
520 1462 626 1507 Hoc,
655 1460 798 1509 inquit,
826 1471 1031 1500 commune
1051 1461 1165 1499 nobis
1187 1465 1256 1499 est.
1293 1471 1381 1499 nam
1407 1471 1540 1509 quem-

291 1517 500 1554 admodum
529 1516 808 1564 opponendum
836 1519 897 1554 est
924 1516 1087 1563 speculo
1108 1516 1165 1562 id,
1196 1516 1307 1554 cuius
1327 1515 1363 1553 in
1386 1526 1430 1554 se
1448 1515 1540 1552 ima-

289 1571 420 1618 ginem
443 1571 671 1616 transferat,
703 1570 778 1617 sic,
808 1574 851 1608 ut
869 1570 994 1608 nubes
1014 1569 1118 1608 infici
1139 1569 1311 1617 possint,
1339 1569 1392 1608 ita
1411 1571 1472 1607 sol
1491 1570 1542 1607 ad

289 1626 366 1663 hoc
388 1629 478 1672 apte
501 1625 708 1673 ponendus
731 1628 803 1662 est.
834 1635 912 1662 non
932 1625 1032 1662 enim
1054 1624 1154 1662 idem
1176 1624 1284 1669 facit,
1315 1623 1349 1662 si
1369 1624 1542 1672 undique

291 1679 448 1717 effulsit.
475 1685 514 1718 et
532 1679 582 1716 ad
602 1679 677 1716 hoc
697 1689 798 1726 opus
819 1683 879 1716 est
897 1679 1095 1716 radiorum
1113 1678 1443 1716 idoneusictusf‘

239 1744 283 1777 10
370 1734 477 1771 Haec
505 1734 685 1771 dicuntur
711 1733 759 1770 ab
781 1733 860 1779 his,
889 1733 954 1781 qui
974 1732 1096 1771 videri
1117 1734 1252 1771 volunt
1272 1732 1410 1770 nubem
1435 1733 1537 1770 colo-

290 1787 380 1825 rari.
423 1787 659 1825 Posidonius
681 1792 719 1824 et
746 1787 802 1834 hi,
833 1787 899 1835 qui
919 1787 1116 1834 speculari
1135 1787 1286 1825 ratione
1304 1788 1419 1825 talem
1439 1786 1542 1824 effici

290 1842 466 1880 iudicant
490 1841 638 1887 visum,
669 1841 745 1879 hoe
763 1841 1025 1889 respondent:
1062 1841 1122 1887 „si
1141 1843 1243 1879 ullus
1264 1845 1371 1879 esset
1389 1841 1427 1878 in
1448 1851 1542 1878 arcu

292 1898 419 1943 color,
449 1901 694 1944 permaneret
720 1901 758 1934 et
787 1896 978 1934 viseretur
996 1906 1044 1933 eo
1064 1896 1325 1942 manifestius,
1354 1905 1430 1943 quo
1450 1904 1541 1942 pro-

291 1951 381 1999 pius
399 1965 407 1985 ι
444 1960 547 1988 nunc
580 1949 709 1997 imago
743 1960 879 1996 arcus,
916 1960 968 1988 ,ex
998 1950 1211 1998 longInquo
1244 1950 1367 1994 clara,
1401 1947 1541 1994 interit,

240 2014 280 2046 11
293 2015 380 2043 cum
400 2015 451 2042 ex
470 2004 598 2043 vicino
619 2008 773 2042 ventum
790 2007 889 2042 est.“
932 2004 1031 2042 Huic
1046 2002 1340 2042 contradictioni
1355 2013 1431 2040 non
1449 2013 1541 2041 con-

294 2059 441 2105 sentio,
470 2069 558 2097 cum
585 2059 715 2106 ipsam
738 2059 971 2096 sententiam
999 2058 1173 2106 probem.
1212 2061 1359 2105 quare?
1393 2057 1540 2095 dicam:

295 2114 387 2160 quia
406 2114 602 2152 coloratur
621 2113 779 2161 quidem
806 2113 951 2159 nubes,
980 2113 1052 2150 sed
1071 2113 1138 2157 ita,
1167 2116 1210 2150 ut
1228 2111 1336 2148 color
1356 2111 1441 2150 eius
1463 2122 1541 2149 non

293 2168 469 2215 undique
490 2168 689 2215 adpareat.
717 2177 805 2204 nam
826 2177 875 2204 ne
896 2167 984 2214 ipsa
1004 2167 1159 2214 quidem
1179 2165 1352 2212 undique
1367 2166 1541 2213 adparet.

294 2223 437 2260 nubem
458 2222 562 2260 enim
581 2231 715 2269 nemo,
746 2221 812 2269 qui
832 2221 870 2258 in
889 2219 978 2268 ipsa
998 2226 1077 2266 est,
1106 2220 1224 2259 videt.
1251 2219 1345 2267 quid
1360 2230 1454 2267 ergo
1474 2220 1542 2257 mi—

293 2286 398 2323 rum,
427 2276 461 2314 si
481 2277 590 2315 color
611 2275 695 2314 eius
715 2281 793 2314 non
812 2275 965 2313 videtur
983 2275 1031 2313 ab
1052 2285 1119 2322 eo,
1146 2284 1168 2311 a
1189 2285 1266 2322 quo
1287 2274 1375 2322 ipsa
1393 2285 1471 2312 non
1482 2274 1543 2311 .νὶ-
