1624 2626
330 142 410 185 232
579 145 620 182 L.
648 145 836 183 ANNAEI
863 144 1085 185 SENECAE
1111 147 1242 186 DlAL.
1260 147 1324 186 ΧΙ.

334 245 486 291 tulerat,
514 244 667 283 tribuno
690 254 850 292 quoque
869 244 995 292 plebis
1014 246 1188 294 privatus
1216 247 1453 286 intercessit:
1491 252 1568 286 tam

332 308 474 346 magno
494 303 622 337 tamen
639 300 794 337 fratrem
809 298 1047 339 desideravit
1059 300 1122 338 hic
1137 301 1263 340 animo
1273 331 1284 349 ‚
1305 312 1420 350 quam
1436 302 1568 340 deren-

295 356 315 389 5
331 352 452 391 derat.
475 352 575 400 Quid
588 353 753 391 referam
763 354 1019 392 Aemilianum
1029 353 1263 403 Scipionem,
1275 356 1341 404 qui
1355 366 1433 395 uno
1446 366 1570 404 paene

331 407 552 455 eodemque
577 412 754 455 tempore
780 408 971 455 spectavit
993 409 1111 456 patris
1133 410 1368 458 triumphum
1387 411 1569 448 duorum-

332 464 410 508 que
435 462 594 500 fratrum
621 462 785 500 funera?
819 462 1133 502 adulescentulus
1153 469 1279 503 tamen
1299 474 1345 502 ac
1363 474 1570 513 propemo—

332 515 424 553 dum
461 526 559 564 puer
595 521 700 554 tanto
733 515 861 554 animo
894 517 979 554 tulit
1005 517 1108 555 illam
1133 518 1301 556 familiae
1327 527 1423 556 suae
1452 528 1572 566 super

332 569 461 618 ipsum
488 569 596 608 Pauli
623 570 860 618 triumphum
886 571 1126 610 concidentis
1153 572 1318 611 subitam
1342 572 1570 618 vastitatem,

333 628 478 672 quanto
507 624 640 663 debuit
667 626 767 662 ferre
793 625 854 662 vir
879 624 917 662 in
941 625 1017 663 hoc
1039 631 1174 674 natus,
1202 637 1252 664 ne
1270 626 1355 664 urbi
1374 627 1573 665 Romanae

333 683 399 717 aut
418 677 550 726 Scipio
572 679 731 717 deesset
750 684 816 717 aut
835 678 1024 727 Carthago
1044 685 1285 728 superesset.

298 739 316 771 l
411 732 495 771 XV.
517 732 602 781 [34]
625 732 720 780 Quid
735 734 901 771 referam
911 733 1076 772 duorum
1085 735 1333 773 Lucullorum
1343 733 1569 783 diremptam

333 791 457 825 morte
476 787 756 825 concordiam?
783 788 878 835 quid
895 788 1133 836 Pompeios?
1162 789 1303 837 quibus
1322 799 1373 826 ne
1390 789 1466 827 hoc
1488 788 1568 837 qui-

333 841 423 879 dem
448 841 629 879 saeviens
653 842 808 890 reliquit
832 843 1005 890 fortuna,
1033 846 1076 881 ut
1101 854 1179 881 una
1206 843 1375 891 denique
1391 843 1570 881 concide—

332 899 418 933 rent
437 895 567 933 ruina=
598 896 693 934 vixit
714 895 856 934 Sextus
875 896 1086 944 Pompeius
1108 897 1272 945 primum
1291 898 1417 936 sorori
1436 907 1570 945 super-

333 954 414 988 stes
430 978 440 996 ‚
478 950 590 988 cuius
622 956 746 989 morte
777 950 922 998 optime
958 951 1202 990 cohaerentis
1233 952 1434 990 Romanae
1465 951 1571 999 pacis

333 1004 489 1042 vincula
505 1005 678 1043 resoluta
693 1008 796 1042 sunt.
827 1005 1009 1053 idemque
1023 1005 1085 1043 hic
1099 1006 1195 1044 vixit
1211 1010 1413 1054 superstes
1429 1005 1570 1054 optimo

333 1057 458 1105 fratri,
484 1068 600 1106 quem
627 1058 782 1096 fortuna
805 1057 844 1095 in
863 1058 939 1096 hoc
956 1065 1154 1106 erexerat,
1179 1070 1228 1100 ne
1247 1060 1375 1098 minus
1395 1061 1470 1098 alte
1488 1070 1572 1098 eum

333 1111 523 1159 deiceret,
561 1123 676 1160 quam
711 1117 859 1159 patrem
891 1112 1098 1151 deiecerat.
1137 1118 1176 1152 et
1202 1119 1294 1161 post
1319 1114 1422 1152 hunc
1447 1119 1572 1152 tamen

335 1176 471 1204 casum
497 1165 642 1204 Sextus
667 1166 877 1214 Pompeius
903 1178 982 1204 non
1010 1172 1155 1206 tantum
1181 1168 1325 1214 dolori,
1363 1169 1436 1206 sed
1462 1166 1572 1205 etiam

295 1220 316 1253 2
335 1220 435 1259 bello
458 1220 626 1259 suffecit.
647 1249 649 1251 .
666 1221 964 1259 Innumerabilia
982 1221 1155 1269 undique
1176 1223 1355 1270 exempla
1375 1226 1572 1269 separato·

332 1285 417 1312 rum
435 1279 560 1313 morte
579 1276 737 1313 fratrum
759 1281 1007 1314 succurrunt:
1034 1274 1150 1313 immo
1172 1281 1306 1314 contra
1324 1277 1385 1314 vix
1401 1277 1475 1314 ulla
1489 1286 1572 1314 um-

334 1338 451 1376 quam
475 1329 614 1367 horum
637 1330 746 1377 paria
765 1334 979 1377 conspecta
998 1335 1089 1368 sunt
1105 1341 1185 1368 una
1204 1330 1457 1369 senescentia.
1500 1330 1574 1367 sed

334 1387 539 1421 contentus
566 1388 725 1422 nostrae
749 1384 888 1421 domus
907 1384 1097 1432 exemplis
1117 1394 1199 1422 ero.
1245 1395 1360 1423 nemo
1380 1385 1477 1422 enim
1496 1388 1574 1422 tam

334 1447 479 1485 expers
498 1438 571 1476 erit
590 1448 732 1476 sensus
752 1448 798 1475 ac
819 1438 1012 1484 sanitatis,
1041 1443 1082 1476 ut
1101 1439 1293 1476 fortunam
1311 1438 1379 1477 ulli
1395 1442 1576 1486 queratur

335 1492 479 1530 luctum
492 1492 682 1538 intulisse,
700 1503 816 1540 quam
830 1493 927 1531 sciet
941 1493 1055 1530 etiam
1072 1492 1281 1531 Caesarum
1295 1493 1470 1531 lacrimas
1482 1502 1574 1531 con-

296 1554 318 1587 3
334 1547 507 1594 cupisse.
543 1546 666 1584 Divus
684 1547 887 1594 Augustus
907 1547 1035 1585 amisit
1050 1546 1246 1585 Octaviam
1267 1557 1439 1586 sororem
1455 1547 1573 1584 caris-

335 1600 474 1639 simam
493 1605 531 1639 et
548 1611 598 1639 ne
618 1601 653 1638 ei
669 1601 826 1648 quidem
839 1611 969 1638 rerum
983 1606 1121 1639 natura
1134 1601 1293 1649 lugendi
1306 1601 1576 1643 necessitatem

336 1654 513 1703 abstulit,
538 1655 600 1694 cui
620 1657 771 1694 coelum
793 1655 1077 1693 destinaveram
1106 1656 1222 1694 immo
1243 1666 1336 1694 vero
1357 1656 1457 1695 idern
1473 1654 1577 1693 omni

335 1719 480 1757 genere
509 1709 683 1748 orbitatis
709 1715 875 1748 vexatus
897 1709 1046 1748 sororis
1066 1709 1185 1748 filium
1205 1709 1446 1749 successioni
1465 1718 1575 1757 prae-

336 1768 514 1812 paratum
541 1774 638 1802 suae
666 1765 845 1812 perdidit.
892 1764 1063 1812 denique
1086 1774 1136 1802 ne
1154 1765 1329 1812 singulos
1349 1764 1433 1802 eius
1451 1765 1577 1802 luctus

337 1828 580 1865 enumerem,
601 1823 638 1857 et
655 1829 824 1866 generos
844 1819 907 1856 ille
923 1819 1050 1857 amisit
1065 1823 1102 1857 et
1115 1818 1259 1858 liberos
1275 1822 1313 1856 et
1326 1823 1510 1865 nepotes,
1532 1827 1580 1855 ac

336 1883 452 1912 nemo
468 1873 592 1921 magis
609 1884 659 1912 cx
675 1873 854 1912 omnibus
871 1874 1098 1912 mortalibus
1114 1873 1306 1912 hominem
1316 1882 1406 1910 esse
1417 1882 1472 1919 se,
1489 1872 1580 1910 dum

336 1927 437 1966 inter
461 1928 643 1966 homines
671 1933 773 1975 erat,
803 1928 947 1965 sensit:
983 1932 1111 1966 tamen
1137 1932 1193 1966 tot
1219 1932 1428 1975 tantosque
1453 1927 1579 1964 luctus

338 1983 441 2029 cepit
459 1993 590 2021 rerum
609 1983 781 2020 omnium
801 1982 1099 2030 capacissimum
1118 1983 1201 2020 eius
1220 1985 1358 2028 pectus
1377 1979 1581 2027 victorque

339 2035 453 2074 divus
479 2038 683 2085 Augustus
710 2048 790 2076 non
818 2037 989 2085 gentium
1022 2035 1286 2074 tantummodo
1319 2039 1580 2081 externarum,

302 2097 325 2132 4
341 2090 413 2127 sed
430 2090 737 2130 etiamdolorum
751 2091 832 2129 suit.
863 2091 979 2130 Caius
989 2091 1147 2136 Caesar,
1168 2089 1246 2128 divi
1259 2089 1441 2137 Augusti,
1460 2097 1580 2126 avun-

340 2143 417 2181 culi
431 2146 518 2193 mei,
538 2146 640 2184 filius
658 2156 705 2184 ac
719 2156 858 2193 nepos,
880 2146 981 2184 circa
997 2145 1142 2193 primos
1157 2143 1338 2181 iuventae
1349 2153 1446 2183 suae
1455 2153 1580 2180 annos

338 2197 500 2236 Lucium
519 2200 676 2238 fratrem
695 2200 943 2239 carissimum
961 2199 1034 2238 sibi
1053 2198 1237 2246 princeps
1252 2196 1460 2235 iuventutis
1477 2195 1580 2244 prin—

341 2252 469 2302 cipem
487 2252 665 2293 eiusdem
683 2255 892 2295 iuventutis
912 2252 1039 2293 amisit
1055 2253 1094 2292 in
1108 2252 1298 2301 adparatu
1311 2250 1477 2291 Parthici
1491 2250 1580 2293 belli
