1624 2626
207 171 278 211 AD
306 167 547 210 MARCIAM
572 167 640 209 DE
670 166 1065 209 CONSOLATIONE.
1096 174 1152 208 12.
1175 173 1230 208 13.
1287 166 1369 208 123

82 272 280 314 solatium.
309 272 397 312 Non
416 271 666 310 mehercules
687 274 767 310 tam
788 271 892 309 male
908 269 960 308 tle
977 269 1158 310 moribus
1177 268 1256 309 tuis
1277 278 1369 308 sen·
1388 280 1411 314 5

80 331 149 376 tio,
169 333 212 368 ut
231 333 367 378 putem
387 338 514 377 posse
531 332 571 366 te
589 326 721 366 levius
750 326 831 376 pati
850 336 990 365 casum
1010 330 1133 374 tuum,
1161 325 1195 365 si
1215 325 1286 366 tibi
1309 324 1367 363 in-

81 390 239 435 gentem
266 385 484 433 lugentium
509 393 716 422 numerum
747 382 1012 432 produxeroz·
1030 382 1207 421 malivoli
1235 380 1369 421 solatii

80 450 210 490 genus
229 441 416 480 estturba
429 440 681 478 miserorum.
708 438 910 488 quosdam
927 436 1060 477 tamen
1080 438 1265 486 reseram,
1285 447 1368 475 non

80 501 125 536 ut
142 497 249 536 scias
278 496 358 535 hoc
367 497 498 535 solere
505 495 734 535 hominibus
749 494 946 543 accidere,
966 493 1178 532 ridiculum
1190 497 1252 532 est
1262 493 1367 532 enim

81 552 330 591 mortalitatis
351 551 538 600 exempla
557 551 760 600 colligere,
780 550 854 590 sed
867 554 910 589 ut
924 550 1037 589 scias
1058 549 1186 589 fuisse
1206 550 1366 596 multos,

84 608 152 658 qui
172 608 340 647 lenirent
365 618 513 656 aspera
535 607 692 656 placide
723 606 904 646 ferendo.
940 606 977 644 A
1006 605 1238 644 felicissimo
1269 604 1365 643 inci·
1386 610 1410 646 6

83 664 210 713 piam=
238 663 282 701 L.
300 663 411 703 Sulla
429 663 553 703 filium
571 663 714 711 amisit,
735 673 810 702 nec
829 672 879 702 ea
895 672 962 701 res
981 666 1051 700 aut
1069 661 1258 701 malitiam
1279 662 1367 699 eius

83 724 123 759 et
140 721 375 759 acerrimam
396 719 577 758 virtutem
598 719 637 758 in
653 719 793 758 hostes
813 718 1006 767 civesque
1023 717 1205 756 contudit
1224 721 1293 756 aut
1311 717 1368 755 ef-

82 775 188 823 fecit,
212 779 259 814 ut
276 784 500 824 cognomen
529 775 627 814 illud
642 783 870 824 usurpasse
888 775 1002 813 salvo
1025 773 1231 812 videretur
1257 772 1370 822 quod

84 832 235 870 amisso
255 831 337 871 filio
356 831 595 880 adsumpsit.
638 840 714 869 nec
731 831 829 870 odia
854 829 1063 870 hominum
1079 827 1246 876 veritus,
1268 839 1369 878 quo—

83 897 172 926 rum
190 887 296 926 malo
316 887 408 926 illae
426 886 544 925 nimis
565 887 770 927 secundae
788 888 854 939 res
865 890 1064 932 constant,
1081 895 1160 924 nec
1180 885 1371 925 invidiam

84 942 264 990 deorum,
292 952 462 993 quorum
491 942 589 994 illud
605 943 874 990 crimenerat,
896 941 1018 981 *Sulla
1035 945 1117 980 tam
1136 941 1246 979 felix.
1294 940 1370 979 sed

84 998 192 1038 istud
210 999 313 1038 inter
330 1009 396 1038 res
418 999 596 1038 nondum
624 997 823 1038 iudicatas
841 998 971 1046 abeat,
999 993 1131 1046 qualis
1152 996 1264 1036 Sulla
1283 996 1368 1035 fue—

82 1054 144 1093 rit.
171 1054 288 1094 etiam
309 1054 454 1093 inimici
474 1054 703 1093 fatebuntur
726 1053 831 1092 bene
850 1051 1100 1092 illumarma
1127 1052 1368 1101 sumpsisse,

81 1109 186 1148 bene
205 1110 414 1159 posuisse:
434 1109 513 1149 hoc
532 1109 583 1148 de
604 1109 831 1158 quoagitur
844 1107 1055 1157 constabit,
1076 1119 1159 1147 non
1173 1118 1270 1148 esse
1285 1118 1367 1146 ma-

81 1167 231 1205 ximum
250 1167 397 1217 malum
419 1166 530 1215 quod
549 1166 668 1204 etiam
683 1166 736 1204 ad
753 1164 1010 1205 felicissimos
1033 1165 1228 1214 pervenit.

161 1222 263 1262 XIII.
290 1222 348 1261 Ne
367 1221 484 1261 nimis
501 1221 717 1260 admiretur
736 1221 905 1260 Graecia
924 1220 1032 1261 illum
1056 1225 1220 1270 patrem,
1242 1220 1310 1270 qui
1330 1219 1370 1259 in
1394 1228 1412 1261 l

81 1276 173 1326 ipso
195 1278 394 1330 sacrificio
414 1278 592 1316 nuntiata
611 1277 680 1316 filii
696 1282 822 1316 morte
837 1276 1042 1316 tibicinem
1062 1281 1213 1316 tantum
1233 1282 1368 1315 tacere

82 1332 199 1373 iussit
217 1338 257 1373 et
275 1344 466 1373 coronam
484 1333 604 1382 capiti
623 1333 810 1382 detraxit,
832 1337 967 1372 cetera
987 1334 1061 1372 rite
1077 1333 1259 1382 perfecit,
1278 1331 1367 1370 Pul-

81 1388 200 1429 villus
220 1388 354 1429 effecit
369 1389 562 1439 pontifex,
583 1389 646 1428 cui
664 1394 822 1439 postem
840 1389 988 1428 tenenti
999 1393 1040 1428 et
1050 1388 1287 1438 Capitolium
1299 1388 1367 1426 de-

85 1444 230 1482 dicanti
249 1454 357 1484 mors
378 1445 447 1484 filii
461 1444 642 1497 nuntiata
667 1450 742 1484 est.
782 1456 903 1495 quam
922 1445 991 1484 ille
1010 1444 1228 1484 exaudisse
1249 1443 1368 1482 dissi-

83 1500 243 1538 mulavit
261 1506 301 1539 et
326 1501 535 1540 sollemnia
555 1502 776 1550 [pontificia
805 1500 995 1552 carmina]
1027 1501 1154 1539 verba
1180 1500 1370 1548 concepit

83 1557 231 1604 gemitu
257 1565 338 1595 non
357 1556 670 1606 interrumpente
690 1557 962 1607 precationem
986 1556 1092 1595 etad
1115 1556 1185 1595 filii
1205 1556 1268 1595 sui
1296 1566 1367 1594 no—

83 1621 174 1649 men
194 1611 291 1650 Iove
311 1610 536 1661 propitiato.
577 1613 769 1652 Putasses
790 1613 877 1652 eius
898 1613 1030 1652 luctus
1053 1613 1228 1662 aliquem
1247 1612 1367 1650 finem
1387 1617 1410 1651 2

83 1676 177 1705 esse
198 1667 357 1716 debere,
374 1667 490 1706 cuius
511 1668 661 1717 primus
679 1669 766 1708 dies
786 1674 826 1708 et
845 1669 998 1718 primus
1018 1669 1178 1719 inpetus
1199 1668 1250 1706 ab
1269 1669 1365 1706 alta—

81 1722 194 1762 ribus
215 1723 387 1772 publicis
407 1729 447 1763 et
466 1724 598 1764 fausta
613 1725 911 1774 nuncupatione
921 1736 1001 1764 non
1013 1724 1365 1773 abduxitpatrem:

82 1776 227 1828 dignus
261 1779 512 1818 mehercules
542 1780 614 1819 suit
641 1781 888 1819 memorabili
921 1779 1366 1829 decimanona-dignus

83 1833 332 1883 amplissimo
352 1835 594 1883 sacerdotio,
617 1837 684 1886 qui
702 1837 838 1876 colere
859 1837 962 1876 deos
981 1847 1035 1875 ne
1056 1836 1180 1877 iratos
1203 1835 1366 1884 quidem

82 1889 243 1928 destitit.
280 1891 386 1929 idem
407 1897 539 1930 tamen
562 1897 604 1931 ut
619 1892 738 1931 rediit
760 1893 936 1940 domum,
963 1897 1005 1932 et
1030 1892 1198 1941 inplevit
1224 1891 1366 1930 oculos

81 1949 121 1984 et
137 1945 293 1995 aliquas
313 1957 438 1986 voces
456 1946 611 1986 flebiles
636 1948 744 1987 misit
767 1953 808 1987 et
827 1950 1001 1997 peractis
1030 1957 1136 1998 quae
1163 1957 1253 1986 mos
1282 1951 1367 1985 erat

82 2006 288 2050 praestare
307 2003 519 2051 defunctis,
549 2003 602 2041 ad
621 2003 887 2052 Capitolinum
916 2005 1024 2043 illum
1053 2002 1172 2041 rediit
1198 2003 1364 2042 voltum.

76 2055 227 2096 'Paulus
247 2058 354 2097 circa
372 2059 463 2098 illos
484 2059 722 2098 nobilissimi
741 2060 930 2110 triumphi
957 2060 1060 2107 dieS,
1085 2069 1167 2108 quo
1190 2058 1365 2097 vinctum
1383 2067 1408 2102 3

81 2116 172 2152 ante
189 2123 347 2153 currum
377 2114 458 2163 egit
475 2114 638 2162 Persen,
661 2114 799 2162 [incliti
813 2114 922 2163 regis
938 2118 1112 2162 nomen,]
1137 2114 1241 2154 duos
1256 2114 1362 2153 filios

79 2167 120 2206 in
140 2168 398 2218 adoptionem
414 2171 538 2209 dedit.
574 2181 678 2220 quos
708 2170 783 2209 sibl
803 2174 1048 2218 servaverat,
1078 2170 1226 2210 extulit.
1264 2181 1362 2219 qua-

82 2222 140 2262 les
158 2229 335 2264 retentos
356 2231 485 2274 putas,
509 2236 598 2265 cum
618 2227 720 2265 inter
734 2227 1013 2265 commodatos
1034 2225 1170 2275 Scipio
1192 2226 1364 2265 fuisset?

81 2278 166 2318 Non
190 2280 278 2319 sine
295 2285 405 2320 motu
431 2292 604 2320 vacuum
624 2280 736 2319 Pauli
765 2291 938 2333 currum·
953 2283 1128 2331 populus
1152 2282 1361 2321 Romanus

82 2333 278 2385 adspexit.
308 2337 572 2376 concionatus
594 2342 656 2377 est
679 2342 810 2376 tamen
830 2340 871 2376 et
889 2337 970 2386 egit
984 2337 1046 2377 dis
1066 2338 1228 2387 gratias,
1249 2338 1362 2388 quod
