1624 2626
318 193 370 234 20
437 194 566 232 DIAL.
591 194 636 230 II.
666 193 734 230 AD
755 191 994 231 SERENUM
1013 191 1108 230 NEC
1126 191 1360 231 lNlURIAM
1380 192 1474 231 NEC

319 297 567 333 conservant.
598 292 927 340 quemadmodum
946 291 1109 338 proiecti
1125 291 1286 339 quidam
1305 292 1343 330 in
1361 293 1479 338 altum
1495 304 1582 332 sco—

320 348 402 396 puli
422 358 527 385 mare
548 347 731 394 frangunt
750 357 824 384 nec
845 346 922 393 ipsi
940 346 1020 383 ulla
1040 346 1228 384 saevitiae
1242 346 1409 395 vestigia
1427 352 1483 386 tot
1497 359 1583 386 ver-

318 403 441 441 berati
470 402 614 440 seculis
645 405 860 440 ostentant:
888 401 942 438 ita
969 399 1159 448 sapientis
1180 401 1334 440 animus
1354 401 1503 440 solidus
1525 407 1586 440 est

319 462 357 495 et
376 457 416 494 id
434 457 589 495 roboris
610 455 774 503 colligit,
795 460 838 494 ut
856 460 934 493 tam
953 460 1057 493 tutus
1078 455 1129 494 sit
1148 455 1197 493 ab
1218 455 1356 494 iniuria
1381 467 1500 505 quam
1518 456 1585 495 illa

322 521 424 559 quae
443 511 570 549 retuli.

291 570 304 602 t
402 567 468 603 lV.
506 565 605 612 Quid
633 569 754 612 ergo?
785 574 863 602 non
892 563 964 602 erit
992 563 1135 612 aliquis
1165 565 1232 613 qui
1259 565 1427 613 sapienti
1454 567 1585 605 facere

319 625 480 668 temptet
507 620 713 658 iniuriam?
745 618 965 666 temptabit,
1005 619 1078 656 sed
1110 630 1189 657 non
1224 619 1501 667 pei-'venturam
1535 621 1586 658 ad

320 685 420 712 eum.
446 674 595 712 maiore
623 674 725 711 enim
745 673 948 710 intervallo
970 683 993 711 a
1013 679 1195 712 contactu
1213 673 1442 713 inferiorum
1462 675 1583 713 abdu-

320 735 405 767 ctus
427 734 505 775 est,
529 739 644 776 quam
665 733 707 766 ut
725 729 804 766 ulla
819 726 879 765 vis
899 727 1019 765 noxia
1036 738 1164 776 usque
1181 729 1230 767 ad
1250 729 1354 767 illum
1370 729 1474 767 vires
1491 740 1584 768 suas

319 785 500 831 perferat.
532 783 645 820 etiam
668 793 755 820 curn
775 786 956 830 potentes
980 787 1018 820 et
1037 782 1201 831 imperio
1219 783 1311 821 editi
1331 789 1368 822 et
1387 794 1587 822 consensu

319 838 569 875 servientium
589 836 707 874 validi
728 847 872 875 nocere
892 837 1112 884 intendent,
1140 843 1219 876 tam
1239 838 1332 876 citra
1352 838 1585 886 sapientiam

319 902 456 930 omnes
477 902 612 929 eorum
632 892 787 939 inpetus
808 892 1001 939 deficient,
1023 902 1141 940 quam
1163 903 1263 941 quae
1280 903 1401 931 nervo
1418 898 1586 931 tormen-

318 946 421 984 tisve
447 947 485 983 in
515 948 633 984 altum
654 946 944 994 exprimuntur,
974 957 1062 984 cum
1082 951 1192 984 extra
1210 949 1337 985 visum
1359 947 1585 993 exsilierint,

282 1007 304 1039 2
319 1002 415 1039 citra
435 1002 585 1039 coelum
607 1006 736 1039 tamen
757 1000 980 1038 flectuntur.
1017 1000 1146 1048 Quid?
1173 1006 1214 1039 tu
1233 1007 1350 1049 putas
1370 1006 1469 1049 tum,
1500 1012 1588 1040 cum

320 1056 487 1093 stolidus
507 1056 570 1092 ille
589 1066 661 1092 rex
681 1055 923 1093 multitudine
943 1056 1107 1094 telorum
1128 1055 1231 1093 diem
1250 1056 1500 1109 obscuraret,
1530 1057 1587 1094 ul-

319 1112 396 1147 lam
425 1110 603 1157 sagittam
632 1111 668 1147 in
691 1111 816 1148 solem
842 1110 1060 1148 incidisse?
1085 1115 1151 1148 aut
1170 1110 1346 1149 dimissis
1366 1111 1404 1148 in
1425 1111 1585 1159 prosun-

320 1164 412 1202 dum
433 1164 580 1202 catenis
596 1165 816 1212 Neptunum
832 1164 1012 1212 potuisse
1027 1165 1227 1212 contingi?
1244 1165 1295 1203 Ut
1310 1165 1497 1204 coelestia
1516 1165 1586 1202 hu-

322 1229 459 1256 manas
488 1230 626 1256 manus
655 1219 848 1266 effugiunt
873 1225 912 1258 et
937 1219 986 1257 ab
1017 1219 1078 1257 his
1109 1219 1175 1267 qui
1202 1220 1348 1267 templa
1367 1220 1523 1258 diruunt
1542 1230 1587 1257 ac

322 1274 531 1311 simulacra
558 1273 751 1320 conflant,
779 1273 871 1311 nihil
900 1273 1087 1312 divinitati
1114 1279 1297 1320 nocetur,
1328 1274 1380 1312 ita
1399 1274 1586 1322 quicquid

322 1329 365 1366 fit
399 1327 435 1365 in
473 1329 692 1376 sapientem
721 1333 921 1375 proterve,
959 1329 1195 1376 petulanter,
1225 1329 1416 1376 superbe,
1445 1330 1589 1367 frustra

284 1385 306 1419 3
323 1387 542 1430 temptatur.
581 1385 666 1430 „At
693 1383 816 1421 satius
844 1387 927 1420 erat
946 1383 1138 1420 neminem
1159 1393 1250 1421 esse
1271 1384 1338 1431 qui
1358 1383 1488 1420 facere
1510 1384 1586 1420 vel-

322 1438 411 1476 let.“
447 1438 543 1475 Rem
572 1437 770 1475 difficilem
800 1442 914 1485 optas
942 1437 1112 1475 humano
1132 1438 1285 1484 generi,
1313 1437 1589 1476 innocentiam.

322 1496 359 1529 et
378 1503 456 1530 non
477 1492 561 1529 fieri
583 1502 718 1530 eorum
737 1492 919 1538 interest,
942 1491 1007 1540 qui
1026 1492 1163 1530 facturi
1183 1496 1285 1538 sunt,
1306 1502 1386 1530 non
1406 1492 1502 1539 eius,
1523 1492 1589 1540 qui

322 1547 402 1594 pati
421 1557 471 1584 ne
492 1547 524 1583 si
544 1546 611 1584 fiat
631 1545 790 1594 quidem
808 1551 952 1595 potest.
981 1547 1097 1584 immo
1113 1547 1250 1585 nescio
1271 1557 1318 1584 an
1339 1547 1463 1595 magis
1486 1547 1589 1584 vires

323 1601 516 1647 sapientia
544 1601 727 1639 ostendat
755 1600 1044 1649 tranquillitatis
1076 1602 1174 1639 inter
1201 1601 1457 1648 lacessentia,
1489 1601 1590 1639 sicut

322 1655 533 1693 maximum
553 1661 822 1703 argumentum
842 1661 902 1694 est
917 1655 1164 1703 imperatoris
1181 1656 1298 1694 armis
1314 1655 1488 1703 virisque
1503 1657 1587 1703 pol-

324 1709 436 1747 lentis
456 1714 536 1747 tuta
557 1709 747 1748 securitas
767 1711 806 1748 in
826 1710 996 1748 hostium
1015 1715 1131 1748 terra.

288 1770 302 1801 1
402 1765 451 1801 V.
482 1764 791 1811 Dividamus,
819 1765 854 1802 si
880 1764 949 1803 tibi
968 1765 1140 1812 videtur,
1163 1764 1328 1811 Serene,
1358 1764 1589 1803 iniuriam

325 1829 348 1855 a
368 1829 388 1856 c
400 1829 422 1856 o
434 1823 561 1857 ntum
573 1819 689 1857 elia:
711 1819 816 1867 prior
835 1819 902 1857 illa
920 1825 1059 1858 natura
1077 1819 1235 1868 gravior
1252 1823 1330 1864 est,
1352 1817 1450 1857 haec
1465 1820 1590 1858 levior

325 1877 363 1910 et
388 1878 535 1911 tantum
563 1873 739 1912 delicatis
767 1873 920 1921 gravis,
953 1884 1031 1922 qua
1058 1885 1135 1913 non
1163 1873 1368 1918 laeduntur
1396 1873 1586 1920 homines,

326 1927 398 1964 sed
419 1928 683 1966 offenduntur.
719 1933 826 1966 tanta
854 1934 914 1967 est
940 1933 1067 1966 tamen
1090 1929 1302 1966 animorum
1325 1928 1532 1967 dissolutio
1553 1934 1590 1966 et

325 1981 496 2028 vanitas,
517 1988 559 2021 ut
575 1983 733 2031 quidam
751 1983 847 2021 nihil
863 1983 1044 2022 acerbius
1058 1986 1211 2031 putent:
1233 1982 1290 2019 sic
1310 1983 1486 2021 invenies
1508 1993 1588 2020 scr-

325 2046 418 2073 vum
438 2037 504 2083 qui
523 2037 689 2084 flagellis
712 2048 828 2086 quam
848 2037 1026 2086 colaphis
1044 2036 1153 2075 caedi
1169 2036 1275 2074 malit
1289 2041 1327 2074 et
1345 2038 1411 2085 qui
1426 2042 1589 2075 mortem

328 2099 374 2127 ac
392 2090 558 2128 verbera
584 2092 848 2131 tolerabiliora
867 2093 1001 2130 credat
1019 2101 1134 2140 quam
1153 2093 1438 2130 contumeliosa
1455 2092 1588 2130 verba.

291 2149 312 2182 2
327 2144 392 2182 Ad
417 2148 543 2183 tantas
571 2146 738 2193 ineptias
758 2151 988 2195 perventum
1005 2150 1083 2192 est,
1111 2150 1154 2183 ut
1173 2156 1252 2183 non
1273 2147 1409 2185 dolore
1429 2151 1586 2192 tantum,

329 2199 402 2237 sed
431 2199 577 2237 doloris
608 2201 792 2247 opinione
820 2211 1025 2247 vexemur,
1053 2209 1163 2237 more
1181 2210 1413 2247 puerorum,
1444 2200 1587 2248 quibus

328 2258 473 2291 metum
499 2254 634 2291 incutit
653 2257 791 2294 umbra
810 2261 848 2295 et
867 2264 1124 2304 personarum
1144 2254 1371 2293 deformitas
1391 2260 1429 2294 et
1446 2255 1585 2303 depra-

330 2312 420 2346 vata
448 2308 581 2346 facies.
619 2310 796 2348 laci-imas
825 2321 919 2349 vero
947 2314 1112 2348 evocant
1138 2309 1296 2347 nomina
1322 2319 1459 2358 parum
1479 2315 1586 2358 grata
