1592 2580
308 167 374 206 DE
402 165 680 205 BENEFICIIS
709 165 890 204 LlB.VI.
921 169 1092 212 187—22.
1258 163 1337 204 119

55 268 309 308 nihilominus
338 267 490 317 aliquid
516 267 611 305 mihi
640 267 951 317 dependendum
982 268 1133 315 sciam,
1164 268 1258 317 quia
1285 269 1336 307 ad

55 335 119 363 me
146 334 309 373 quoque
336 323 504 362 circuitu
531 324 651 372 longo
676 323 872 372 pervenit.
916 322 1086 372 Propter
1105 334 1168 363 me
1190 325 1335 362 factum

56 379 176 419 debet
197 389 292 418 esse
310 380 422 428 quod
440 390 504 417 me
524 379 687 427 obliget.

135 435 376 483 ΧΧ.·,,15ῑο,
406 434 552 484 inquit,
577 435 700 474 modo
717 445 792 474 nec
806 436 923 473 lunae
938 445 1013 474 nec
1029 435 1106 474 soli
1122 436 1336 484 quicquam
1357 438 1374 470 1

54 490 199 530 debes:
227 501 309 530 non
329 491 434 530 enim
455 495 621 540 propter
639 496 678 529 te
698 495 946 530 moventur.“
995 491 1076 530 Sed
1099 492 1242 530 cumin
1259 491 1337 530 hoc

52 551 307 594 moveantur,
327 552 370 586 ut
387 546 578 586 universa
598 552 858 594 conservent,
878 551 918 586 et
934 557 1008 596 pro
1025 557 1088 585 me
1106 552 1336 586 moventur:

52 602 332 641 universorum
360 602 464 641 enim
493 612 587 651 pars
608 613 711 641 sum.
762 600 890 641 Adice
912 613 1038 650 nunc,
1068 603 1178 651 quod
1199 608 1338 642 nostra
1353 605 1375 637 2

53 662 93 697 et
117 657 261 697 horum
288 658 474 697 condicio
503 658 709 697 dissimilis
731 663 805 697 est.
842 668 932 696 nam
955 659 1023 708 qui
1042 659 1138 697 mihi
1157 658 1337 708 prodest,

52 718 97 752 ut
118 724 192 763 per
211 724 275 752 me
294 714 422 762 prosit
441 713 538 761 sibi,
563 725 644 753 non
666 714 777 754 dedit
795 713 1055 762 beneficium,
1084 715 1178 764 quia
1195 725 1260 753 me
1279 714 1336 752 in—

53 774 315 808 strumentum
330 769 509 808 utilitatis
525 779 625 808 suae
640 769 745 809 fecit.
775 771 836 809 sol
855 774 987 813 autem
1001 775 1041 808 et
1054 770 1160 815 luna,
1181 770 1338 809 etiamsi

55 824 173 863 nobis
201 822 372 874 pro'sunt
395 835 469 863 sua
490 835 632 871 causa,
662 836 742 865 non
764 826 803 864 in
824 825 903 864 hoc
921 830 1052 864 tamen
1075 830 1264 874 prosunt,
1295 831 1340 865 ut

54 890 130 929 per
157 891 233 919 nos
259 883 418 930 prosint
443 881 540 920 sibi:
579 882 676 930 quid
705 882 810 920 enim
837 893 913 921 nos
937 883 1121 920 conferre
1143 881 1221 920 illis
1242 892 1337 930 pos-

55 941 223 975 sumus?

137 991 239 1031 XXI.
276 991 457 1041 „Sciam,
496 992 643 1041 inquit,
684 993 812 1032 solem
845 1003 894 1031 ac
926 994 1059 1032 lunam
1087 992 1206 1032 nobis
1234 994 1376 1031 vellel

55 1047 272 1097 prodesse,
310 1047 345 1086 si
374 1048 480 1087 nolle
507 1047 718 1097 potuerint.
761 1048 840 1087 illis
868 1053 1000 1087 autem
1027 1059 1107 1087 non
1140 1048 1233 1087 licet
1258 1059 1339 1087 non

54 1104 227 1142 moveri:
263 1103 316 1142 ad
341 1114 536 1142 summam
564 1104 788 1143 consistant
814 1108 853 1142 et
879 1115 984 1153 opus
1013 1115 1132 1143 suum
1150 1104 1337 1143 intermit-

56 1162 179 1198 tant.“
222 1159 312 1198 Hoc
339 1160 432 1197 vide
452 1164 550 1208 quot
570 1159 703 1198 modis
723 1160 939 1199 refellatur.
984 1160 1072 1199 Non
1094 1160 1185 1198 ideo
1206 1160 1338 1199 minus
1353 1164 1376 1198 2

53 1215 156 1263 vult,
189 1215 254 1263 qui
276 1225 355 1254 non
377 1220 513 1263 potest
531 1215 656 1262 nolle,
686 1214 806 1254 immo
827 1216 1044 1254 maximum
1061 1220 1338 1264 argumentum

53 1274 116 1308 est
133 1270 273 1309 firmae
293 1270 510 1310 voluntatis
531 1281 582 1309 ne
601 1270 743 1310 mutari
761 1272 921 1319 quidem
939 1282 1076 1320 posse.
1118 1271 1192 1309 Vir
1207 1270 1337 1311 bonus

54 1336 134 1365 non
166 1331 300 1375 potest
325 1337 407 1365 non
435 1327 569 1364 facere
597 1327 709 1375 quod
734 1326 839 1365 facit.
875 1338 956 1366 non
977 1327 1083 1366 enim
1103 1327 1178 1366 erit
1193 1326 1338 1374 bonus,

53 1380 132 1420 nisi
159 1381 325 1420 fecerit:
363 1392 460 1430 ergo
492 1391 568 1420 nec
596 1382 729 1421 bonus
759 1382 819 1420 vir
843 1382 1083 1421 beneficium
1112 1383 1203 1430 dat,
1245 1383 1339 1431 quia

55 1435 150 1476 facit
168 1437 277 1485 quod
298 1436 436 1485 debet,
467 1448 547 1476 non
570 1443 703 1485 potest
722 1443 852 1476 autem
869 1449 948 1476 non
968 1439 1121 1484 facere,
1142 1438 1252 1485 quod
1268 1438 1336 1476 de·

52 1491 134 1530 bet.
177 1491 389 1531 Praeterea
409 1494 572 1531 multum
592 1493 768 1540 interest,
789 1499 920 1531 utrum
940 1492 1071 1531 dicas:
1102 1503 1182 1531 non
1204 1498 1338 1542 potest
1355 1501 1378 1535 3

53 1542 231 1586 hoc'non
254 1548 405 1595 facere,
427 1548 521 1596 quia
542 1548 715 1596 cogitur,
736 1559 807 1586 an:
837 1559 917 1587 non
940 1553 1073 1598 potest
1092 1549 1211 1588 nolle.
1245 1559 1338 1587 nam

55 1602 91 1642 si
109 1612 281 1641 necesse
300 1608 362 1641 est
380 1604 434 1641 illi
454 1604 606 1651 facere,
635 1614 716 1643 non
737 1603 867 1642 debeo
887 1605 966 1653 ipsi
984 1603 1242 1651 beneficium,
1263 1605 1338 1642 sed

55 1659 226 1706 cogenti.
257 1657 293 1696 si
312 1669 483 1703 necesse
502 1665 564 1698 est
586 1659 641 1698 illi
662 1661 764 1697 velle
785 1660 836 1698 ob
856 1659 955 1708 hoc,
989 1660 1081 1709 quia
1101 1660 1197 1698 nihil
1217 1659 1338 1698 habet

54 1714 198 1752 melius
226 1713 336 1763 quod
360 1715 475 1761 velit,
502 1714 592 1763 ipse
620 1725 666 1753 se
685 1714 812 1762 cogit:
842 1715 896 1753 ita
916 1717 1023 1764 quod
1047 1722 1247 1764 tamquam
1269 1726 1335 1754 co-

55 1774 144 1808 acto
165 1780 244 1808 non
267 1769 476 1817 deberem,
506 1774 709 1819 tamquam
730 1770 888 1818 cogenti
907 1771 1051 1810 debeo.
1101 1770 1335 1819 ‚,Desinant,
1350 1776 1373 1811 4

56 1824 204 1874 inquit,
231 1826 377 1864 velle.“
421 1825 510 1864 Hoc
536 1827 627 1864 loco
653 1825 723 1864 tibi
751 1826 848 1864 illud
877 1831 1087 1866 occurrat:
1133 1827 1227 1874 Quis
1255 1833 1335 1866 tam

55 1880 221 1920 demens
250 1885 332 1926 est,
361 1885 404 1919 ut
430 1891 519 1919 eam
545 1885 664 1929 neget
683 1881 928 1921 voluntatem
947 1893 1059 1930 esse,
1090 1883 1154 1921 cui
1174 1893 1255 1921 non
1273 1887 1336 1921 est

54 1936 277 1985 periculum
304 1936 515 1975 desinendi
541 1936 804 1985 vertendique
829 1947 875 1976 se
894 1938 934 1976 in
955 1939 1216 1985 contrarium,
1245 1948 1335 1976 cum

55 2001 107 2030 ex
135 1993 298 2031 diverso
329 2003 447 2031 nemo
478 2002 608 2040 aeque
636 1991 764 2030 videri
793 1993 939 2031 debeat
955 1994 1060 2032 velle
1079 2004 1200 2042 quam
1221 1994 1334 2033 cuius

54 2048 242 2087 voluntas
261 2058 393 2097 usque
414 2058 462 2086 eo
483 2053 592 2086 certa
611 2053 691 2095 est,
719 2052 763 2086 ut
781 2053 944 2087 aeterna
965 2049 1043 2088 sit?
1067 2060 1116 2087 an
1133 2049 1219 2088 siis
1234 2059 1332 2098 quo-

57 2112 138 2151 que
155 2105 258 2151 vult,
290 2103 360 2153 qui
380 2109 514 2152 potest
537 2103 668 2142 statim
690 2104 815 2147 nolle,
847 2104 881 2142 is
901 2114 981 2142 non
1000 2104 1201 2144 videbitur
1217 2105 1333 2153 velle,

56 2157 96 2196 in
116 2158 229 2198 cuius
249 2165 429 2198 naturam
448 2170 528 2198 non
551 2158 658 2197 cadit
674 2159 809 2198 nolle?
1284 2203 1292 2208 ,

138 2213 256 2253 XXII.
285 2215 517 2264 „Agedum,
547 2214 694 2263 inquit,
719 2214 754 2252 si
773 2219 964 2263 possunt,
984 2213 1214 2255 resistant.“
1245 2215 1334 2256 Hoc

59 2267 179 2307 diois:
205 2271 339 2310 omnia
365 2271 443 2310 ista
470 2270 697 2319 ingentibus
725 2270 942 2309 intervallis
962 2270 1126 2309 diducta
1143 2272 1242 2311 etin
1263 2282 1330 2310 cu-

60 2322 231 2365 stodiam
245 2326 422 2366 universi
437 2325 635 2376 disposita
652 2326 842 2365 stationes
859 2337 956 2366 suas
972 2326 1178 2374 deserant,
1200 2327 1332 2366 subita
