1624 2626
313 194 366 235 60
692 194 734 233 L.
761 192 951 232 ANNAEI
979 192 1206 232 SENECAE

314 294 391 332 tis?
429 292 546 332 turba
565 291 824 341 peccantium.
862 292 1049 339 intellegit
1068 302 1184 340 quam
1205 295 1243 330 et
1261 290 1437 339 iniquum
1465 289 1514 327 sit
1540 293 1581 328 et

278 355 299 388 5
315 346 580 395 periculosum
599 346 717 385 irasci
737 346 894 395 publico
914 346 1022 384 vitio.
1050 346 1270 384 Heraclitus
1287 345 1469 393 quotiens
1487 354 1578 392 pro-

314 402 439 439 dierat
457 405 496 439 et
513 405 661 439 tantum
681 401 785 439 circa
805 411 849 439 se
868 401 969 438 male
986 400 1212 447 viventium,
1233 400 1349 437 immo
1370 399 1471 436 male
1489 409 1579 446 per-

314 456 487 494 euntium
518 455 688 501 viderat,
730 455 868 500 flebat,
903 454 1160 492 miserebatur
1193 453 1365 492 omnium
1401 453 1468 500 qui
1503 452 1579 491 sibi

313 510 404 547 laeti
424 510 639 557 felicesque
662 509 942 555 occurrebant,
970 508 1050 546 miti
1071 507 1221 555 animo,
1242 508 1315 546 sed
1334 506 1449 545 nimis
1470 507 1578 544 inbe-

314 564 423 602 cillo=
444 568 482 602 ct
499 563 587 611 ipse
605 565 705 602 inter
723 563 993 611 deplorandos
1013 567 1107 601 erat.
1156 561 1423 601 Democritum
1443 566 1580 599 contra

312 619 422 657 aiunt
443 629 657 666 numquam
676 618 762 655 sine
781 617 865 655 risu
883 617 921 654 in
942 617 1100 664 publico
1121 617 1263 655 fuisse:
1291 616 1391 654 adeo
1411 615 1506 654 nihil
1523 614 1579 654 illi

310 672 518 711 videbatur
537 673 682 710 serium
702 682 851 717 eorum,
873 681 976 719 quae
996 670 1100 709 serio
1120 671 1368 718 gerebantur.
1396 670 1471 708 Ubi
1491 670 1579 708 istic

275 726 391 770 §irae
409 728 522 766 locus
543 731 630 765 est?
670 731 737 764 aut
761 726 927 763 ridenda
955 725 1086 763 omnia
1105 730 1171 764 aut
1189 725 1323 763 fienda
1343 729 1445 763 sunt.
1490 725 1577 763 Non

310 781 503 819 irascetur
530 781 692 828 sapiens
728 781 998 828 peccantibus.
1053 784 1202 828 quare?
1238 780 1330 828 quia
1356 780 1431 817 scit
1456 778 1576 817 nemi·

308 845 399 873 nem
417 836 528 873 nasci
557 835 795 883 sapientem,
824 835 897 872 sed
924 835 1021 872 fieri.
1077 834 1153 872 scit
1177 832 1442 882 paucissimos
1471 833 1577 872 omni

308 899 408 928 aevo
429 890 619 937 sapientis
640 889 823 938 evadere,
853 888 946 937 quia
965 888 1238 927 condicionem
1258 888 1452 926 humanae
1471 887 1576 926 vitae

309 949 558 992 perspectam
585 943 723 981 habet:
750 954 865 981 nemo
893 947 1023 981 autem
1050 948 1212 981 naturae
1239 953 1361 982 sanus
1381 942 1575 980 irascitur.

314 998 410 1046 quid
429 998 542 1045 enim,
562 998 596 1035 si
617 998 749 1035 mirari
768 998 862 1035 velit
879 1008 960 1036 non
980 997 1019 1035 in
1040 997 1287 1036 silvestribus
1307 997 1436 1036 dumis
1457 1007 1576 1045 poma

307 1053 511 1100 pendere?
555 1052 671 1100 quid,
702 1052 736 1089 si
764 1051 924 1090 miretur
951 1052 1106 1099 spineta
1139 1056 1355 1100 sentesque
1388 1062 1467 1090 non
1493 1051 1577 1090 utili

309 1107 441 1154 aliqua
462 1107 574 1154 fruge
597 1106 801 1153 conpleri?
841 1117 956 1144 nemo
977 1107 1177 1154 irascitur,
1197 1107 1264 1145 ubi
1284 1106 1416 1144 vitium
1436 1111 1577 1144 natura

271 1166 292 1202 7
308 1161 494 1200 defendit.
532 1160 716 1198 Placidus
750 1160 883 1208 itaque
918 1161 1078 1208 sapiens
1112 1166 1150 1198 et
1182 1171 1335 1208 aequus
1362 1160 1576 1207 erroribus,

306 1226 385 1255 non
405 1215 553 1263 hostis,
575 1215 647 1253 sed
668 1220 868 1253 corrector
886 1216 1153 1263 peccantium,
1173 1215 1250 1254 hoc
1273 1215 1416 1254 cotidie
1436 1225 1575 1263 proce-

307 1271 362 1309 dit
382 1270 531 1308 animo:
558 1269 693 1317 „multi
712 1269 805 1306 mihi
826 1274 1033 1308 occurrent
1051 1269 1144 1307 vino
1165 1270 1297 1317 dediti,
1317 1270 1425 1307 multi
1447 1268 1575 1308 libidi-

306 1325 407 1370 nosi,
428 1324 536 1362 multi
557 1323 708 1371 ingrati,
728 1324 836 1362 multi
858 1324 978 1370 avari,
998 1324 1104 1361 multi
1125 1325 1235 1362 furiis
1255 1323 1478 1363 ambitionis
1494 1322 1575 1371 agi-

305 1379 411 1418 tati.“
465 1378 596 1417 omnia
621 1378 696 1416 ista
721 1382 800 1416 tam
828 1378 1023 1426 propitius
1056 1378 1252 1426 adspiciet
1279 1389 1396 1427 quam
1429 1388 1574 1425 aegros

269 1440 293 1475 8
309 1444 405 1472 suos
426 1433 620 1471 medicus.
662 1433 861 1480 Numquid
880 1433 955 1479 ille,
978 1433 1089 1471 cuius
1110 1433 1308 1480 navigium
1327 1433 1486 1471 multam
1506 1443 1575 1470 un-

308 1489 427 1536 dique
446 1487 587 1525 laxatis
607 1487 854 1534 conpagibus
875 1497 1019 1534 aquam
1040 1487 1165 1534 trahit,
1181 1488 1311 1525 nautis
1331 1487 1489 1535 ipsique
1507 1497 1576 1525 na-

306 1542 413 1590 vigio
434 1542 643 1580 irascitur?
684 1541 854 1579 occurrit
882 1542 1010 1589 potius
1031 1547 1070 1579 et
1089 1542 1204 1579 aliam
1224 1541 1399 1579 excludit
1416 1541 1575 1588 undam,

307 1598 423 1635 aliam
442 1596 584 1644 egerit,
604 1596 813 1634 manifesta
832 1596 1025 1634 foramina
1044 1596 1282 1644 praecludit,
1306 1595 1516 1634 latentibus
1537 1600 1576 1633 et

307 1661 359 1689 ex
378 1652 532 1690 occulto
561 1650 752 1688 sentinam
781 1650 1014 1689 ducentibus
1042 1651 1178 1689 labore
1206 1651 1391 1689 continuo
1414 1650 1574 1688 resistit.

306 1716 381 1744 nec
400 1706 491 1744 ideo
511 1705 743 1752 intermittit,
773 1704 866 1752 quia
887 1710 1074 1752 quantum
1095 1705 1330 1743 exhaustum
1350 1708 1410 1742 est
1430 1704 1574 1742 subna-

307 1761 440 1799 scitur.
486 1760 610 1798 Lento
631 1759 826 1797 adiutorio
855 1770 957 1807 opus
977 1764 1039 1798 est
1058 1764 1194 1798 contra
1212 1760 1314 1797 mala
1333 1757 1518 1797 continua
1537 1763 1576 1796 et

306 1814 488 1862 secunda,
507 1825 587 1852 non
606 1819 648 1851 ut
667 1813 861 1860 desinant,
883 1814 956 1852 sed
977 1825 1026 1852 ne
1047 1815 1214 1852 vincant.

269 1876 289 1908 1
388 1869 453 1907 XI.
495 1867 635 1916 „Utilis
655 1872 736 1914 est,
753 1868 899 1915 inquit,
921 1869 999 1914 ira,
1021 1869 1112 1917 quia
1139 1871 1402 1915 contemptum
1425 1866 1572 1915 effugit,

309 1924 400 1972 quia
419 1923 547 1961 malos
566 1925 726 1961 terret.“
764 1922 932 1959 Primum
954 1924 1033 1971 ira,
1059 1923 1093 1961 si
1114 1927 1299 1970 quantum
1319 1922 1487 1960 minatur
1505 1933 1574 1959 va·-

305 1978 376 2023 let,
399 1978 448 2015 ob
469 1977 546 2016 hoc
571 1977 701 2024 ipsum
722 1977 831 2024 quod
850 1976 1034 2015 terribilis
1055 1982 1126 2023 est,
1148 1981 1186 2014 et
1204 1976 1332 2014 invisa
1352 1981 1424 2014 est.
1470 1976 1573 2023 peri·

307 2032 483 2070 culosius
503 2036 565 2070 est
582 2036 713 2069 autem
731 2031 858 2069 timeri
887 2042 1004 2078 quam
1025 2030 1188 2078 despici.
1227 2029 1262 2068 si
1286 2040 1381 2069 vero
1411 2030 1496 2068 sine
1515 2030 1575 2069 vi-

305 2087 415 2123 ribus
437 2091 514 2132 est,
545 2086 670 2133 magis
689 2085 873 2134 exposita
902 2085 1141 2133 contemptui
1160 2089 1221 2122 est
1239 2089 1277 2123 et
1297 2085 1472 2123 derisum
1491 2095 1572 2123 non

306 2140 456 2187 effugit.
495 2140 589 2186 quid
609 2140 712 2177 enim
731 2144 793 2178 est
818 2139 1023 2178 iracundia
1048 2140 1086 2177 in
1114 2149 1404 2186 supervacuum
1431 2140 1570 2177 tumul-

270 2199 438 2234 2tuante
464 2194 672 2241 frigidius?
708 2194 860 2232 Deinde
887 2205 966 2232 non
992 2194 1081 2232 ideo
1110 2194 1324 2241 quaedam,
1355 2193 1447 2241 quia
1481 2199 1572 2231 sunt

303 2249 554 2295 terribiliora,
591 2249 744 2295 potiora
771 2254 875 2288 sunt.
934 2258 985 2286 ne
1011 2247 1088 2286 hoc
1116 2247 1282 2294 sapienti
1310 2248 1411 2286 adici
1438 2247 1568 2294 velim,

308 2304 414 2350 quod
433 2304 539 2341 serae
559 2303 771 2342 saevientis
801 2313 961 2353 quoque
987 2302 1106 2341 telum
1133 2305 1211 2350 est,
1244 2302 1382 2341 timeri.
1429 2302 1572 2351 ecquid
