1598 2606
282 168 336 209 32
655 166 698 204 L.
723 165 911 204 ANNAEI
935 164 1158 247 SENEfAE

227 272 267 308 ‚3
282 266 471 304 stetimus.
520 263 669 311 Quanto
690 262 814 302 satius
833 267 894 301 est
911 262 964 301 ad
985 262 1351 311 contemplationem
1371 268 1426 303 tot
1443 268 1525 303 tan-

282 326 489 367 torumque
508 318 788 356 beneficiorum
806 317 948 356 reverti
963 322 1002 356 et
1015 327 1131 365 agere
1145 317 1289 366 gratias
1299 347 1309 365 ,
1330 318 1436 366 quod
1451 329 1525 357 nos

282 375 320 412 in
348 373 426 412 hoc
445 372 704 422 pulcherrimo
727 371 924 410 domicilio
943 372 1147 410 voluerunt
1166 372 1361 410 secundas
1383 373 1524 420 sortiri,

282 428 391 477 quod
410 426 573 466 terrenis
593 427 894 475 praefecerunt?
920 425 1060 474 aliquis
1079 436 1127 464 ea
1146 427 1326 464 animalia
1340 433 1526 475 conparat

282 482 416 530 nobis,
441 491 608 529 quorum
636 485 811 529 potestas
832 490 954 528 penes
973 490 1047 519 nos
1066 484 1153 519 est?
1198 480 1390 529 Quicquid
1410 481 1523 520 nobis

245 547 266 580 4
282 542 464 584 negatum
479 541 541 574 est
556 535 639 573 dari
655 546 732 574 non
750 535 887 583 potuit.
927 534 1096 573 Proinde
1112 535 1292 583 quisquis
1308 545 1351 573 es
1367 534 1524 583 iniquus

281 591 507 630 aestimator
534 589 652 628 sortis
671 589 883 636 humanae,
911 589 1057 637 cogita,
1086 594 1230 637 quanta
1247 588 1361 628 nobis
1381 589 1523 628 tribue·

279 645 328 684 rit
355 655 499 693 parens
520 648 671 691 noster,
699 648 844 691 quanto
871 643 1084 683 valentiora
1102 643 1283 682 animalia
1301 643 1374 681 sub
1392 644 1524 691 iugum

280 699 522 746 miserimus,
552 703 696 746 quanto
721 698 920 737 velociora
946 707 1253 745 consequamur,
1289 707 1405 745 quam
1431 697 1524 736 nihil

244 767 264 798 5
280 754 330 792 sit
348 754 510 791 mortale
529 763 608 790 non
629 752 702 791 sub
723 753 801 791 ictu
819 757 954 791 nostro
970 753 1152 800 positum.
1198 752 1270 790 Tot
1284 751 1445 790 virtutes
1459 762 1522 790 ac-

280 807 477 855 cepimus,
507 811 564 846 tot
589 812 716 855 artes,
745 806 914 846 animum
943 806 1132 854 denique,
1160 805 1223 844 cui
1249 805 1341 844 nihil
1360 816 1438 844 non
1457 816 1522 845 eo-

279 862 387 908 dem,
429 871 507 909 quo
540 862 724 908 intendit,
767 866 961 900 momento
993 861 1172 909 pervium
1203 865 1287 906 est,
1329 860 1522 899 sideribus

277 914 535 963 velociorem,
576 926 741 963 quorum
769 920 861 963 post
886 916 1006 954 multa
1032 915 1167 954 secula
1199 914 1349 952 futuros
1383 924 1521 953 cursus

278 970 483 1008 antecedit.
512 974 660 1009 tantum
680 969 823 1008 deinde
844 970 1016 1017 frugum,
1046 974 1192 1008 tantum
1210 979 1347 1017 opum,
1375 973 1522 1008 tantum

276 1034 407 1062 rerum
433 1024 597 1062 alIarum
624 1034 745 1072 super
771 1023 867 1062 alias
887 1028 1165 1062 acervatarum.
1201 1023 1415 1061 circumeas
1433 1023 1523 1062 licet

277 1082 418 1116 cuncta
438 1082 494 1124 et,
524 1078 616 1125 quia
635 1078 728 1116 nihil
747 1083 870 1117 totum
889 1077 1065 1116 invenies
1083 1077 1189 1125 quod
1207 1087 1298 1115 esse
1316 1082 1353 1115 te
1372 1078 1519 1125 malles,

277 1143 328 1170 ex
347 1131 528 1170 omnibus
553 1132 707 1179 singula
725 1142 928 1179 excerpas,
952 1142 1054 1179 quae
1071 1131 1138 1170 tibi
1159 1131 1241 1169 dari
1257 1132 1397 1169 velles:
1420 1131 1520 1170 bene

277 1186 479 1224 aestimata
505 1190 666 1224 naturae
693 1186 932 1233 indulgentia
959 1186 1180 1224 confitearis
1207 1195 1372 1224 necesse
1399 1186 1518 1224 estin

240 1245 262 1280 6
278 1239 427 1278 deliciis
453 1244 491 1277 te
517 1239 571 1277 illi
599 1240 734 1278 fuisse.
781 1240 837 1278 Ita
856 1244 934 1277 est:
964 1239 1190 1278 carissimos
1210 1250 1283 1278 nos
1302 1239 1519 1278 habuerunt

276 1293 316 1332 di
342 1293 568 1332 inmortales
596 1293 837 1341 habentque,
873 1298 911 1332 et
937 1293 1003 1341 qui
1022 1294 1223 1332 -maximus
1250 1294 1364 1332 tribui
1390 1294 1517 1332 honos

276 1349 418 1396 potuit,
455 1348 504 1385 ab
532 1347 630 1396 ipsis
658 1348 859 1396 proximos
889 1349 1214 1387 conlocaverunt:
1243 1358 1384 1396 magna
1406 1357 1516 1387 acce-

276 1402 423 1450 pimus,
447 1402 596 1440 maiora
614 1413 692 1440 non
715 1402 903 1450 cepimus.

238 1465 256 1497 1
354 1456 470 1494 XXX.
498 1457 625 1503 Haec,
648 1456 700 1494 mi
714 1456 922 1502 Liberalis,
946 1456 1171 1494 necessaria
1187 1455 1354 1504 credidi,
1373 1461 1411 1495 et
1425 1457 1516 1505 quia

273 1511 515 1559 loquendum
549 1510 698 1559 aliquid
725 1511 775 1549 de
802 1511 953 1558 magnis
985 1510 1185 1548 beneficiis
1216 1515 1316 1558 erat,
1353 1521 1440 1550 cum
1467 1511 1516 1549 de

273 1565 430 1603 minutis
457 1565 726 1612 loqueremur,
756 1569 795 1603 et
821 1565 913 1612 quia
938 1565 1028 1603 inde
1050 1570 1180 1603 manat
1198 1565 1312 1603 etiam
1329 1565 1366 1603 in
1388 1569 1517 1603 cetera

272 1619 389 1657 huius
418 1619 658 1658 detestabilis
692 1618 773 1657 vitii
805 1619 984 1658 audacia.
1030 1619 1099 1659 Cui
1132 1619 1234 1657 enim
1263 1619 1516 1667 respondebit

272 1678 401 1721 grate,
430 1673 537 1721 quod
562 1684 705 1711 munus
725 1674 959 1711 existimabit
978 1678 1044 1712 aut
1062 1683 1245 1720 magnum
1265 1678 1330 1712 aut
1347 1673 1513 1712 redden—

274 1729 376 1774 dum,
400 1728 466 1776 qui
487 1738 638 1766 summa
656 1727 848 1766 beneficia
869 1728 1043 1775 spernit?
1070 1728 1132 1766 cui
1149 1729 1329 1774 salutem,
1354 1727 1416 1766 cui
1435 1727 1511 1775 spi·

271 1782 386 1820 ritum
414 1782 582 1828 debebit,
604 1781 672 1830 qui
689 1781 805 1820 vitam
827 1783 1031 1830 accepisse
1051 1792 1094 1821 se
1117 1792 1140 1820 a
1159 1781 1220 1820 dis
1241 1786 1373 1829 negat,
1396 1792 1513 1829 quarn

236 1842 258 1874 2
274 1837 416 1875 cotidie
435 1836 484 1874 ab
504 1836 579 1874 illis
600 1836 722 1884 petit?
768 1835 1008 1885 Quicumque
1023 1846 1117 1884 ergo
1132 1840 1264 1883 gratos
1281 1846 1372 1874 esse
1387 1836 1512 1882 docet,

274 1896 311 1929 ct
336 1890 536 1928 hominum
563 1901 723 1928 causam
750 1890 828 1938 agit
854 1894 892 1928 et
917 1891 1098 1935 deorum,
1129 1890 1271 1937 quibus
1297 1889 1437 1928 nullius
1456 1891 1512 1927 rei

272 1944 556 1992 indigentibuS,
594 1944 733 1992 positis
766 1950 876 1984 extra
905 1944 1160 1989 desiderium,
1196 1945 1342 1982 referre
1374 1943 1510 1982 nihilo-

272 1999 399 2037 minus
418 1998 578 2047 gratiam
599 2009 824 2047 possumus.
870 1999 971 2038 Non
996 2002 1071 2036 est
1097 1998 1226 2046 quod
1252 1996 1509 2045 quisquam

273 2053 650 2092 excusationem
678 2053 855 2091 mentis
885 2053 1107 2101 ingratae
1132 2050 1189 2089 ab
1218 2050 1511 2091 infirmitate

271 2111 418 2154 atque
445 2107 617 2155 inopia
645 2111 782 2155 petat
809 2112 847 2145 et
871 2108 993 2145 dicat:
1029 2105 1149 2153 „quid
1175 2106 1275 2142 enim
1305 2104 1453 2143 saciam-
1472 2110 1510 2143 et

272 2162 498 2207 quomodo?
523 2162 681 2210 quando
698 2161 967 2209 superioribus
982 2158 1228 2206 dominisque
1243 2170 1370 2197 rerum
1387 2159 1507 2197 omni-

269 2225 334 2251 um
361 2217 520 2261 gratiam
546 2217 765 2254 referam2“
809 2216 970 2254 Referre
996 2214 1107 2252 facile
1128 2218 1204 2251 est:
1234 2213 1266 2251 si
1287 2224 1428 2252 avarus
1449 2223 1505 2260 es,

270 2269 353 2306 sine
372 2268 570 2317 inpendio.
599 2271 631 2308 si
651 2270 773 2318 iners,
802 2269 886 2308 sine
907 2278 1037 2318 opera.
1082 2267 1228 2307 Eodem
1246 2266 1401 2315 quidem
1421 2277 1501 2306 mo-
