1670 2612
459 369 504 423 11·
536 367 719 422 ΑΝΝᾹΕΙ
747 367 971 422 SENECAE

285 466 776 532 DIALOGORUM
827 466 1053 555 LIBER
1101 466 1142 528 Ι.

539 583 604 616 ΑΙ)
635 583 887 617 LUCILIUM

71 665 239 716 QUARE
258 665 443 716 ALIQUA
462 663 765 706 INGOMMODA
786 663 932 704 BONIS
951 662 1084 704 VIRIS
1103 644 1359 704 Ac'cmANT

423 730 528 771 CUM
552 729 890 770 PROVIDENTIA
917 728 1008 770 SIT.

682 821 750 844 swa

520 885 576 928 DE
599 884 914 928 PRovfflEN'rlA.

180 1058 209 1096 Ι.
267 1032 476 1100 Quaesisti
496 1068 617 1107 ame,
651 1057 795 1107 Lucili,
827 1057 924 1107 quid
943 1055 1016 1105 ita,
1047 1056 1081 1096 si
1109 1053 1363 1106 providentia
1382 1061 1401 1094 1

70 1113 243 1152 mundus
273 1117 477 1162 ageretur,
505 1115 628 1153 multa
653 1114 772 1154 bonis
796 1113 892 1152 viris
919 1114 1024 1151 mala
1047 1112 1245 1151 accidere.
1281 1111 1361 1151 hoc

71 1168 319 1209 commodius
346 1168 386 1207 in
407 1174 596 1209 contextu
616 1171 751 1219 operis
771 1170 1026 1215 redderetur,
1056 1179 1146 1207 cum
1167 1178 1360 1217 praeesse

69 1224 269 1265 universis
302 1223 596 1273 providentiam
627 1226 892 1275 probaremus
927 1229 966 1263 et
1005 1224 1202 1263 interesse
1241 1223 1360 1263 nobis

71 1282 201 1320 deum.
218 1280 293 1319 sed
309 1281 496 1329 quoniam
508 1286 622 1320 atoto
639 1281 870 1330 particulam
887 1279 1024 1318 revelli
1040 1280 1172 1328 placet
1187 1284 1225 1318 et
1239 1290 1358 1318 unam

16 1348 19 1349 ⁷
71 1336 423 1375 contradictionem
442 1342 628 1376 manente
647 1338 713 1376 lite
733 1337 886 1384 integra
906 1336 1086 1382 solvere,
1112 1334 1254 1374 faciam
1274 1346 1357 1374 rem

70 1403 151 1431 non
167 1391 378 1437 difficilem,
401 1402 564 1431 causam
580 1393 747 1431 deorum
764 1402 891 1440 agam.
920 1390 1223 1439 Supervacuum
1240 1392 1356 1430 estin
1375 1396 1397 1430 2

73 1448 300 1496 praesentia
317 1448 529 1487 ostendere
544 1460 624 1487 non
641 1449 727 1487 sine
744 1448 878 1495 aliquo
895 1446 1065 1485 custode
1084 1451 1235 1486 tantum
1254 1458 1359 1496 opus

73 1507 179 1541 stare
198 1512 272 1540 nec
291 1501 397 1540 hunc
417 1503 591 1543 siderum
612 1509 766 1543 coetum
789 1503 1101 1551 discursumque
1129 1502 1277 1541 fortuiti
1300 1502 1358 1541 in-

71 1563 190 1607 petus
211 1567 306 1596 esse
328 1562 367 1596 et
381 1569 484 1606 quae
504 1570 622 1598 casus
642 1559 775 1597 incitat
796 1568 920 1607 saepe
940 1557 1088 1596 turbari
1105 1563 1143 1596 et
1163 1559 1239 1597 cito
1257 1558 1358 1597 arie—

72 1620 177 1661 tare‚
205 1613 308 1650 hanc
328 1613 564 1652 inoffensam
585 1614 832 1653 velocitatem
856 1614 1078 1662 procedere
1098 1619 1284 1652 aeternae
1304 1615 1358 1652 le-

12 1701 26 1723 ..
71 1669 132 1718 gis
151 1668 319 1717 imperio
336 1673 483 1707 tantum
497 1679 626 1707 rerum
642 1674 746 1709 terra
759 1670 938 1718 marique
953 1674 1186 1718 gestantem,
1208 1675 1360 1709 tantum

73 1725 384 1764 clarissimorum
406 1723 592 1763 luminum
614 1730 652 1763 et
670 1735 721 1763 ex
748 1725 944 1774 disposito
965 1725 1247 1773 relucentium,
1277 1736 1358 1765 non

73 1790 167 1819 esse
180 1780 369 1819 materiae
382 1779 550 1818 errantis
562 1779 668 1818 hunc
684 1781 862 1819 ordinem
878 1792 954 1819 nec
970 1792 1072 1830 quae
1088 1785 1236 1820 temere
1253 1781 1358 1820 coie-

71 1841 182 1883 runt,
201 1840 308 1874 tanta
323 1840 407 1873 arte
423 1835 616 1883 pendere,
636 1840 680 1874 ut
695 1841 885 1875 terrarum
901 1837 1180 1885 gravissimum
1198 1836 1358 1885 pondus

74 1891 410 1930 sedeatinmotum
423 1890 579 1929 etcirca
595 1902 640 1930 se
656 1893 907 1940 properantis
925 1892 1027 1931 coeli
1039 1894 1173 1940 fugam
1189 1897 1355 1940 spectet,

75 1952 115 1986 ut
140 1947 271 1986 infusa
290 1946 459 1985 vallibus
488 1947 611 1984 maria
633 1947 809 1986 molliant
834 1953 960 1987 terras
984 1958 1059 1986 nec
1085 1948 1207 1986 ullum
1229 1947 1356 1987 incre-

0 2001 1 2008 ’
25 2007 30 2017 ’
71 2008 246 2042 mentum
274 2001 479 2041 fluminum
502 2001 690 2048 sentiant,
721 2008 764 2041 ut
783 2013 834 2042 ex
855 2003 1025 2042 minimis
1047 2003 1264 2042 seminibus
1285 2015 1354 2043 na—

30 2094 33 2095 ⁷
73 2063 235 2098 scantur
254 2058 439 2106 ingentia.
469 2068 520 2096 ne
538 2058 605 2096 illa
625 2057 783 2106 quidem
805 2069 908 2107 quae
925 2059 1112 2097 videntur
1130 2059 1299 2098 confusa
1319 2064 1358 2099 et
1375 2065 1399 2099 3

37 2161 40 2167 ¹
71 2115 241 2159 incerta,
277 2113 435 2162 pluvias
455 2113 546 2152 dico
567 2114 776 2162 nubesque
797 2119 835 2153 et
858 2115 1046 2153 elisorum
1073 2115 1278 2154 fulminum
1297 2115 1352 2155 ia-

42 2195 44 2198 >
73 2175 160 2210 etus
184 2173 223 2208 et
238 2169 422 2208 incendia
438 2169 568 2218 ruptis
587 2170 777 2209 montium
800 2169 1012 2209 verticibus
1032 2169 1179 2219 effusa,
1207 2176 1351 2210 tremo—

41 2230 47 2266 ἶ
71 2237 138 2264 res
158 2224 327 2264 labantis
348 2225 423 2264 soli
443 2229 483 2263 et
503 2223 580 2263 alia
598 2236 700 2274 quae
721 2226 963 2264 tumultuosa
980 2237 1074 2274 pars
1093 2237 1226 2265 rerum
1247 2227 1354 2265 circa

69 2286 198 2321 terras
218 2286 370 2329 movet,
389 2279 477 2319 sine
495 2281 668 2329 ratione,
691 2280 872 2330 quamvis
892 2281 1021 2320 subita
1036 2283 1132 2331 sint,
1154 2282 1352 2330 accidunt,

73 2337 146 2376 sed
166 2347 262 2377 suas
283 2341 322 2376 et
336 2337 401 2376 illa
421 2346 564 2376 causas
583 2337 731 2377 habent
750 2348 828 2376 non
849 2336 976 2378 minus
998 2349 1116 2389 quam
1135 2349 1239 2388 quae
1259 2337 1352 2377 alie-

1043 2395 1047 2398 ,
1080 2399 1102 2434 l
1117 2392 1138 2416 *
