1592 2580
280 195 345 236 DE
367 193 646 235 BENEFICIIS
672 195 766 234 LlB.
783 195 853 234 VI.
883 200 1055 237 15—17.
1226 193 1305 237 117

26 299 206 338 vendunt
225 296 420 346 obligant,
440 296 515 336 sed
534 296 708 344 benigna
722 300 761 335 et
775 295 955 335 familiari
973 296 1187 335 voluntate.
1230 296 1305 335 Ita·
1322 306 1344 339 2

29 365 110 405 que
135 353 312 401 medico,
343 353 376 392 si
405 352 502 391 nihil
529 353 702 402 amplius
724 363 844 401 quam
862 362 1022 391 manum
1043 352 1168 400 tangit
1187 356 1226 390 et
1243 362 1309 391 me

27 411 127 450 inter
143 420 215 449 eos
228 420 330 459 quos
345 408 594 458 perambulat
610 409 731 458 ponit,
749 407 836 447 sine
850 408 931 446 ullo
947 408 1108 446 adfectu
1125 408 1310 447 facienda

26 465 238 506 vitandave
259 465 533 514 praecipiens,
559 464 655 502 nihil
676 464 847 512 amplius
863 463 1015 511 debeo,
1038 463 1134 512 quia
1148 474 1212 502 me
1227 474 1308 502 non

26 528 228 571 tamquam
249 522 419 559 amicum
434 520 550 567 vidit,
576 520 650 558 sed
669 525 872 568 tamquam
892 519 1187 569 imperatorem.
1228 520 1310 558 Nec
1323 523 1347 558 3

26 581 329 628 praeceptorem
352 576 514 626 quidem
534 575 664 615 habeo
686 587 756 614 cur
774 585 965 623 venerer,
988 575 1022 614 si
1042 585 1106 614 me
1126 575 1163 613 in
1186 586 1311 624 grege

26 632 316 682 discipulorum
343 631 499 681 habuit,
535 631 571 670 si
600 643 680 671 non
707 631 863 680 putavit
889 631 1051 680 dignum
1078 633 1247 680 propria
1271 635 1312 669 et

26 689 219 739 peculiari
246 699 362 735 cura,
401 687 680 736 sinumquam
709 687 749 725 in
777 697 842 725 me
870 687 1014 726 direxit
1040 687 1227 726 animum.
1272 692 1312 726 et

28 755 119 784 cum
151 745 190 783 in
223 743 400 783 medium
434 743 660 782 effunderet
692 753 797 792 quae
837 743 1012 792 sciebat,
1054 753 1136 782 non
1174 743 1310 791 didici,

0 797 3 847 ἔ
29 801 103 840 sed
123 801 278 850 excepi.
315 799 415 848 Quid
433 810 528 848 ergo
546 805 618 848 est,
642 810 766 847 quare
780 799 867 838 istis
884 799 1104 838 debeamus
1119 786 1312 838 mustum?
1325 806 1349 841 4

0 859 2 898 l
28 867 110 895 non
131 857 226 905 quia
246 856 370 905 pluris
390 861 452 894 est
472 855 583 904 quod
605 855 871 894 vendiderunt
891 865 1010 904 quam
1033 854 1214 903 emimus,
1235 855 1311 893 sed

0 938 1 957 2
31 912 126 961 quia
140 912 256 952 nobis
277 911 377 960 ipsis
393 911 544 960 aliquid
559 910 861 960 praestiterunt:
890 910 956 949 ille
972 911 1101 959 magis
1118 911 1312 960 pependit

30 978 150 1017 quam
180 968 336 1007 medico
365 977 537 1006 necesse
562 973 636 1006 est.
676 977 750 1016 pro
778 978 861 1015 me,
890 977 971 1005 non
992 978 1065 1016 pro
1087 967 1194 1005 fama
1215 966 1311 1005 artis

29 1023 221 1063 extimuit.
261 1034 342 1062 non
370 1023 442 1062 fuit
468 1028 679 1062 contentus
706 1023 886 1062 remedia
911 1028 1156 1071 monstrare,
1184 1028 1222 1061 et
1241 1023 1310 1061 ad-

28 1079 164 1119 movit.
187 1080 288 1118 inter
304 1081 511 1127 [sollicitos]
528 1077 722 1117 sollicitus
738 1078 916 1126 adsedit,
938 1078 990 1117 ad
1007 1082 1200 1127 suspecta
1214 1085 1311 1117 tem-

29 1146 129 1184 pora
149 1135 332 1173 occurrit.
360 1135 511 1174 nullum
530 1135 791 1173 ministerium
806 1133 861 1175 illi
878 1134 1009 1182 oneri,
1030 1135 1181 1174 nullum
1201 1134 1312 1173 sasti-

28 1191 95 1230 dio
115 1190 199 1230 suit.
227 1191 398 1239 gemitus
417 1200 531 1228 meos
549 1201 630 1229 non
649 1200 819 1229 securus
835 1189 998 1228 audivit.
1027 1191 1066 1228 in
1082 1189 1198 1229 turba
1213 1191 1313 1228 mul-
1327 1199 1349 1232 5

26 1251 158 1286 torum
185 1246 454 1285 invocantium
482 1256 558 1294 ego
579 1246 633 1284 illi
654 1246 865 1294 potissima
885 1245 1036 1286 curatio
1057 1247 1126 1285 fui.
1162 1251 1313 1284 tantum

29 1302 118 1342 aliis
137 1301 313 1350 vacavit,
335 1307 526 1351 quantum
542 1311 631 1340 mea
645 1303 823 1340 valitudo
839 1302 1096 1350 permiserat:
1126 1301 1218 1340 huic
1236 1312 1312 1350 ego

29 1369 109 1397 non
126 1362 326 1406 tamquam
342 1357 499 1396 medico
510 1388 520 1405 ,
537 1358 612 1396 sed
626 1362 828 1406 tamquam
845 1357 975 1397 amico
993 1358 1194 1406 obligatus
1211 1369 1313 1396 sum.

29 1415 141 1452 Alter
166 1424 307 1452 rursus
337 1413 520 1452 docendo
549 1418 590 1451 et
617 1413 794 1452 laborem
818 1419 857 1452 et
874 1414 1049 1453 taedium
1069 1413 1167 1453 tulit.
1197 1424 1313 1462 prae·
1329 1424 1352 1459 6

30 1474 90 1508 ter
118 1469 202 1517 illa,
242 1479 346 1517 quae
378 1479 403 1506 a
436 1468 774 1517 praecipientibus
808 1469 847 1506 in
875 1479 1086 1508 commune
1114 1468 1313 1516 dicuntur,

32 1524 167 1572 aliqua
195 1523 398 1562 instillavit
424 1535 470 1562 ae
499 1524 684 1572 tradidit,
721 1524 920 1564 hortando
955 1525 1103 1564 bonam
1138 1524 1316 1563 indolem

32 1580 159 1618 erexit
185 1584 225 1618 et
249 1579 371 1618 modo
395 1579 581 1618 laudibus
602 1580 695 1619 fecit
714 1580 906 1627 animum,
935 1580 1055 1620 modo
1077 1580 1314 1619 admonitio-

31 1635 149 1674 nibus
170 1635 360 1674 discussit
379 1634 586 1673 desidiam.
626 1641 709 1674 tum
729 1636 931 1683 ingenium
953 1637 1080 1675 latens
1102 1641 1140 1676 et
1159 1636 1314 1685 pigrum
1331 1647 1352 1683 7

33 1691 197 1738 iniecta,
225 1695 268 1730 ut
293 1691 347 1729 ita
374 1690 523 1739 dicam,
551 1701 672 1729 manu
701 1693 882 1730 extraxit.
929 1702 1004 1730 nec
1031 1703 1136 1741 quae
1163 1692 1318 1731 sciebat

33 1746 206 1795 maligne
231 1746 502 1795 dispensavit,
531 1757 612 1795 quo
636 1747 783 1786 diutius
803 1753 913 1786 esset
932 1748 1212 1795 necessarius,
1241 1748 1318 1787 sed

34 1802 177 1851 cupiit,
206 1802 240 1841 si
267 1806 429 1850 posset,
459 1801 650 1841 universa
675 1803 976 1842 transfundere:
1007 1803 1186 1851 ingratus
1213 1814 1316 1852 sum,

34 1858 110 1897 nisi
131 1857 238 1896 illum
258 1858 360 1896 inter
378 1857 627 1906 gratissimas
647 1859 968 1897 necessitudines
989 1859 1125 1907 diligo.

115 1913 237 1952 XVII.
277 1913 655 1952 Sordidissimorum
685 1924 848 1962 quoque
876 1914 1134 1953 artificiorum
1161 1914 1316 1954 institu-
1335 1924 1352 1958 1

35 1968 187 2007 toribus
216 1980 339 2018 supra
366 1969 623 2008 constitutum
655 1970 807 2019 aliquid
839 1970 1084 2018 adiecimus,
1125 1969 1161 2009 si
1195 1970 1315 2010 nobis

35 2034 160 2072 opera
186 2025 341 2064 illorum
371 2025 526 2063 enixior
551 2023 640 2063 visa
663 2029 738 2064 est.
775 2030 814 2064 et
840 2025 1097 2073 gubernatori
1117 2031 1156 2065 et
1179 2026 1318 2075 opifici

34 2079 252 2119 vilissimae
266 2081 411 2119 mercis
429 2084 467 2118 et
482 2081 522 2118 in
537 2080 640 2118 diem
658 2091 703 2119 se
718 2081 864 2120 locanti
881 2081 1131 2120 corollarium
1149 2082 1315 2131 adsper—

36 2134 173 2174 simus.
216 2136 258 2174 ln
280 2137 440 2185 optimis
461 2146 556 2175 vero
578 2136 750 2184 artibus,
781 2147 884 2185 quae
913 2136 1032 2175 vitam
1059 2141 1129 2176 aut
1151 2147 1313 2177 conser-
1330 2148 1351 2181 2

36 2194 131 2229 vant
144 2196 212 2230 aut
226 2194 424 2239 excolunt,
448 2192 515 2241 qui
531 2191 627 2229 nihil
644 2202 689 2230 se
705 2193 796 2240 plus
813 2191 1013 2231 existimat
1029 2193 1179 2232 debere
1194 2204 1314 2243 quam

36 2246 206 2294 pepigit,
234 2247 410 2296 ingratus
437 2253 510 2286 est.
557 2248 686 2286 Adice
707 2248 814 2296 quod
836 2247 972 2287 talium
993 2249 1214 2288 studiorum
1234 2254 1312 2289 tra-

38 2299 133 2340 ditio
159 2301 302 2342 miscet
327 2304 495 2342 animos.
533 2303 612 2342 hoc
640 2314 731 2341 cum
758 2304 905 2342 factum
933 2307 1015 2352 est,
1048 2309 1128 2343 tam
1155 2305 1311 2344 medico

39 2366 158 2405 quam
173 2359 421 2408 praeceptori
438 2357 604 2409 pretium
622 2368 772 2408 operae
789 2359 975 2409 solvitur,
1000 2360 1117 2399 animi
1133 2360 1311 2400 debetur.
