1624 2626
378 167 443 206 DE
475 166 762 206 CLEMENTIA
793 165 888 204 ΗΒ.
903 166 932 204 Ι.
953 171 984 227 ,5
997 168 1090 206 “-6.
1303 163 1384 205 281

111 274 234 318 toque
251 267 291 307 in
312 268 463 307 maiore
482 268 647 307 materia
665 269 844 317 adparet.
893 268 1129 316 Quantulum
1147 267 1252 307 enim
1268 272 1390 310 nocet

111 325 266 373 privata
288 324 532 363 crudelitas?
567 324 792 373 principum
813 324 979 363 saevitia
997 324 1242 369 belluinaest.
1290 324 1387 364 Cum
1405 328 1429 363 3

112 385 242 419 autem
261 379 469 418 virtutibus
489 380 591 419 inter
610 390 655 419 se
675 380 727 419 sit
746 379 962 420 concordia
979 390 1055 418 nec
1069 381 1150 418 ulla
1166 379 1291 419 altera
1304 389 1387 418 me—

110 436 185 475 lior
208 440 275 475 aut
298 435 504 474 honestior
532 435 601 483 sit,
643 436 838 483 quaedam
865 440 998 475 tamen
1026 436 1267 484 quibusdam
1296 445 1387 485 per-

111 491 222 530 sonis
238 489 368 540 aptior
383 495 461 530 est:
491 491 608 530 decet
621 491 921 539 magnanimitas
937 491 1153 540 quemlibet
1167 493 1387 537 mortalem,

110 547 227 586 etiam
249 546 377 594 illum,
404 546 508 585 infra
529 557 647 595 quem
667 547 763 585 nihil
792 551 864 586 est.
903 547 998 596 quid
1026 547 1132 585 enim
1161 547 1291 586 maius
1320 552 1389 586 aut

110 601 251 642 fortius
279 613 399 651 quam
429 604 571 641 malam
603 603 803 642 fortunam
834 603 1078 642 retundere?
1118 601 1219 641 haec
1254 606 1388 641 tamen

112 658 446 707 [magnanimitas]
477 659 514 696 in
542 658 651 697 bona
682 659 840 697 fortuna
874 658 1065 697 laxiorem
1102 657 1236 697 locum
1268 658 1390 697 habet

111 714 334 763 meliusque
360 714 398 751 in
427 714 609 752 tribunali
641 724 760 762 quam
787 714 826 752 in
857 714 976 763 plano
997 713 1256 763 conspicitur.
1303 713 1388 752 Cle-
1407 722 1430 756 4

112 770 258 808 mentia
284 770 322 808 in
346 780 640 818 quamcumque
664 769 826 808 domum
846 770 1093 818 pervenerit,
1125 780 1213 809 eam
1233 769 1389 808 felicem

111 826 443 874 tranquillamque
472 825 709 874 praestabit,
749 825 884 864 sedin
904 824 1016 873 regia
1036 836 1117 874 quo
1153 826 1302 874 rarior,
1335 836 1386 864 eo

112 880 338 919 mirabilior.
374 880 469 929 quid
486 881 590 919 enim
611 886 672 920 est
691 880 987 919 memorabilius
1009 892 1128 930 quam
1150 891 1253 929 eum,
1273 881 1388 920 cuius

112 936 196 974 irae
217 936 311 974 nihil
332 935 482 983 obstat,
512 936 626 975 cuius
646 936 821 984 graviori
841 937 1062 976 sententiae
1085 937 1164 986 ipsi
1186 937 1254 985 qui
1275 945 1389 986 pere—

113 995 184 1031 unt
203 992 498 1040 adsentiuntur,
528 1002 646 1041 quem
670 1002 786 1032 nemo
806 992 1126 1041 interpellaturus
1147 998 1227 1040 est,
1256 991 1390 1040 immo,

114 1047 149 1086 si
181 1047 456 1086 vehementius
493 1047 735 1096 excanduit,
779 1058 856 1086 nec
888 1048 1179 1096 deprecaturus
1215 1048 1390 1097 quidem,

114 1104 245 1152 ipsum
266 1103 343 1142 sibi
364 1113 520 1143 manum
540 1102 748 1142 inicere‘et
764 1107 965 1152 potestate
984 1114 1060 1142 sua
1077 1104 1117 1142 in
1140 1104 1283 1143 melius
1304 1105 1390 1153 pla-

115 1158 326 1208 cidiusque
353 1159 428 1206 uti,
468 1158 545 1198 hoc
571 1159 706 1208 ipsum
736 1159 994 1207 cogitantem:
1034 1159 1221 1198 occidere
1251 1164 1391 1199 contra

113 1214 242 1263 legem
262 1224 378 1253 nemo
399 1225 479 1254 non
501 1219 652 1263 potest,
684 1224 849 1253 servare
868 1225 985 1254 nemo
1007 1219 1166 1263 praeter
1184 1225 1261 1254 me.
1307 1215 1390 1254 Ma·
1411 1222 1433 1255 5

113 1280 231 1318 gnam
252 1271 447 1310 fortunam
469 1280 636 1319 magnus
653 1271 807 1309 animus
824 1270 958 1319 decet,
981 1271 1049 1319 qui
1065 1270 1143 1310 nisi
1159 1281 1204 1310 se
1217 1271 1269 1310 ad
1284 1271 1391 1310 illam

114 1326 255 1366 extulit
277 1331 316 1365 et
342 1326 456 1365 altior
478 1327 603 1374 stetit,
634 1326 739 1364 illam
761 1337 925 1375 quoque
945 1326 1048 1365 infra
1068 1330 1243 1374 [terram]
1265 1326 1390 1366 dedu-

115 1381 179 1420 cit.
207 1381 340 1430 magni
356 1386 486 1421 autem
503 1381 622 1420 animi
638 1387 700 1420 est
714 1382 935 1431 proprium,
958 1381 1159 1431 placidum
1176 1393 1270 1422 esse
1286 1387 1392 1421 tran·-

118 1437 361 1486 quillumque
380 1442 419 1476 et
437 1437 603 1476 iniurias
623 1437 955 1487 offensionesque
975 1448 1151 1486 superne
1168 1438 1392 1487 despicere.

117 1491 308 1531 Muliebre
337 1497 398 1531 est
425 1494 557 1532 furere
585 1493 623 1532 in
652 1492 730 1540 ira,
762 1494 936 1532 ferarum
962 1504 1060 1533 vero
1089 1499 1129 1532 et
1150 1504 1202 1532 ne
1224 1504 1392 1542 genero-

118 1557 252 1585 sarum
263 1548 421 1596 quidem
439 1549 722 1597 praemordere
732 1554 772 1588 et
785 1559 930 1598 urgere
945 1549 1162 1598 proiectos.
1193 1549 1394 1598 elephanti

119 1603 339 1651 leonesque
358 1608 584 1652 transeunt,
615 1614 719 1653 quae
740 1605 990 1654 inpulerunt=
1027 1604 1216 1654 ignobilis
1238 1604 1394 1643 bestiae

118 1657 337 1706 pertinacia
366 1663 438 1697 est.
486 1659 574 1698 Non
601 1659 717 1698 decet
747 1670 884 1709 regem
910 1671 1034 1700 saeva
1063 1665 1103 1699 et
1133 1660 1393 1699 inexorabilis
1413 1667 1436 1701 6

117 1714 189 1752 ira.
218 1724 298 1752 non
318 1714 480 1752 multum
499 1714 603 1753 enim
618 1726 743 1764 supra
759 1726 849 1754 eum
864 1717 1020 1764 eminet,
1041 1716 1105 1754 cui
1121 1726 1166 1755 se
1180 1715 1394 1755 irascendo

119 1775 338 1818 exaequat:
375 1776 415 1808 at
440 1770 475 1808 si
503 1770 554 1808 da
595 1769 736 1817 vitam,
766 1771 802 1810 si
830 1771 898 1810 dat
916 1771 1148 1820 dignitatem
1167 1771 1393 1821 periclitan-

117 1825 223 1864 tibus
251 1829 291 1863 et
318 1824 468 1864 meritis
489 1836 550 1863 am
573 1831 685 1874 Aere,
712 1827 806 1865 facit
826 1827 935 1875 quod
955 1826 1053 1866 nulli
1073 1827 1150 1866 nisi
1169 1838 1301 1866 rerum
1321 1836 1393 1875 po-

117 1880 214 1918 tenti
239 1880 342 1919 licet.
379 1881 461 1920 vita
484 1881 586 1919 enim
607 1881 723 1920 etiam
745 1883 941 1931 superiori
961 1883 1147 1931 eripitur,
1177 1892 1393 1931 numquam

119 1934 195 1974 nisi
214 1935 391 1974 inferiori
410 1937 538 1974 datur.
581 1935 751 1975 Servare
767 1938 971 1987 proprium
986 1943 1048 1977 est
1064 1937 1297 1977 excellentis
1314 1938 1394 1976 sor—
1414 1941 1435 1976 7

117 1995 250 2029 tunae.
286 2002 390 2040 quae
417 2002 635 2040 numquam
661 1992 789 2040 magis
819 1993 972 2042 suspici
995 1993 1133 2040 debet,
1164 2004 1284 2042 quam
1303 2003 1416 2032 cum-

118 2046 174 2084 illi
201 2046 365 2094 contigit
389 2047 495 2085 idem
523 2057 648 2096 posse
676 2048 786 2096 quod
812 2049 895 2096 dis,
929 2059 1101 2098 quorum
1126 2048 1324 2088 beneficio
1352 2048 1393 2087 in

118 2102 248 2140 lucem
273 2103 428 2148 edimur
453 2108 532 2140 tam
559 2103 653 2141 boni
682 2114 801 2151 quam
829 2103 934 2142 mali.
973 2105 1141 2142 deorum
1163 2103 1297 2153 itaque
1317 2103 1394 2143 sibi

118 2157 293 2196 animum
319 2158 514 2197 adserens
555 2159 743 2207 princeps
778 2158 879 2198 alios
907 2169 959 2197 ex
988 2159 1142 2198 civibus
1164 2158 1270 2208 suis,
1298 2159 1394 2208 quia

118 2212 236 2252 utiles
255 2212 433 2262 bonique
452 2218 562 2262 sunt,
593 2214 722 2252 libens
744 2213 898 2262 videat,
919 2214 1020 2253 alios
1045 2215 1086 2253 in
1103 2225 1311 2255 numerum
1329 2226 1391 2255 re-

119 2267 283 2317 linquat.
315 2269 512 2317 quosdam
533 2279 626 2308 esse
645 2269 837 2318 gaudeat,
863 2269 1062 2318 quosdam
1085 2271 1267 2319 patiatur.

199 2325 267 2363 VI.
299 2323 436 2374 Cogita
456 2328 545 2373 [te]‚
573 2325 612 2363 in
640 2325 717 2364 hac
737 2324 912 2373 civitate,
943 2325 981 2364 in
1011 2336 1090 2375 qua
1111 2325 1226 2366 turba
1246 2336 1320 2376 per
1338 2326 1387 2365 la⁴
1409 2333 1430 2365 1
