1592 2580
242 269 264 303 3

282 158 336 199 96
654 157 696 195 L.
724 156 912 194 ΑΝΝΑΕι
939 155 1163 213 SENECAE

359 258 553 297 Dicitur
585 267 721 296 nemo
754 257 982 304 ingratus
1018 265 1151 294 esse:
1188 255 1229 294 id
1251 255 1309 294 sic
1328 254 1531 303 colligitur.

279 314 545 363 „Beneficium
564 312 747 360 estquod
768 312 941 360 prodest.
973 311 1165 358 prodesse
1185 315 1311 348 autern
1332 321 1446 348 nemo
1463 310 1533 348 ho-

279 368 373 407 mini
393 369 495 407 malo
516 371 648 415 potest
661 371 743 419 ,gut
762 366 888 404 dicitis
910 365 1042 404 Stoici.
1089 375 1183 412 ergo
1202 365 1433 403 beneficium
1453 375 1532 402 non

279 423 424 471 accipit
449 423 595 460 malus:
625 421 766 471 [nullus
784 423 912 468 itaque
929 422 1066 465 malus]
1093 419 1267 466 ingratus
1285 424 1356 457 est.
1393 419 1532 457 Etiam-

279 487 383 516 nunc
402 475 639 515 beneficium
660 475 827 513 honesta
845 480 883 512 et
901 473 1112 522 probabilis
1131 484 1196 511 res
1217 478 1289 512 est.
1326 474 1431 521 apud
1453 484 1532 510 ma—

280 534 359 571 lum
383 532 476 569 nulli
499 531 690 569 honestae
712 528 770 566 rei
792 534 859 567 aut
885 528 1074 576 probabili
1102 529 1213 567 locus
1240 533 1311 566 est.
1348 538 1442 575 ergo
1462 538 1534 564 nec

279 586 487 625 beneficio.
519 585 627 632 quod
644 583 677 621 si
694 582 875 631 accipere
895 594 972 622 non
994 588 1142 631 potest,
1171 593 1244 620 nec
1262 583 1429 620 reddere
1450 582 1533 629 qui—

245 645 267 678 4
282 642 371 679 dem
387 640 523 678 debet:
553 643 591 677 et
605 639 694 676 ideo
711 649 789 676 non
805 637 848 676 fit
863 638 1049 686 ingratus.
1078 638 1319 683 Etiamnunc,
1339 642 1381 674 ut
1396 636 1534 682 dicitis,

245 872 266 905 5

245 1193 267 1227 6

248 1573 268 1609 7

253 1957 270 1989 1

281 696 411 733 bonus
429 695 486 732 vir
507 692 636 731 omnia
655 697 762 730 recte
780 693 882 731 facit.
913 692 947 730 si
967 692 1095 730 omnia
1109 696 1215 729 recte
1231 692 1340 736 facit,
1361 691 1534 738 ingratus

281 759 374 788 esse
389 760 467 787 non
488 753 631 796 potest.
669 747 805 786 Bonus
821 747 1054 785 beneficium
1068 747 1214 792 reddit,
1235 747 1361 784 malus
1378 755 1455 783 non
1472 755 1534 782 ac·

282 804 388 852 cipit.
426 804 533 851 quod
553 803 586 840 si
607 807 689 848 est,
718 808 790 839 nec
810 801 939 840 bonus
957 802 1165 849 quisquam
1186 801 1360 848 ingratus
1382 804 1442 838 est
1464 809 1536 837 nec

280 860 427 896 malus:
457 858 510 896 ita
529 858 705 905 ingratus
725 857 763 894 in
782 866 911 894 rerum
932 860 1071 894 natura
1091 860 1151 894 est
1170 858 1323 893 nem0.“
1361 857 1420 892 At
1445 855 1503 892 ho
1516 864 1536 891 c

282 914 442 951 inane.
486 913 614 951 Unum
635 915 696 948 est
714 911 821 959 apud
842 921 914 948 nos
935 911 1100 957 bonum,
1126 910 1347 948 honestum.
1389 909 1428 947 id
1449 919 1535 956 per-

280 968 415 1005 venire
435 967 483 1005 ad
506 967 650 1004 malum
666 976 743 1004 non
767 970 907 1013 potest.
938 965 1091 1003 desinet
1110 965 1210 1002 enim
1231 965 1355 1002 malus
1372 974 1482 1010 esse,
1504 964 1537 1001 si

281 1023 332 1059 ad
347 1022 453 1059 illum
466 1022 588 1058 virtus
605 1019 817 1058 intraverit.
849 1019 1035 1068 quamdiu
1050 1025 1178 1058 autem
1194 1020 1319 1057 malus
1335 1024 1406 1065 est,
1422 1028 1536 1055 nemo

281 1077 334 1114 illi
355 1077 450 1114 dare
464 1075 699 1112 beneficium
717 1078 865 1122 potest,
886 1074 978 1121 quia
992 1075 1096 1112 bona
1110 1075 1290 1121 malaque
1305 1073 1538 1111 dissentiunt

281 1141 355 1168 nee
375 1130 412 1167 in
433 1140 550 1168 unum
573 1134 684 1167 eunt=
711 1129 800 1166 ideo
820 1139 935 1166 nemo
955 1128 1009 1166 illi
1028 1129 1209 1176 prodest,
1240 1128 1332 1175 quia
1351 1127 1538 1176 quicquid

282 1186 332 1223 ad
348 1185 453 1222 illum
470 1183 666 1231 pervenit,
686 1183 726 1220 id
744 1192 865 1230 pravo
882 1193 958 1220 usu
974 1183 1255 1230 corrumpitur„
1280 1182 1535 1228 Quemadmo-

283 1240 374 1278 dum
403 1238 632 1277 stomachus
660 1237 797 1276 morbo
824 1237 980 1275 vitiatus
1004 1242 1043 1275 et
1064 1236 1254 1284 colligens
1274 1235 1410 1283 bilem,
1441 1245 1536 1283 quo-

283 1303 476 1341 scumque
502 1293 656 1340 accepit
682 1292 793 1330 cibos
816 1295 939 1330 mutat
958 1296 996 1329 et
1015 1301 1130 1330 omne
1148 1291 1369 1328 alimentum
1390 1290 1427 1327 in
1447 1300 1536 1328 cau-

285 1359 368 1387 sam
387 1347 536 1385 doloris
558 1346 688 1393 trahit,
719 1347 773 1384 ita
793 1346 945 1383 animus
968 1356 1129 1393 caecus,
1154 1345 1340 1394 quicquid
1359 1345 1412 1382 illi
1432 1354 1536 1382 com-

283 1402 460 1447 miseris,
487 1401 527 1439 id
555 1411 656 1439 onus
676 1411 791 1439 suum
811 1406 849 1439 et
867 1400 1080 1448 perniciem
1100 1405 1137 1438 et
1156 1398 1406 1438 occasionem
1421 1399 1537 1436 mise-

284 1458 366 1495 riae
386 1457 490 1494 facit.
526 1455 760 1493 felicissimis
775 1455 907 1503 itaque
924 1453 1311 1503 opulentissimisque
1332 1453 1538 1502 plurimum

285 1515 418 1550 aestus
452 1510 590 1548 subest
613 1509 823 1558 minusque
849 1519 894 1547 se
920 1509 1138 1556 inveniunt,
1173 1520 1251 1557 quo
1282 1510 1321 1546 in
1352 1508 1538 1546 maiorem

285 1566 484 1604 materiam
503 1564 735 1612 inciderunt,
757 1575 836 1612 qua
851 1564 1144 1603 fluctuarentur.
1180 1563 1283 1611 Ergo
1300 1563 1392 1600 nihil
1410 1566 1539 1610 potest

285 1621 336 1659 ad
356 1621 482 1658 malos
503 1619 727 1668 pervenire,
755 1619 862 1667 quod
883 1618 1026 1667 prosit,
1055 1619 1170 1656 immo
1189 1617 1300 1665 nihil,
1333 1617 1440 1665 quod
1459 1627 1538 1654 non

285 1679 438 1713 noceat.
485 1683 760 1721 quaecumque
787 1673 888 1711 enim
915 1673 991 1711 illis
1014 1673 1274 1720 contigerunt,
1303 1671 1342 1709 in
1362 1676 1537 1709 naturam

286 1740 398 1768 suam
423 1733 575 1766 vertunt
595 1733 633 1767 et
659 1733 770 1766 extra
797 1728 981 1776 speciosa
1007 1728 1307 1776 promtumque,
1335 1726 1368 1763 si
1388 1725 1538 1764 meliori

286 1785 489 1830 darentur,
518 1783 593 1820 illis
621 1782 809 1830 pestilera
838 1787 940 1821 sunt.
987 1782 1076 1821 ideo
1098 1792 1172 1820 nec
1193 1781 1424 1820 beneficium
1443 1780 1538 1817 dare

286 1843 473 1887 possunt,
507 1837 691 1885 quoniam
721 1846 834 1874 nemo
864 1841 1013 1885 potest,
1043 1837 1150 1885 quod
1169 1847 1248 1874 non
1267 1835 1402 1882 habet,
1430 1834 1536 1872 dare.

289 1894 366 1942 [hic
384 1891 656 1930 benefaciendi
675 1892 875 1929 voluntate
895 1895 1028 1938 caret.]

368 1947 466 1985 ΧΙΠ.
497 1945 577 1984 Sed
598 1945 776 1994 quamvis
792 1945 890 1984 haec
906 1947 956 1984 ita
972 1945 1066 1992 sint,
1088 1945 1267 1993 accipere
1283 1943 1395 1981 etiam
1411 1943 1537 1980 malus

289 2007 417 2040 tamen
429 2001 623 2048 quaedam
639 2005 780 2048 potest,
802 2010 903 2049 quae
917 2000 1120 2038 beneficiis
1136 1998 1274 2038 similia
1289 1998 1375 2043 sint,
1394 1997 1538 2045 quibus

289 2067 367 2094 non
384 2055 548 2093 redditis
564 2055 739 2102 ingratus
754 2055 838 2093 erit.
869 2054 967 2093 Sunt
980 2055 1096 2093 animi
1110 2055 1224 2099 bona,
1243 2057 1333 2090 sunt
1347 2052 1538 2100 eorporis,

290 2115 379 2148 sunt
394 2110 592 2148 fortunae:
621 2110 686 2147 illa
699 2110 815 2147 animi
833 2108 939 2148 bona
953 2120 977 2147 a
990 2110 1107 2148 stulto
1123 2118 1170 2146 ac
1183 2107 1285 2145 malo
1303 2107 1537 2145 submoven-

288 2170 363 2203 tur.
402 2164 451 2202 ad
471 2164 570 2202 haec
589 2164 817 2210 admittitur,
843 2173 945 2212 quae
965 2168 1003 2201 et
1020 2163 1199 2210 accipere
1219 2166 1348 2210 potest
1367 2166 1404 2200 et
1423 2161 1540 2199 debet

290 2218 468 2266 reddere,
489 2223 537 2266 et,
559 2218 592 2256 si
609 2229 685 2256 non
701 2218 847 2265 reddit,
867 2218 1042 2266 ingratus
1058 2221 1129 2257 est.
1160 2226 1232 2254 nec
1248 2216 1323 2254 hoc
1339 2226 1388 2253 ex
1404 2220 1539 2253 nostra

292 2276 437 2311 tantum
460 2272 754 2312 constitutione:
787 2272 1032 2321 Peripatetici
1051 2281 1228 2320 quoque,
1255 2270 1322 2319 qui
1346 2269 1537 2309 felicitatis
