1592 2580
300 185 353 225 56
666 181 709 219 L.
738 180 926 218 ANNAEI
955 179 1178 218 SENECAE

300 287 469 322 textatus
489 282 527 320 in
546 278 681 319 hostes
701 289 846 327 equum
864 279 1089 318 concitavit:
1117 290 1254 328 parum
1275 283 1352 324 est,
1385 279 1491 327 quod
1508 283 1550 317 ut

300 337 526 386 perveniret
553 336 604 373 ad
632 340 801 383 patrem,
829 339 885 372 tot
912 335 1085 382 pericula
1104 334 1298 372 maximos
1320 335 1440 371 duces
1461 344 1550 372 cum

300 392 468 429 maxime
484 390 701 438 prementia
718 389 970 436 contempsit,
995 393 1052 426 tot
1067 389 1271 436 obpositas
1288 388 1550 434 difficultates,

302 445 411 494 quod
438 445 489 482 ad
517 445 681 492 primam
710 453 881 491 pugnam
901 443 1074 480 exiturus
1094 442 1167 480 tiro
1191 453 1261 491 per
1279 447 1552 480 veteranorum

264 502 285 534 2
303 510 472 547 corpora
492 499 679 544 cucurrit,
711 498 815 545 quod
840 507 966 535 annos
987 507 1083 535 suos
1102 497 1341 535 transsilivit.
1370 497 1495 533 Adice
1510 499 1553 533 ut

301 555 405 592 idem
434 558 584 601 patrem
609 562 718 590 reum
748 552 932 589 defendat
951 556 988 589 et
1008 551 1287 599 conspiratIOni
1309 551 1552 589 inimicorum

302 608 518 656 potentium
546 607 704 654 eripiat,
740 611 783 644 ut
810 607 971 643 alterum
998 605 1051 643 illi
1072 606 1314 643 consulatum
1335 615 1381 642 ac
1400 605 1553 642 tertium

302 663 483 710 aliosque
499 662 670 700 honores
687 661 802 698 etiam
818 659 1091 698 consularibus
1108 659 1448 706 concupiscendos
1462 669 1554 696 con-

300 721 431 765 gerat,
465 721 507 754 ut
536 715 700 763 pauperi
726 719 859 762 raptas
887 714 977 752 belli
996 715 1078 752 iure
1101 724 1197 761 opes
1218 714 1345 751 tradat
1364 718 1418 760 et,
1447 712 1555 760 quod

303 776 363 809 est
382 770 612 809 militaribus
632 766 726 807 viris
743 768 1100 817 speciosissimum,
1121 767 1277 805 divitem
1294 767 1399 805 illum
1415 766 1554 814 spoliis

245 826 418 863 ›3etiam
445 825 654 862 hostilibus
684 824 810 861 saciat.
867 823 908 861 Si
938 823 1067 860 adhuc
1099 832 1235 869 parum
1263 826 1341 867 est,
1378 821 1490 858 adice
1515 823 1558 858 ut

304 879 528 928 provincias
559 883 597 916 et
625 878 934 916 extraordinaria
956 877 1118 924 imperia
1139 876 1347 914 continuet.
1385 876 1497 912 adice
1515 878 1558 912 ut

303 934 441 972 dirutis
470 933 649 971 maximis
677 933 839 971 urbibus
866 932 1031 970 Romani
1050 931 1202 978 imperii
1224 930 1308 968 sine
1333 930 1485 967 aemulo
1505 929 1557 966 ad

304 993 411 1027 ortus
440 997 691 1035 occasusque
719 987 871 1024 venturi
899 987 1084 1024 defensor
1111 991 1148 1024 et
1176 985 1352 1023 conditor
1371 983 1556 1021 maiorem

303 1042 543 1081 nobilitatem
559 1042 680 1079 nobili
694 1041 779 1078 viro
796 1041 949 1087 adiciat,
971 1040 1047 1078 dici
1063 1039 1261 1088 Scipionis
1279 1043 1447 1086 patrem:
1475 1040 1555 1084 [an]

305 1096 464 1135 dubium
493 1100 571 1143 est,
611 1095 704 1143 quin
733 1096 946 1142 generandi
973 1095 1134 1141 volgare
1162 1094 1395 1132 beneficium
1422 1092 1559 1129 vicerit

305 1151 448 1188 eximia
468 1151 593 1198 pietas
614 1154 652 1187 et
669 1149 792 1187 virtus
813 1149 890 1196 ipsi
909 1149 996 1187 urbi
1011 1149 1145 1186 nescio
1162 1153 1289 1186 utrum
1305 1147 1429 1184 maius
1444 1156 1558 1194 prae-

268 1208 289 1241 4
306 1205 448 1243 sidium
479 1204 663 1242 adferens
690 1214 739 1240 an
768 1203 919 1241 decus?
963 1202 1133 1249 Deinde,
1165 1202 1198 1240 si
1225 1202 1301 1239 hoc
1329 1212 1465 1248 parum
1486 1204 1558 1246 est,

304 1260 410 1307 finge
439 1259 608 1306 aliquem
634 1262 826 1296 tormenta
854 1257 974 1305 patris
1002 1256 1244 1294 discussisse
1261 1284 1270 1301 ,
1307 1255 1411 1302 finge
1443 1255 1482 1292 in
1513 1264 1558 1292 se

304 1313 566 1353 transtulisse.
613 1313 721 1350 Licet
738 1312 805 1349 tibi
824 1312 862 1348 in
884 1315 1068 1359 quantum
1089 1311 1186 1348 velis
1207 1310 1419 1347 extendere
1437 1308 1557 1346 bene-

305 1369 395 1406 ficia
422 1368 509 1414 filii,
540 1377 627 1404 eum
654 1371 858 1414 paternum
885 1376 1026 1404 munus
1055 1369 1093 1402 et
1121 1365 1288 1411 simplex
1308 1364 1357 1401 sit
1375 1367 1414 1400 et
1433 1362 1558 1409 facile,

305 1428 341 1461 et
359 1422 465 1460 danti
485 1421 766 1469 voluptarium,
787 1420 893 1467 quod
911 1430 1078 1457 necesse
1098 1423 1157 1456 est
1172 1419 1236 1456 ille
1249 1418 1379 1455 multis
1396 1417 1559 1463 dederit,

307 1476 422 1516 etiam
445 1475 588 1524 quibus
609 1475 770 1512 dedisse
794 1485 838 1512 se
859 1473 1001 1521 nescit,
1030 1474 1069 1512 in
1091 1484 1167 1520 quo
1189 1477 1410 1511 consortem
1430 1471 1559 1518 habet,

306 1532 344 1569 in
367 1542 445 1579 quo
466 1530 659 1578 spectavit
678 1530 804 1576 legem
825 1528 1008 1576 patriam,
1038 1528 1211 1575 praemia
1225 1531 1398 1575 patrum,
1419 1526 1558 1564 domus

308 1597 354 1623 ac
382 1586 551 1623 familiae
580 1584 898 1631 perpetuitatem,
928 1582 1058 1620 onmia
1079 1581 1209 1628 potius
1227 1591 1344 1629 quam
1366 1591 1474 1627 eum,
1497 1580 1559 1618 cui

271 1644 291 1677 5
308 1640 436 1677 dabat.
493 1639 591 1686 Quid
630 1638 663 1676 si
691 1637 779 1685 quis
807 1637 1040 1684 sapientiam
1069 1640 1305 1674 consecutus
1332 1634 1432 1672 hanc
1461 1634 1561 1681 patri

308 1694 529 1740 tradiderit,
559 1693 780 1731 etiamnunc
800 1691 1086 1739 disputabimus
1107 1701 1156 1727 an
1179 1690 1304 1727 maius
1324 1689 1472 1736 aliquid
1493 1689 1559 1726 de-

309 1748 410 1787 derit
439 1758 555 1796 quam
583 1750 810 1794 acceperat,
840 1757 927 1785 cum
951 1746 1066 1783 vitam
1084 1744 1239 1782 beatam
1258 1743 1357 1792 patri
1378 1742 1560 1781 reddide-

306 1804 376 1850 rit,
406 1802 603 1849 acceperit
621 1805 768 1839 tantum
788 1800 933 1839 vitam?

275 1866 292 1898 1
388 1857 559 1895 XXXIV.
588 1855 696 1903 „Sed
715 1855 859 1903 patris,
887 1854 1028 1902 inquit,
1048 1852 1279 1892 beneficium
1297 1857 1357 1890 est
1373 1851 1561 1899 quicquid

310 1917 513 1960 praestare
532 1911 585 1949 illi
607 1912 761 1958 potes.“
804 1910 852 1947 Et
872 1908 1140 1957 praeceptoris
1159 1906 1254 1952 mei,
1285 1906 1390 1953 quod
1410 1906 1560 1943 institu-

309 1967 359 2005 tis
379 1966 605 2004 liberalibus
629 1964 791 2013 profeci.
821 1964 932 2012 ipsos
959 1968 1108 2009 tamen,
1139 1961 1204 2008 qui
1223 1961 1464 1998 tradiderunt
1482 1959 1560 2006 illa,

310 2021 646 2065 transcendimus,
674 2019 810 2065 utique
837 2029 928 2065 eos,
966 2018 1032 2065 qui
1059 2016 1183 2064 prima
1207 2015 1398 2052 elementa
1417 2014 1561 2051 docue-

311 2080 418 2122 runt,
448 2079 487 2113 et
507 2073 686 2122 quamvis
714 2074 800 2111 sine
818 2073 894 2111 illis
914 2082 1029 2110 nemo
1052 2071 1259 2119 quicquam
1279 2068 1446 2114 adsequi
1467 2078 1560 2115 pos-

313 2134 391 2174 set,
412 2139 490 2167 non
508 2133 637 2167 tamen
656 2132 1012 2176 quantumcumque
1029 2125 1116 2173 quis
1132 2124 1344 2161 adsecutus
1362 2127 1440 2168 est,
1461 2123 1562 2159 infra

312 2183 401 2220 illos
432 2187 504 2221 est.
549 2183 713 2221 Multum
739 2182 838 2219 inter
865 2181 990 2228 prima
1015 2189 1062 2217 ac
1083 2177 1252 2215 maxima
1270 2177 1445 2215 interest.
1489 2185 1561 2214 nec

312 2235 402 2274 ideo
439 2237 563 2283 prima
594 2236 851 2274 maximorum
885 2235 1006 2273 instar
1037 2236 1146 2280 sunt,
1184 2231 1273 2278 quia
1308 2231 1394 2270 sine
1426 2229 1561 2279 primis

313 2290 482 2328 maxima
500 2300 592 2329 esse
611 2301 690 2329 non
710 2292 890 2338 possunt.
