1624 2626
320 196 455 237 DIAL.
480 197 557 236 IV.
600 196 668 237 DE
696 197 789 237 IRA
811 197 907 236 LIB.
935 197 983 236 11.
1008 202 1139 239 4-7.
1329 195 1383 238 57

85 303 128 338 tu
151 296 350 347 superbo,
383 295 500 346 quasi
525 297 782 346 magnificum
811 296 1002 346 quiddam
1031 295 1382 346 conspiciendum-

86 363 164 402 que
180 354 363 401 fecisset,
382 363 528 402 graece
546 353 829 402 proclamavit:
850 364 873 392 ο
887 363 969 392 rem
989 351 1167 402 reyiam!
1195 351 1298 401 Quid
1315 352 1383 392 hic

82 419 157 448 rex
176 409 369 448 fecisset?
395 409 484 448 Non
510 409 584 448 fuit
612 409 713 448 haec
740 409 916 456 ira„sed
935 409 1065 447 maius
1085 409 1233 447 malurn
1253 413 1294 448 et
1317 408 1376 449 in—

84 464 277 504 sanabile.

163 520 232 558 VI.
266 521 454 569 ‚‚Virtus‚
483 520 632 570 inquit,
662 525 707 560 ut
732 518 915 559 honestis
943 519 1067 559 rebus
1096 520 1273 570 propitia
1301 525 1375 568 est,
1395 526 1415 560 1

82 577 136 615 ita
162 577 348 625 turpibus
376 577 478 615 irata
507 587 602 616 esse
629 577 790 615 debet.“
819 575 924 624 Quid
951 576 987 615 si
1017 575 1173 615 dicatur
1192 576 1378 616 virtutem

81 637 122 671 et
147 631 335 671 humilem
362 637 401 672 et
425 643 610 681 magnam
631 643 726 671 esse
746 632 923 671 debere?
947 632 1058 681 atqui
1077 632 1155 671 hoc
1176 632 1283 679 dicit,
1309 631 1379 681 qui

82 688 189 727 illam
208 688 345 727 extolli
364 689 451 727 vult
469 694 509 728 et
528 689 719 737 deprImi,
740 687 930 738 quoniam
949 687 1099 727 laetitia
1119 688 1171 727 ob
1191 693 1300 726 recte
1319 688 1377 727 sa·

81 747 188 783 ctum
216 744 325 783 clara
349 744 648 794 magnificaque
676 749 755 792 est,
792 744 852 783 ira
877 744 929 783 ob
957 745 1131 782 alienum
1165 748 1379 794 peccatum

81 799 248 839 sordida
275 805 315 839 et
341 801 500 848 angusti
530 799 706 849 pectoris
734 805 808 839 est.
847 810 924 838 nec
949 810 1140 848 umquam
1161 799 1417 840 committetz

78 855 226 903 virtus,
248 860 292 895 ut
309 855 424 904 vitia,
447 856 541 895 dum
562 855 790 905 conpescit,
818 855 1012 895 imitetur=
1039 855 1171 905 ipsam
1190 856 1291 895 iram
1311 866 1377 894 ca-

81 911 306 959 stigandam
340 911 479 960 habet,
516 922 621 961 quae
653 912 775 951 nihilo
810 912 951 950 melior
985 916 1067 959 est,
1100 922 1225 961 saepe
1259 911 1376 950 etiam

81 967 197 1015 peior
224 967 288 1006 his
316 967 493 1015 delictis,
523 967 670 1016 quibus
700 967 899 1006 irascitur.
943 967 1129 1006 Gaudere
1157 967 1379 1016 laetarique

79 1021 288 1072 proprium
308 1028 347 1062 et
366 1023 545 1062 naturale
563 1023 718 1062 virtutis
738 1027 819 1061 est:
849 1022 969 1061 irasci
990 1033 1071 1060 non
1098 1027 1160 1061 est
1179 1033 1230 1061 ex
1250 1023 1376 1071 digni-

79 1083 161 1117 tate
179 1078 287 1127 eius,
312 1089 392 1117 non
412 1079 540 1127 magis
563 1090 682 1127 quam
703 1088 898 1117 moerere.
926 1079 1038 1127 atqui
1058 1077 1291 1117 iracundiae
1310 1079 1377 1118 tri-

79 1133 187 1173 stitia
205 1144 341 1174 comes
361 1138 477 1173 estet
495 1135 534 1172 in
555 1134 660 1173 hanc
676 1134 806 1173 omnis
823 1133 883 1172 ira
896 1135 963 1172 vel
979 1139 1074 1183 post
1089 1133 1377 1183 poenitentiam

76 1190 144 1228 vel
163 1194 260 1239 post
275 1190 479 1239 repulsam
499 1190 730 1229 revolvitur.
766 1190 817 1229 Et
843 1190 878 1228 si
898 1190 1093 1239 sapientis
1115 1195 1177 1229 est
1198 1190 1376 1239 peccatis
1390 1192 1415 1227 3

77 1245 220 1295 irasci,
249 1247 376 1295 magis
404 1247 600 1285 irascetur
619 1245 839 1285 maioribus
860 1250 900 1284 et
919 1256 1046 1295 saepe
1066 1246 1282 1286 irascetur:
1311 1256 1375 1285 se—

79 1302 231 1350 quitur,
259 1306 303 1341 ut
328 1313 409 1341 non
438 1306 590 1341 tantum
613 1302 738 1341 iratus
760 1301 812 1340 sit
830 1301 1017 1350 sapiens,
1046 1302 1120 1340 sed
1141 1301 1375 1341 iracundus.

77 1358 188 1406 atqui
216 1356 251 1396 si
279 1368 355 1397 nec
374 1369 556 1407 magnam
587 1358 686 1396 iram
716 1368 792 1396 nec
819 1358 1068 1406 frequentem
1097 1358 1137 1396 in
1157 1358 1290 1397 animo
1312 1369 1375 1397 sa·

76 1413 224 1461 pientis
252 1415 386 1453 locum
413 1414 563 1452 habere
583 1414 807 1460 credimus,
838 1413 935 1463 quid
964 1418 1045 1461 est,
1076 1424 1202 1462 quare
1221 1425 1303 1452 non
1324 1424 1376 1452 ex

77 1473 161 1508 toto
182 1469 291 1508 illum
309 1469 387 1509 hoc
408 1471 569 1509 adfectu
587 1470 834 1509 liberemus?
853 1470 998 1509 modus
1021 1470 1156 1517 [enim]
1180 1479 1275 1508 esse
1294 1480 1373 1508 non
1389 1478 1413 1514 4

77 1528 230 1573 potest,
258 1525 294 1563 si
322 1536 394 1574 pro
426 1526 529 1565 sacto
559 1526 758 1575 cuiusque
785 1526 1043 1565 irascendum
1070 1530 1146 1564 est.
1188 1536 1282 1564 nam
1309 1531 1378 1565 aut

77 1580 241 1629 iniquus
269 1581 361 1628 erit,
390 1582 424 1625 si
443 1581 665 1631 aequaliter
684 1582 880 1621 irascetur
899 1581 1056 1621 delictis
1077 1580 1372 1630 inaequalibuS,

78 1640 146 1674 aut
164 1636 516 1686 iracundissimus,
546 1638 580 1676 si
610 1637 754 1677 totiens
782 1638 1045 1677 excanduerit
1064 1637 1253 1687 quotiens
1272 1637 1374 1677 iram

27 1698 31 1702 ’
76 1693 234 1731 scelera
251 1692 479 1731 meruerint.

158 1747 245 1786 VII.
281 1747 331 1787 Et
359 1748 456 1797 quid
490 1747 694 1797 indignius
723 1760 843 1798 quam
869 1748 1064 1797 sapientis
1092 1749 1297 1788 adfectum
1322 1759 1406 1791 cxl

75 1802 207 1842 aliena
240 1804 419 1852 pendere
453 1803 660 1852 nequitia?
691 1804 850 1844 desinet
882 1804 948 1843 ille
984 1804 1207 1852 [Socrates]
1247 1814 1374 1853 posse

76 1859 261 1898 eumdem
288 1860 439 1898 voltum
472 1860 633 1899 domum
660 1860 831 1908 referre,
863 1871 983 1909 quem
1011 1861 1133 1900 domo
1164 1861 1373 1899 extulerat.

75 1914 185 1964 atqui
213 1916 248 1954 si
275 1914 396 1954 irasci
425 1915 591 1964 sapiens
618 1917 786 1964 turpiter
814 1916 930 1955 factis
962 1916 1083 1955 debet
1109 1921 1149 1955 et
1179 1916 1372 1954 concitari

75 1971 384 2020 contristarique
404 1971 455 2010 ob
476 1973 643 2019 scelera,
665 1972 762 2010 nihil
781 1977 844 2011 est
863 1973 1146 2011 aerumnosius
1167 1971 1370 2020 sapiente:

4 2059 5 2062 ,
74 2025 206 2066 omnis
236 2027 292 2066 illi
326 2038 398 2076 per
433 2027 682 2066 iracundiam
715 2038 1026 2076 moeroremque
1059 2028 1143 2066 vita
1174 2026 1369 2066 transibit.

5 2082 10 2085 Δ
75 2085 186 2133 quod
213 2083 318 2123 enim
343 2088 587 2122 momentum
608 2083 699 2131 erit,
728 2094 807 2131 quo
827 2095 909 2123 non
937 2083 1192 2132 inprobanda
1209 2083 1408 2123 videatzs

74 2140 259 2189 quotiens
280 2139 527 2188 processerit
546 2139 687 2187 domo,
717 2149 791 2187 per
811 2140 1034 2178 sceleratos
1059 2139 1115 2178 illi
1139 2149 1370 2188 avarosque

73 2201 113 2234 et
139 2195 335 2246 prodigos
362 2199 402 2234 et
427 2195 661 2244 inpudentis
691 2199 730 2233 et
756 2194 808 2232 ob
836 2195 913 2233 ista
939 2195 1079 2234 felices
1099 2194 1370 2234 incedendum

0 2242 21 2281 '⁷12
72 2252 158 2291 erit.
199 2262 401 2300 nusquam
430 2250 538 2290 oculi
569 2251 656 2289 eius
684 2250 915 2297 flectentur,
949 2255 993 2290 ut
1018 2261 1099 2290 non
1128 2251 1238 2299 quod
1265 2250 1368 2290 indi—

10 2319 16 2329 2
73 2312 244 2356 gnentur
266 2306 483 2346 inveniant.
521 2307 700 2354 deficiet,
729 2306 764 2344 si
785 2306 930 2345 totiens
951 2317 975 2345 a
994 2317 1040 2346 se
1058 2307 1156 2346 iram
1179 2307 1366 2355 quotiens

72 2373 196 2404 causa
221 2368 383 2413 poscet,
412 2362 600 2412 exegerit.
645 2362 757 2402 Haec
783 2366 841 2401 tot
866 2362 973 2402 milia
1000 2362 1052 2402 ad
1080 2363 1212 2403 forum
1237 2363 1403 2414 primas
