1592 2580
313 171 498 211 NATUR.
520 170 733 219 QUAEST.
765 171 860 210 LIB.
878 170 943 209 ΙΙΙ.
974 175 1032 209 25.
1051 174 1109 211 26.
1272 167 1355 210 229

70 277 161 314 lacu
188 271 356 320 vehitur,
386 271 463 310 alia
488 271 528 310 in
558 271 648 311 lacu
668 270 904 311 Statoniensi
924 276 1000 311 est.
1050 270 1278 310 Cutiliarum
1298 271 1355 309 in-

71 332 160 370 sula
183 329 350 368 arbores
369 327 491 366 habet
509 333 548 367 et
567 326 713 366 herbas
733 327 873 367 nutrit=
901 332 1034 366 tamen
1057 336 1166 377 aqua
1184 327 1355 366 sustine-

69 392 133 426 tur
152 385 248 425 etin
267 384 371 423 hanc
390 388 511 432 atque
531 383 638 422 illam
659 388 813 432 partem
835 394 915 423 non
935 389 1056 422 vento
1083 387 1254 432 tantum,
1284 383 1359 421 sed

69 452 167 481 aura
185 440 434 489 conpellitur,
455 449 532 478 nec
548 450 741 489 umquam
755 439 810 478 illi
826 450 900 488 per
914 438 1020 478 diem
1037 449 1086 478 ac
1100 443 1259 478 noctem
1273 448 1356 477 uno

69 499 160 537 loco
190 496 308 536 statio
341 500 424 535 est:
452 495 556 535 adeo
590 500 772 535 movetur
802 494 882 534 levi
914 494 1026 534 flatu.
1070 495 1174 534 Huic
1206 494 1394 544 duplex9

69 563 195 592 causa
220 557 302 591 est:
337 562 468 601 aquae
493 551 668 600 gravitas
694 551 938 599 medicatae,
968 551 1022 591 ob
1048 550 1128 590 hoc
1155 550 1357 599 pondero-

71 619 162 656 sae,
201 613 242 647 et
262 607 394 657 ipsius
421 608 578 646 insulae
605 607 773 647 materia
798 606 1029 655 vectabitis,
1061 617 1166 656 quae
1195 617 1275 646 non
1297 612 1360 645 est

71 663 256 713 corporis
271 663 409 711 solidi,
432 662 616 712 quamvis
633 663 801 702 arbores
817 664 909 702 alat.
938 664 1112 702 fortasse
1127 663 1231 701 enim
1246 664 1359 701 leves

70 726 236 760 truncos
256 719 506 768 frondesque
524 719 563 757 in
585 719 676 758 lacu
691 730 860 768 sparsas
876 718 1037 768 pinguis
1053 719 1199 758 humor
1213 718 1358 767 adpre-

70 775 210 815 hendit
236 786 284 815 ac
312 775 450 814 vinxit.
497 775 637 824 Itaque
666 774 786 814 etiam
812 775 848 814 si
869 785 951 824 qua
976 774 1017 813 in
1042 775 1111 813 illa
1130 785 1232 813 saxa
1254 779 1415 822 sunt,10

71 831 253 871 invenies
282 842 441 880 aquosa
468 836 508 871 et
532 830 737 880 fistulosa,
776 830 909 880 qualia
936 835 1030 870 sunt
1057 841 1163 880 quae
1192 830 1360 870 duratus

71 889 216 927 humor
244 887 386 935 efficit,
419 887 557 936 utique
584 886 693 926 cuca
717 887 1008 926 medicatorum
1035 886 1203 925 fonu’um
1235 886 1360 925 rivos.

74 953 202 993 quare
228 943 297 982 ubi
321 948 584 992 purgamenta
602 953 799 992 aquarum
818 944 1052 983 coaluerunt
1071 946 1111 981 et
1129 953 1275 992 spuma
1294 953 1360 981 so—

73 999 239 1045 lidatur,
270 999 503 1038 necessario
531 999 622 1037 leve
648 1003 730 1046 est,
758 999 869 1048 quod
896 1009 949 1037 ex
973 1002 1147 1038 ventoso
1170 998 1362 1047 inanique

75 1059 307 1111 concretum
335 1060 410 1094 est.
470 1054 807 1102 Quorumdam
849 1065 1006 1094 causa
1047 1065 1145 1093 non
1187 1054 1414 1104 potestll

71 1111 237 1150 reddi:
271 1121 396 1159 quare
423 1121 529 1159 aqua
555 1110 724 1150 Nilotica
750 1110 1008 1150 fecundiores
1037 1109 1208 1149 seminas
1227 1109 1360 1156 faciat,

72 1167 176 1207 adeo
197 1170 241 1206 ut
260 1167 522 1215 quarumdam
542 1167 700 1205 viscera
718 1166 842 1215 longa
856 1165 1064 1205 sterilitate
1081 1166 1294 1215 praeclusa
1308 1166 1362 1204 ad

74 1226 314 1273 conceptum
343 1221 596 1261 relaxaverit.
636 1233 760 1271 quare
788 1222 988 1271 quaedam
1013 1222 1051 1260 in
1080 1221 1207 1272 Lycia
1229 1231 1362 1270 aquae

75 1284 314 1328 conceptum
347 1277 582 1317 seminarum
614 1277 866 1326 custodiant,
905 1289 1009 1327 quas
1043 1278 1176 1317 solent
1209 1283 1359 1326 petere,

76 1336 223 1384 quibus
246 1345 386 1384 parum
405 1339 527 1374 tenax
545 1335 667 1372 vulva
684 1338 759 1373 est.
808 1334 924 1382 Quod
944 1333 995 1372 ad
1017 1344 1082 1372 me
1101 1333 1264 1380 adtinet,
1286 1343 1360 1381 po-

74 1402 127 1430 no
149 1392 225 1429 ista
244 1390 346 1430 inter
361 1395 511 1429 temere
523 1391 699 1438 volgata.
729 1388 928 1428 Creditum
946 1395 1008 1428 est
1020 1389 1218 1438 quasdam
1233 1398 1361 1437 aquas

76 1447 253 1486 scabiem
279 1446 439 1484 adferre
457 1445 719 1495 corporibus,
750 1446 948 1495 quasdam
966 1445 1199 1493 vitiliginem
1219 1449 1257 1483 et
1277 1445 1362 1483 foe-

76 1503 169 1541 dam
196 1512 247 1540 cx
267 1501 359 1541 albo
380 1502 633 1548 varietatem,
664 1501 750 1540 sive
769 1501 904 1540 infusa
922 1502 1009 1540 sive
1030 1505 1125 1550 pota
1144 1500 1216 1539 sit:
1251 1499 1363 1549 quod

5 1570 7 1575 ·
79 1558 216 1597 vitium
243 1556 381 1596 dicunt
402 1556 551 1596 habere
573 1568 719 1607 aquam
740 1568 762 1596 e
781 1568 873 1597 rore
894 1557 1116 1596 collectam.
1166 1555 1262 1604 Quis
1282 1559 1417 1595 non12

5 1622 7 1632 ³
76 1612 339 1662 gravissimas
367 1623 468 1662 esse,
489 1623 617 1662 aquas
641 1613 800 1660 credat,
830 1623 935 1662 quae
952 1613 994 1650 in
1014 1612 1249 1663 crystallum
1269 1621 1362 1651 coe·

4 1703 5 1712 ,
76 1673 173 1708 unt?
200 1673 340 1708 contra
352 1673 483 1707 autem
500 1674 581 1708 est:
608 1669 853 1708 tenuissimis
869 1668 975 1707 enim
990 1668 1068 1708 hoc
1084 1667 1237 1716 evenit,
1260 1677 1362 1717 quas

78 1725 204 1773 frigus
235 1724 285 1763 ob
313 1724 444 1774 ipsam
470 1724 700 1764 tenuitatem
723 1724 908 1763 facillime
930 1725 1048 1772 gelat.
1094 1723 1211 1762 Unde
1230 1728 1363 1762 autem

78 1781 148 1819 fiat
174 1780 373 1820 eiusmodi
401 1779 526 1829 lapis,
553 1780 664 1829 apud
692 1780 869 1819 Graecos
898 1790 949 1818 ex
980 1780 1072 1828 ipso
1102 1779 1264 1817 nomine
1291 1779 1362 1817 ad·

78 1841 214 1885 paret=
250 1830 653 1886 κρύσταλλονοῐιίηι
681 1836 886 1884 adpellant
910 1845 1041 1884 aeque
1060 1834 1167 1873 hunc
1190 1835 1362 1883 perluci-

78 1893 175 1931 dum
193 1891 368 1941 lapidem
390 1902 511 1940 quam
529 1892 635 1930 illam
655 1891 842 1940 glaciem,
873 1902 924 1930 ex
946 1902 1027 1939 qua
1044 1890 1132 1929 fieri
1151 1889 1255 1939 lapis
1276 1901 1361 1929 cre·

78 1948 196 1987 ditur.
234 1958 341 1996 aqua
359 1947 463 1986 enim
483 1948 670 1987 coelestis
693 1946 895 1986 minimum
916 1947 955 1985 in
975 1957 1021 1985 se
1041 1945 1189 1985 terreni
1207 1945 1362 1985 habens

79 2015 171 2043 cum
185 2003 380 2051 induruit,
400 2002 592 2052 longioris
609 2002 769 2051 frigoris
786 2002 1004 2051 pertinacia
1020 2002 1220 2051 spissatur
1235 2003 1362 2051 magis

80 2070 130 2098 ac
154 2059 302 2108 magis,
333 2059 462 2098 donec
481 2059 588 2097 omni
607 2060 701 2097 aere
722 2059 889 2097 excluso
911 2058 950 2096 in
972 2069 1018 2097 se
1037 2062 1120 2097 tota
1140 2068 1364 2108 conpressa

80 2120 143 2154 est
162 2119 201 2154 et
219 2115 363 2154 humor
384 2115 451 2164 qui
472 2115 620 2162 fuerat,
647 2114 751 2163 lapis
772 2113 942 2152 effectus
962 2119 1036 2153 est.

163 2169 303 2210 XXVI.
339 2172 553 2210 Aestate
588 2169 832 2218 quaedam
863 2170 1073 2209 flumina
1101 2175 1398 2220 augentur,l

81 2230 126 2265 ut
151 2225 283 2273 Nilus,
321 2227 436 2266 cuius
465 2227 564 2265 alias
590 2226 692 2265 ratio
720 2225 923 2264 reddetur.
974 2225 1275 2275 Theophrastus
1301 2232 1363 2266 est

83 2286 242 2328 auctor,
270 2282 311 2321 in
336 2282 462 2322 Ponto
494 2292 658 2331 quoque
686 2281 884 2330 quosdam
903 2291 1044 2321 amnes
1064 2292 1246 2321 crescere
1265 2287 1360 2321 tem·

83 2347 185 2387 pore
199 2337 366 2378 aestivo.
399 2343 570 2388 quatuor
587 2347 680 2377 esse
695 2337 871 2378 iudicant
886 2347 1052 2378 causas:
1080 2344 1148 2379 aut
1162 2338 1255 2389 quia
1268 2343 1364 2379 tunc
1390 2373 1393 2375 .
