1624 2626
275 178 409 219 DIAL.
426 179 475 218 V.
518 178 586 219 DE
612 178 704 219 IRA
730 179 825 219 LIB.
853 179 918 219 ΠΙ.
946 184 1120 220 41-43,
1268 178 1342 221 111

74 283 223 322 interve
297 291 317 319 s
348 281 458 319 ferae
486 281 680 320 latronem
708 281 981 331 viatoremque
1009 282 1171 322 diducit.
1209 285 1347 323 conlu-

73 337 168 377 ctari
185 347 234 375 cu
265 343 270 345 ’
289 335 507 375 minoribus
522 337 636 376 malis
657 348 738 375 non
753 342 879 385 vacat,
899 337 966 377 ubi
987 343 1116 377 metus
1132 339 1259 379 maior
1278 340 1349 378 ad-

70 392 221 444 paruit:
250 392 347 440 quid
366 391 484 431 nobis
503 402 594 430 cum
613 392 866 432 dimicatione
886 399 926 432 et
944 393 1129 433 insidiis‘.2
1155 395 1350 444 numquid

72 446 242 497 amplius
261 447 327 486 isti
348 448 411 486 cui
431 447 632 494 irasceris,
664 459 784 496 quam
803 454 969 488 mortem
990 454 1134 498 optas?
1164 451 1281 489 etiam
1308 455 1349 489 te

71 503 303 554 quiescente
331 503 533 542 morietur.
563 503 701 552 perdis
720 514 887 553 operas:
915 505 1050 544 facere
1067 505 1130 544 vis
1157 507 1267 554 quod
1288 507 1346 544 fu-

68 565 199 599 turum
219 563 292 597 est.
319 558 459 607 ,‚Nolo‚
481 559 628 608 inquis,
649 558 787 608 utique
807 560 1003 608 occidere,
1025 561 1100 599 sed
1120 562 1252 608 exilio,
1275 562 1348 601 sed
1368 564 1390 598 4

68 613 296 664 ignominia,
326 615 399 653 sed
420 615 566 654 damno
587 615 802 653 adficere.“
845 616 974 666 Magis
1002 616 1171 665 ignosco
1200 618 1248 665 ei,
1280 618 1348 667 qui

66 672 212 710 volnus
240 670 385 708 inimici
415 681 535 720 quam
558 670 626 720 qui
646 672 831 719 pusulam
858 673 1125 721 concupiscit=
1152 673 1217 712 hic
1244 674 1348 713 enim

67 737 147 766 non
167 730 315 765 tantum
339 726 432 764 mali
451 726 571 765 animi
598 731 671 774 est,
700 727 774 765 sed
801 728 947 776 pusilli.
1000 727 1094 767 Sive
1123 729 1173 767 de
1202 730 1348 769 ultimis

70 780 282 831 suppliciis
304 782 457 829 cogitas
477 782 564 820 sive
584 782 635 820 de
654 783 892 822 levioribus=
915 785 1150 833 quantulum
1170 791 1232 824 est
1251 791 1347 825 tem-
1383 794 1386 796 ·

67 838 191 888 poris,
217 847 297 886 quo
326 842 394 875 aut
419 837 484 876 ille
512 848 646 886 poena
674 849 750 877 sua
776 843 1010 888 torqueatur
1036 844 1104 878 aut
1130 844 1174 879 tu
1201 842 1347 880 malum

67 893 257 943 gaudium
276 903 327 932 ex
343 892 474 931 aliena
489 892 719 942 percipias?
747 895 827 933 Iam
849 895 968 934 istum
988 895 1168 944 spiritum
1185 898 1346 946 exspui-

66 960 155 988 mus
177 948 343 995 interim,
365 949 459 987 dum
479 948 685 988 trahimus.
739 950 842 988 Dum
869 950 972 990 inter
991 950 1173 991 homines
1195 963 1346 1000 sumus,
1366 957 1388 990 5

67 1005 247 1044 colamus
266 1003 562 1052 humanitatem,
591 1015 672 1043 non
698 1005 829 1044 timori
849 1006 1046 1054 cuiquam,
1067 1017 1147 1046 non
1168 1008 1347 1056 periculo

66 1062 206 1100 simus.
245 1059 492 1107 detrimenta,
520 1059 698 1108 iniurias,
729 1061 924 1109 convicia,
947 1062 1224 1102 vellicationes
1251 1074 1346 1102 con-

63 1122 286 1155 temnamus
315 1121 354 1154 et
379 1125 525 1164 magno
553 1115 685 1155 animo
712 1116 850 1155 brevia
877 1117 1052 1157 feramus
1080 1118 1346 1159 incommoda.

63 1173 166 1211 Dum
183 1169 438 1220 respicimus,
461 1171 570 1221 quod
589 1171 710 1221 aiunt,
738 1183 1032 1222 versamusque
1051 1185 1139 1223 nos,
1161 1175 1347 1215 inmorta-

66 1228 154 1266 litas
174 1225 311 1266 aderit.

451 1435 496 1489 11·
527 1433 710 1490 ΑΝΝᾹΕΙ
735 1434 960 1490 SENECAE

276 1524 763 1590 DIALOGORUM
802 1527 1026 1589 LIBER
1062 1527 1146 1588 vl.

569 1627 627 1659 AD
650 1627 849 1661 MARCIAM

496 1706 553 1751 ΒΕ
577 1707 923 1754 ΒθΝΒθιΑΤΙθΝΕ.

150 1885 179 1923 1.
209 1885 294 1925 Nisi
310 1890 359 1932 te,
380 1886 542 1934 Marcia,
563 1886 707 1926 scirem
721 1891 800 1926 tam
815 1888 935 1936 longe
951 1888 1000 1926 ab
1018 1887 1243 1926 infirmitate
1262 1898 1345 1926 mu-
1365 1895 1383 1929 1

69 1940 204 1980 liebris
233 1942 351 1980 animi
380 1954 499 1991 quam
527 1953 551 1980 a
578 1943 720 1981 ceteris
746 1943 851 1982 vitiis
884 1944 1109 1992 recessisse
1144 1947 1183 1981 et
1209 1953 1343 1982 mores

68 2001 160 2035 tuos
184 1998 290 2036 velut
318 1998 479 2047 aliquod
501 1999 707 2047 antiquum
733 1999 938 2048 exemplar
965 1999 1133 2047 adspici,
1162 2009 1242 2038 non
1273 2010 1342 2037 au-

70 2053 205 2090 derem
221 2053 378 2092 obviam
394 2055 451 2092 ire
468 2054 597 2093 dolori
612 2059 693 2102 tuo,
713 2055 777 2093 cui
792 2055 864 2093 viri
881 2065 1043 2103 quoque
1063 2054 1231 2093 libenter
1247 2054 1340 2093 hae-

0 2121 3 2127 ’
69 2112 157 2147 rent
176 2112 214 2147 et
231 2109 429 2157 incubant,
451 2120 525 2148 nec
547 2121 661 2158 spem
682 2110 961 2159 concepissem
984 2115 1063 2148 tam
1082 2109 1217 2159 iniquo
1243 2114 1341 2149 tem-

5 2187 10 2192 ·
71 2173 183 2212 pore,
202 2168 282 2203 tam
299 2165 456 2204 inimico
476 2166 618 2213 iudice,
638 2171 715 2204 tam
735 2165 935 2204 invidioso
952 2165 1114 2204 crimine
1131 2177 1256 2215 posse
1276 2177 1341 2204 me

71 2220 244 2268 efficere,
263 2225 308 2260 ut
325 2221 522 2261 fortunam
543 2228 648 2261 tuam
667 2222 915 2260 absolveres.
952 2221 1137 2261 fiduciam
1157 2222 1251 2260 mihi
1271 2222 1339 2260 de-

72 2275 130 2315 dit
155 2278 403 2326 exploratum
427 2278 507 2317 iam
535 2277 659 2317 robur
686 2277 805 2316 animi
833 2282 872 2316 et
898 2288 1042 2326 magno
1069 2279 1340 2327 experimento

73 2332 295 2381 adprobata
308 2333 432 2373 virtus
449 2338 528 2373 tua.
565 2334 650 2374 Non
667 2339 728 2372 est
746 2334 934 2382 ignotum,
957 2333 1113 2382 qualem
1132 2339 1171 2374 te
1190 2334 1228 2372 in
1249 2344 1338 2384 per·
1359 2337 1382 2371 2
