1592 2580
349 160 417 202 DE
444 160 724 200 BENEFICIIS
753 159 849 199 LIB.
865 159 932 199 111.
960 164 1135 201 33—36.
1331 158 1386 200 57

187 261 346 302 XXXV.
382 262 464 301 Iam
492 267 651 311 tempus
680 267 744 301 est
770 262 969 311 quaedam
995 272 1046 301 ex
1075 267 1237 310 nostra,
1266 266 1310 302 ut
1336 262 1426 301 ital

108 318 256 363 dicam,
286 324 447 357 moneta
473 318 658 367 proferri.
705 318 779 366 Qui
807 318 848 356 id
875 317 1116 357 beneficium
1144 318 1274 365 dedit,
1307 329 1388 368 quo

105 379 170 414 est
195 373 346 423 aliquid
373 373 537 422 melius,
569 378 703 423 potest
727 373 847 412 vinci.
885 378 1001 423 pater
1021 374 1134 413 dedit
1149 373 1232 413 filio
1254 374 1387 414 vitam.

106 435 169 469 est
187 435 318 468 autem
338 430 490 478 aliquid
509 429 591 468 vita
609 429 773 468 melius:
802 430 856 468 ita
873 435 988 479 pater
1002 430 1110 468 vinci
1127 434 1272 479 potest,
1294 429 1404 480 quia,

106 486 217 524 dedit
235 485 494 534 beneficium,
518 497 599 535 quo
619 491 682 525 est
695 485 848 535 aliquid
862 485 1020 524 melius.
1066 486 1304 525 Etiamnunc
1321 486 1388 535 qui
1404 491 1426 524 2

106 541 217 580 dedit
233 541 352 580 alicui
372 541 491 580 vitam
504 572 513 589 ‚
542 542 577 580 si
596 542 722 580 semel
743 546 782 580 et
800 541 942 580 iterum
962 541 1154 580 liberatus
1172 547 1234 581 est
1248 542 1388 581 mortis

106 597 305 646 periculo,
342 597 470 636 maius
499 598 656 646 accepit
690 597 928 636 beneficium
963 607 1080 646 quam
1116 598 1238 636 dedit.
1274 603 1389 646 pater

106 658 236 692 autem
257 653 375 692 vitam
394 653 520 692 dedit:
549 658 684 702 potest
703 663 820 702 ergo,
847 653 881 691 si
901 653 1066 701 saepius
1088 654 1265 702 periculo
1282 664 1388 692 mor-

103 709 155 747 tis
171 709 358 748 liberatus
375 719 400 747 a
414 709 495 748 filio
513 709 646 755 fuerit,
667 708 798 748 maius
811 708 1050 748 beneficium
1066 709 1253 758 accipere
1268 720 1387 758 quam

107 764 229 803 dedit.
278 764 353 812 Qui
371 764 612 804 beneficium
632 764 797 813 accipit,
826 765 955 803 maius
975 764 1139 813 accipit,
1163 776 1244 814 quo
1260 765 1387 813 magis
1404 771 1427 805 3

107 831 156 859 eo
176 819 337 869 indiget.
376 820 505 868 magis
525 825 657 859 autem
675 820 828 869 indiget
844 820 938 867 vita,
959 820 1028 869 qui
1048 821 1155 867 vivit,
1177 832 1297 870 quam
1319 822 1388 870 qui

106 880 224 915 natus
243 887 323 915 non
344 881 425 923 est,
452 883 496 915 ut
515 876 584 925 qui
604 888 655 915 ne
679 875 862 924 indigere
877 876 1039 924 quidem
1057 876 1219 915 omnino
1239 877 1388 925 possit:

108 931 237 971 maius
267 942 364 980 ergo
390 932 629 971 beneficium
649 931 795 980 accipit
814 936 948 980 pater,
980 931 1016 970 si
1035 932 1156 971 vitam
1176 943 1201 970 a
1219 932 1302 971 filio
1323 942 1388 971 ac-

108 987 221 1036 cipit,
252 999 371 1036 quam
399 987 506 1027 filius
535 998 560 1026 a
587 993 720 1036 patre,
753 987 864 1036 quod
884 992 1002 1027 natus
1023 993 1098 1027 est.
1145 987 1299 1036 „Patris
1319 988 1428 1028 bei-4

108 1043 252 1082 neficia
276 1044 382 1082 vinci
411 1055 435 1082 a
461 1043 531 1082 filii
553 1043 761 1082 beneficiis
780 1054 861 1082 non
880 1048 1067 1092 possunt.
1114 1048 1268 1092 quare?
1296 1043 1390 1093 quia

105 1098 226 1138 vitam
254 1098 410 1148 accepit
437 1110 462 1138 a
479 1104 612 1148 patre:
645 1109 762 1147 quam
787 1098 866 1137 nisi
887 1099 1134 1147 accepisset,
1164 1100 1273 1138 nulla
1293 1099 1389 1138 dare

106 1153 303 1193 beneficia
324 1154 562 1203 potuisset.“
607 1155 694 1193 Hoc
718 1164 928 1193 commune
949 1160 1011 1193 est
1031 1155 1133 1204 patri
1154 1165 1243 1193 cum
1264 1155 1388 1194 omni-

106 1210 201 1258 bus,
233 1210 299 1259 qui
318 1211 439 1248 vitam
459 1210 578 1249 alicui
598 1210 808 1249 dederunt.
845 1221 927 1250 non
950 1212 1180 1259 potuissent
1201 1211 1304 1249 enim
1325 1222 1388 1249 re-

107 1267 211 1306 ferre
239 1266 424 1315 gratiam,
460 1266 537 1304 nisi
565 1266 687 1305 vitam
707 1266 983 1315 accepissent:
1013 1276 1111 1315 ergo
1133 1277 1208 1305 nec
1227 1267 1387 1306 medico

107 1322 146 1360 in
174 1323 303 1362 maius
328 1322 455 1372 gratia
472 1321 611 1360 referri
631 1327 779 1371 potest.
814 1323 918 1362 solet
937 1322 1043 1361 enini
1062 1321 1245 1361 medicus
1266 1323 1387 1361 vitam

107 1379 216 1418 dare.
253 1389 328 1417 nec
347 1384 509 1426 nautae,
542 1378 576 1416 si
596 1379 834 1426 naufragum
853 1378 1027 1417 sustulit.
1057 1378 1167 1426 atqui
1187 1383 1226 1416 et
1244 1377 1389 1416 horum

107 1439 148 1471 et
172 1434 358 1482 aliorum,
387 1434 456 1484 qui
483 1434 618 1483 aliquo
646 1434 767 1472 modo
789 1434 907 1473 nobis
929 1434 1051 1472 vitam
1072 1433 1289 1481 dederunt,
1318 1433 1387 1472 be-

107 1489 252 1528 neficia
277 1488 384 1528 vinci
413 1494 606 1538 possunt:
636 1499 732 1538 ergo
762 1494 803 1528 et
823 1493 981 1538 patrum
1001 1492 1186 1539 possunt.
1235 1488 1277 1527 Si
1298 1489 1388 1538 quis
1405 1499 1426 1531 5

109 1544 202 1582 mihi
227 1544 465 1584 beneficium
495 1545 625 1592 dedit,
665 1546 775 1594 quod
813 1546 1026 1584 multorum
1066 1544 1275 1583 beneficiis
1318 1544 1387 1583 ad-

109 1600 324 1639 iuvandum
357 1605 483 1648 esset,
519 1611 595 1649 ego
614 1606 746 1640 autem
766 1601 820 1639 illi
847 1600 1087 1640 beneficium
1115 1599 1211 1639 dedi
1238 1599 1386 1648 idsem]‚

111 1656 221 1704 quod
245 1656 392 1695 nullius
421 1661 557 1704 egeret
581 1657 799 1704 adiutorio,
827 1656 956 1695 maius
977 1655 1072 1695 dedi
1093 1667 1214 1705 quam
1234 1656 1387 1705 accepi.

110 1716 224 1760 pater
240 1712 323 1750 filio
345 1712 463 1750 vitam
485 1711 596 1751 dedit
615 1713 850 1761 perituram,
877 1712 955 1752 nisi
975 1713 1098 1751 multa
1117 1711 1391 1750 accessissent

111 1778 215 1816 quae
247 1767 355 1806 illam
381 1772 594 1806 tuerentur.
636 1767 742 1806 filius
770 1768 873 1816 patri
900 1768 935 1806 si
963 1768 1074 1806 dedit
1101 1768 1242 1815 vitam,
1279 1767 1390 1806 dedit

110 1833 216 1871 eam,
247 1834 351 1872 quae
377 1823 523 1862 nullius
552 1823 801 1861 desideraret
827 1823 1020 1863 auxilium
1046 1824 1086 1861 in
1105 1823 1202 1869 hoc,
1233 1827 1278 1861 ut
1296 1833 1388 1872 per-

109 1884 306 1918 maneret:
335 1889 432 1927 ergo
454 1879 582 1917 maius
603 1878 843 1917 beneficium
863 1880 1022 1928 accepit
1035 1879 1156 1917 afilio
1171 1883 1297 1927 pater,
1320 1878 1388 1927 qui

107 1935 226 1974 vitam
247 1934 421 1984 accepit,
453 1945 571 1983 quam
591 1934 680 1982 ipse
701 1934 756 1973 illi
776 1934 899 1973 dedit.

188 1990 363 2028 XXXVI.
397 1991 507 2028 Haec
530 2001 610 2029 non
633 1990 843 2028 destruunt
862 1994 1068 2039 parentum
1088 1990 1384 2028 venerationem
1404 2001 1424 2035 l

108 2056 183 2085 nec
202 2045 422 2085 deteriores
443 2045 521 2084 illis
541 2046 690 2084 liberos
710 2045 878 2091 faciunt,
907 2045 1027 2084 immo
1043 2045 1164 2084 etiam
1178 2045 1385 2084 meliores:

110 2107 251 2141 natura
276 2103 380 2140 enirn
407 2102 585 2150 gloriosa
613 2101 739 2140 virtus
770 2106 832 2139 est
858 2105 898 2139 et
915 2102 1067 2139 anteire
1087 2100 1245 2149 priores
1266 2101 1385 2150 cupit.

109 2157 291 2197 Alacrior
317 2158 391 2196 erit
419 2158 568 2206 pietas,
599 2157 632 2195 si
662 2156 715 2194 ad
740 2156 950 2194 reddenda
974 2156 1174 2195 beneficia
1192 2167 1281 2195 cum
1302 2156 1384 2195 vin-

111 2213 228 2252 cendi
248 2223 323 2262 spe
341 2213 508 2252 venerit.
556 2211 663 2261 Ipsis
683 2211 863 2260 patribus
884 2211 926 2249 id
939 2211 1168 2250 volentibus
1187 2213 1386 2261 laetisque

112 2269 337 2317 contigerit,
362 2269 548 2317 quoniam
566 2269 757 2316 pleraque
772 2271 884 2313 sunt,
905 2266 944 2304 in
962 2267 1107 2315 quibus
1124 2273 1262 2308 nostro
1276 2268 1385 2309 bono

111 2322 317 2364 vincimur.
358 2325 474 2364 Unde
491 2330 691 2364 certamen
705 2327 785 2362 tam
806 2322 1010 2372 optabile?
1035 2323 1144 2363 unde
1162 2328 1310 2363 tantam
1330 2325 1384 2363 l'e-
1400 2329 1424 2363 2
