1624 2626
231 178 301 216 AD
322 175 581 216 pomarum
598 176 664 216 DE
686 175 1081 216 consotArmNE.
1102 182 1157 218 18.
1177 144 1184 149 Χ
1251 175 1334 217 237

138 278 267 327 Haec,
285 283 504 327 utcumque
521 276 646 327 potui,
666 277 788 326 longo
807 276 885 316 iam
904 277 984 316 situ
1004 276 1191 316 obsoleto
1209 281 1248 316 et
1265 276 1334 316 he-
1350 276 1373 311 9

57 335 190 374 betato
219 332 352 373 animo
381 333 594 382 conposui.
636 332 805 382 quaesi
833 337 901 372 aut
921 344 1063 382 parurn
1082 333 1338 382 respondere

56 389 218 439 ingenio
247 394 316 429 tuo
345 394 414 428 aut
433 392 571 438 parum
591 389 741 427 mederi
762 389 892 428 dolori
909 389 1170 436 videbuntur,
1192 388 1337 438 cogita,

56 455 191 496 quam-
207 456 289 484 non
323 445 455 494 possit
482 445 518 483 is
546 445 702 483 alienae
725 454 874 483 vacare
893 445 1182 493 consolationi,
1203 448 1339 494 'quem

55 511 132 540 sua
150 502 255 540 mala
273 506 513 549 occupatum
532 504 691 549 tenent,
719 504 760 539 et
784 511 903 549 quam
921 508 1002 539 non
1023 500 1143 540 facile
1160 501 1283 539 latina
1301 501 1339 539 ei

53 557 204 597 homini
230 556 355 596 verba
383 561 640 603 succurrant,
678 566 798 605 quem
822 556 1085 595 barbarorum
1106 556 1337 596 inconditus

0 649 1 666 ἒ
55 618 94 651 et
111 612 297 652 barbaris
315 623 481 662 quoque
499 611 803 652 humanioribus
822 612 959 661 gravis
975 613 1152 653 fremitus
1170 613 1333 652 circum-

0 696 1 708 2
55 673 184 707 sonat
1019 689 1022 692 ·

442 802 486 855 ι.
511 800 694 855 imvm
723 799 946 856 smmi
1209 868 1212 872 ,

253 900 733 965 DlALOGORUM
772 892 997 962 LIBER
1034 900 1146 963 xli.

346 1008 421 1049 AD
461 1016 754 1049 HELVIAM
789 1016 1052 1049 MATREM

487 1095 544 1138 nl:
566 1094 914 1138 CONSOLA‘I'IONE.

141 1233 171 1271 Ι.
202 1231 335 1280 Saepe
355 1230 444 1277 iam,
466 1236 591 1270 mater
610 1230 772 1280 optima,
792 1231 968 1280 inpetum
992 1231 1082 1280 cepi
1103 1232 1339 1270 consolandi
1359 1239 1376 1272 1

56 1295 117 1336 te,
149 1297 276 1336 saepe
303 1286 492 1326 continui.
534 1286 814 1334 manderem,
848 1288 970 1326 multa
993 1297 1057 1325 me
1077 1286 1339 1336 inpellebant:

59 1345 231 1394 primum
248 1342 417 1381 videbar
433 1341 694 1391 depositurus
717 1342 850 1381 omnia
868 1343 1144 1389 incommoda,
1175 1352 1266 1381 cum
1285 1344 1340 1382 la-

60 1399 204 1439 crimas
233 1404 341 1447 tuas,
369 1397 525 1437 etiamsi
545 1399 796 1448 supprimere
817 1408 897 1437 non
915 1397 1158 1448 potuissem,
1186 1398 1341 1437 interim

61 1462 167 1495 certe
187 1454 482 1494 abstersissem.
525 1454 673 1494 deinde
693 1455 785 1503 plus
805 1454 1031 1493 habiturum
1046 1464 1110 1492 me
1129 1454 1342 1493 auctorita-

61 1511 112 1550 tis
138 1521 220 1550 non
246 1510 472 1549 dubitabam
494 1510 547 1549 ad
566 1511 817 1550 excitandam
840 1515 899 1557 te,
929 1509 964 1549 si
991 1511 1101 1559 prior
1127 1510 1217 1559 ipse
1248 1521 1341 1549 con-

62 1566 344 1605 surrexissem.
388 1570 596 1614 praeterea
620 1566 827 1615 timebam,
855 1576 907 1604 ne
932 1577 958 1604 a
977 1576 1041 1607 me
1061 1564 1166 1604 victa
1186 1566 1344 1604 fortuna

63 1623 237 1672 aliquem
255 1630 437 1659 meorum
454 1621 645 1660 vinceret.
674 1621 811 1670 itaque
829 1626 1045 1670 utcumque
1066 1621 1243 1660 conabar
1261 1633 1342 1660 ma-

62 1689 118 1717 nu
151 1687 276 1726 super
308 1677 468 1725 plagam
500 1687 629 1715 meam
661 1677 838 1726 inposita
864 1678 916 1715 ad
944 1677 1159 1726 obliganda
1177 1678 1344 1717 volnera

62 1739 199 1772 vestra
216 1736 391 1781 reptare.
420 1732 507 1770 Hoc
523 1733 776 1781 propositum
795 1743 927 1772 meum
947 1738 1059 1771 erant
1076 1744 1219 1772 rursus
1240 1743 1343 1782 quae
1359 1738 1380 1771 2

62 1789 328 1829 retardarent:
367 1787 495 1826 dolori
523 1793 617 1836 tuo,
651 1788 745 1827 dum
772 1795 917 1827 recens
939 1789 1132 1836 saeviret,
1168 1789 1344 1828 sciebam

69 1845 362 1885 occurrendum
381 1854 462 1882 non
483 1854 597 1892 esse,
618 1855 668 1882 ne
688 1845 797 1883 illum
816 1844 906 1893 ipsa
926 1844 1069 1884 solatia
1082 1844 1291 1883 inritarent
1309 1850 1348 1883 et

66 1900 345 1940 accenderent.
375 1910 466 1938 nam
485 1899 524 1938 in
540 1899 692 1938 morbis
710 1910 873 1949 quoque
889 1900 985 1939 nihil
1001 1905 1064 1939 est
1078 1900 1346 1949 perniciosius

67 1967 186 2005 quam
205 1957 403 1995 inmatura
421 1956 630 1994 medicina.
661 1956 946 2004 exspectabam
966 1956 1120 2004 itaque,
1143 1955 1238 1994 dum
1257 1956 1346 2004 ipsc

64 2013 173 2051 vires
193 2022 290 2052 suas
310 2012 512 2060 frangeret
530 2016 570 2049 et
588 2012 640 2050 ad
659 2012 897 2050 sustinenda
913 2012 1093 2050 remedia
1110 2022 1225 2050 mora
1244 2011 1345 2050 miti-

67 2072 183 2117 gatus
200 2068 310 2116 tangi
334 2077 380 2106 se
399 2078 447 2106 ac
466 2068 624 2106 tractari
642 2071 856 2116 pateretur.
885 2071 1093 2116 praeterea
1108 2077 1198 2106 cum
1214 2068 1346 2106 omnia

68 2123 381 2164 clarissimorum
406 2123 659 2172 ingeniorum
687 2128 945 2161 monumenta
964 2123 1014 2161 ad
1035 2122 1344 2172 conpescendos

67 2179 422 2228 moderandosque
454 2180 585 2218 luctus
619 2178 832 2228 conposita
857 2178 1106 2226 evolverem,
1134 2179 1345 2218 nonlinve-

69 2235 226 2274 niebam
242 2235 469 2283 exemplum
479 2235 580 2283 eius,
593 2235 661 2284 qui
671 2235 905 2274 consolatus
915 2245 1015 2273 suos
1025 2238 1145 2282 esset,
1156 2244 1245 2274 cum
1256 2234 1345 2284 ipse

72 2289 121 2328 ab
153 2290 232 2331 illis
259 2291 574 2340 conploraretur.
617 2292 676 2330 lta
701 2291 741 2329 in
771 2301 816 2329 re
843 2300 951 2329 nova
967 2289 1213 2330 haesitabam
1231 2299 1383 2333 vere-3

71 2344 242 2396 barque‚
269 2358 322 2387 ne
349 2346 450 2386 haec
476 2358 557 2387 non
586 2347 808 2387 consolatio
837 2351 966 2395 esset,
995 2346 1068 2386 sed
1087 2347 1344 2386 exulceratio.
