1624 2626
349 177 429 219 258
590 177 633 215 L.
662 176 852 215 ANNAEl
882 175 1107 216 SENECAE
1135 178 1267 217 DIAL.
1293 178 1377 217 XII·

352 277 410 317 sic
428 277 467 315 in
486 286 549 314 me
567 276 860 322 transtuleram,
880 274 938 313 sic
957 274 1050 312 mihi
1069 274 1377 323 adscripseram,
1401 280 1446 315 ut
1467 281 1605 325 posset

349 331 493 378 videri,
528 331 635 378 quod
663 340 727 368 me
759 329 905 374 amisit,
941 330 1119 377 quamvis
1153 331 1263 369 salvo
1297 335 1408 378 patre
1442 332 1604 379 pupilla.

348 386 452 424 hanc
471 390 510 423 et
527 396 599 434 pro
619 394 681 422 me
701 383 832 431 dilige.
860 383 1097 422 Abstulitilli
1112 395 1239 433 nuper
1254 386 1410 423 fortuna
1423 391 1603 423 matrem=

349 446 418 479 tua
437 445 570 489 potest
588 439 746 477 efficere
765 439 911 487 pietas,
931 443 975 477 ut
993 438 1217 486 perdidisse
1236 449 1280 477 se
1299 444 1459 477 matrem
1475 440 1606 479 doleat

311 501 334 534 8
348 500 514 541 tantum,
542 505 622 533 non
642 499 679 532 et
698 493 850 531 sentiat.
892 503 997 531 nunc
1016 503 1147 531 mores
1168 494 1253 532 eius
1274 504 1474 542 conpone,
1502 505 1605 533 nunc

351 551 497 588 forma:
524 549 638 587 altius
666 552 881 596 praecepta
906 547 1171 594 descendunt,
1201 558 1304 596 quae
1325 549 1466 586 teneris
1486 548 1605 596 inpri-

350 609 506 643 muntur
533 603 738 641 aetatibus.
781 602 858 640 tuis
887 602 1099 640 adsuescat
1127 602 1387 640 sermonibus.
1430 603 1482 640 ad
1498 608 1605 642 tuum

350 660 521 707 fingatur
540 657 760 696 arbitrium:
789 657 951 694 multum
970 656 1025 694 illi
1049 656 1181 704 dabis,
1203 656 1354 695 etiamsi
1374 656 1467 694 nihil
1487 657 1606 695 dede-

349 714 404 751 ris
423 717 578 761 praeter
596 712 832 759 exemplum.
860 711 946 749 Hoc
964 711 1032 750 tibi
1048 716 1126 750 tam
1141 712 1331 750 sollemne
1346 712 1517 749 officium
1534 722 1606 759 pro

349 767 524 806 remedio
558 766 648 805 erit:
681 777 762 804 non
796 770 930 814 potest
956 765 1057 803 enim
1085 766 1256 804 animum
1284 766 1349 814 pie
1369 766 1564 804 dolentem
1585 777 1608 804 a

351 821 615 861 sollicitudine
635 825 812 858 avertere
831 821 907 858 nisi
927 825 993 859 aut
1009 821 1108 859 ratio
1123 825 1189 859 aut
1201 821 1369 859 honesta
1385 821 1606 868 occupatio.

313 877 667 915 9Numerarem
700 875 832 913 inter
863 885 1037 923 magna
1065 875 1250 913 solatia
1277 879 1465 924 patrem
1485 886 1606 923 quo-

352 941 445 980 que
463 936 615 978 tuum,
638 930 734 968 nisi
755 930 973 968 abesset.
1011 940 1116 967 nunc
1135 934 1263 968 tamen
1283 940 1334 967 ex
1351 930 1507 968 adfectu
1525 934 1606 977 tuo,

352 987 419 1034 qui
445 985 548 1023 illius
569 985 608 1022 in
633 990 672 1023 te
694 984 746 1023 sit
773 985 922 1032 cogita=
952 984 1176 1032 intelleges,
1213 989 1357 1033 quanto
1386 984 1527 1023 iustius
1557 985 1608 1023 sit

350 1046 390 1079 te
423 1038 477 1077 illi
512 1038 662 1077 servari
694 1049 812 1086 quam
846 1038 940 1076 mihi
972 1039 1145 1087 inpendi.
1198 1039 1381 1087 quotiens
1412 1043 1451 1077 te
1482 1038 1605 1077 inmo-

352 1094 441 1132 dica
471 1093 534 1131 vis
568 1092 718 1131 dolor1s
745 1093 933 1130 invaserit
967 1097 1005 1131 et
1037 1094 1151 1141 sequi
1184 1104 1228 1132 se
1261 1092 1427 1141 iubebit,
1457 1099 1606 1142 patrem

351 1147 492 1196 cogita.
537 1148 600 1185 cui
626 1153 667 1186 tu
694 1147 851 1195 quidem
875 1151 932 1185 tot
950 1152 1117 1195 nepotes
1136 1153 1456 1195 pronepotesque
1475 1148 1606 1187 dando

351 1202 528 1249 effecisti,
543 1212 594 1240 ne
613 1202 729 1240 unica
744 1211 877 1239 essest
900 1202 1183 1240 consummatio
1199 1206 1327 1240 tamen
1344 1202 1479 1239 aetatis
1496 1207 1606 1240 actae

351 1256 516 1296 feliciter
533 1257 571 1294 in
587 1261 625 1294 te
643 1256 816 1294 vertitur.
845 1256 916 1294 Illo
934 1256 1027 1294 vivo
1047 1257 1160 1293 nefas
1180 1261 1242 1294 est
1256 1261 1304 1304 te,
1322 1257 1429 1304 quod
1443 1256 1605 1304 vixeris,

353 1322 477 1359 quem.

311 1371 330 1403 1
428 1365 528 1404 XIX.
558 1364 817 1403 Maximum
845 1365 1002 1403 adhuc
1029 1363 1267 1402 solatium
1286 1370 1415 1403 tuum
1435 1370 1605 1403 tacue-

350 1430 471 1466 ram,
495 1430 577 1458 sor
590 1430 612 1457 o
624 1430 674 1457 re
687 1430 725 1457 m
743 1424 884 1466 tuam,
903 1419 999 1458 illud
1017 1419 1290 1458 fidelissimum
1309 1420 1376 1457 tibi
1396 1426 1547 1468 pectus,
1565 1421 1606 1458 in

353 1474 462 1522 quod
480 1484 616 1512 omnes
637 1483 754 1511 curae
773 1478 864 1512 tuae
882 1484 954 1522 pro
976 1474 1146 1512 indiviso
1166 1474 1472 1521 transferuntur,
1499 1475 1605 1512 illum

354 1529 525 1567 animum
553 1528 733 1567 omnibus
762 1527 876 1566 nobis
897 1532 1124 1566 maternum.
1165 1538 1251 1566 cum
1272 1528 1346 1566 hac
1365 1533 1406 1566 tu
1424 1529 1605 1567 lacrimas

316 1588 337 1621 2
354 1588 441 1621 tuas
459 1582 670 1629 miscuisti,
689 1583 727 1620 in
746 1582 860 1621 huius
881 1583 1046 1631 primum
1067 1582 1273 1630 respirasti
1293 1583 1394 1620 sinu.
1431 1583 1501 1620 Illa
1521 1583 1605 1630 qui-

352 1638 442 1676 dem
469 1637 647 1675 adfectus
675 1641 766 1675 tuos
795 1647 953 1685 semper
973 1637 1170 1685 sequitur:
1203 1637 1241 1675 in
1261 1647 1349 1674 mea
1367 1642 1496 1675 tamen
1516 1648 1604 1685 per-

352 1701 453 1729 sona
478 1702 558 1729 non
585 1696 734 1730 tantum
764 1702 836 1739 pro
864 1696 903 1730 te
923 1692 1041 1730 dolet.
1084 1692 1190 1730 Illius
1210 1691 1389 1729 manibus
1409 1691 1447 1729 in
1467 1691 1605 1730 urbem

352 1747 528 1794 perlatus
549 1756 649 1784 sum.
691 1745 793 1784 illius
814 1746 878 1794 pio
898 1751 1152 1793 maternoque
1171 1746 1333 1784 nutricio
1354 1756 1426 1793 per
1443 1746 1604 1794 longum

353 1806 507 1848 tempus
536 1811 654 1848 aeger
681 1801 877 1838 convalui.
919 1801 984 1838 illa
1011 1811 1082 1848 pro
1105 1805 1316 1848 quaestura
1333 1810 1422 1838 mea
1440 1800 1604 1848 gratiam

354 1865 464 1893 suam
483 1855 658 1893 extendit
675 1859 714 1892 et
731 1865 832 1902 quae
853 1865 902 1892 ne
921 1856 1114 1893 sermonis
1135 1854 1292 1903 quidem
1311 1859 1377 1892 aut
1396 1856 1525 1892 clarae
1540 1865 1603 1893 sa·

352 1908 549 1947 tutationis
585 1909 768 1948 sustinuit
799 1910 1021 1955 audaciam,
1056 1920 1128 1957 pro
1157 1919 1219 1947 me
1245 1909 1339 1947 vicit
1362 1909 1604 1956 indulgentia

351 1964 642 2002 verecundiam.
683 1963 784 2001 Nihil
811 1963 865 2001 illi
893 1964 1095 2002 seductum
1114 1963 1214 2001 vitae
1234 1973 1378 2010 genus,
1406 1963 1499 2001 nibil
1519 1974 1602 2002 mo-

354 2017 481 2056 destia
513 2022 581 2065 [ut]
614 2018 654 2056 in
686 2022 793 2056 tanta
818 2019 1046 2056 feminarum
1073 2018 1284 2066 petulantia
1309 2017 1473 2064 rustica,
1508 2018 1602 2055 nihil

355 2072 489 2119 quies,
517 2073 612 2111 nihil
639 2073 779 2112 secreti
806 2076 845 2110 et
869 2073 921 2111 ad
946 2073 1065 2111 otium
1086 2072 1250 2119 repositi
1279 2082 1410 2110 mores
1440 2072 1599 2110 obstite-

313 2130 335 2163 3
352 2131 456 2173 runt,
482 2137 559 2175 quo
579 2126 708 2166 minus
727 2138 800 2175 pro
821 2137 883 2165 me
903 2127 1017 2165 etiam
1035 2125 1241 2164 ambitiosa
1258 2127 1379 2164 fieret.
1422 2126 1507 2166 Hoc
1528 2132 1600 2173 est,
1622 2148 1624 2182 μ

354 2184 477 2217 mater
494 2182 715 2228 carissima,
736 2181 916 2220 solatium
937 2192 1015 2230 quo
1033 2180 1242 2219 reficiaris:
1263 2180 1315 2218 illi
1334 2185 1391 2228 te,
1413 2187 1599 2230 quantum
1621 2183 1623 2232 j

354 2238 489 2281 potes,
509 2235 648 2284 iunge,
667 2235 771 2275 illius
791 2235 996 2275 artissimis
1016 2234 1260 2282 amplexibus
1279 2235 1420 2283 adliga.
1464 2235 1600 2274 Solent
1623 2264 1624 2271 ,

354 2293 573 2328 moerentes
600 2301 668 2340 ea,
696 2300 798 2340 quae
823 2290 993 2331 maxime
1018 2288 1200 2338 diligunt,
1231 2291 1366 2338 fugere
1387 2295 1425 2329 et
1442 2290 1620 2330 liberta-r
