1624 2626
316 151 397 192 304
450 153 492 190 L.
508 151 621 190 ANN.
639 151 807 190 SENEC.
827 150 892 189 DE
913 149 1194 190 CLEMENTIA
1215 149 1363 188 LIB.lI.
1393 155 1427 191 7.

319 251 394 289 tiae
416 259 539 299 opera
554 253 656 289 sunt.
701 249 911 288 Clementia
928 249 1091 288 liberum
1110 247 1309 287 arbitrium
1327 247 1466 287 habet:
1486 258 1564 286 non

319 305 392 344 sub
412 304 597 350 formula,
621 303 694 342 sed
713 313 764 342 ex
784 313 914 351 aequo
933 308 973 342 et
991 303 1097 343 bono
1117 303 1273 342 iudicat.
1303 307 1341 341 et
1359 303 1565 342 absolvere

318 359 372 397 illi
395 359 485 397 licet
505 363 544 397 et
567 358 701 407 quanti
728 358 811 398 vult
837 363 974 398 taxare
1001 358 1117 397 litem.
1161 356 1262 395 Nihil
1294 367 1344 395 ex
1374 356 1434 396 his
1461 355 1563 403 facit,

317 412 516 462 tamquam
534 413 638 451 iusto
656 412 784 451 minus
807 412 962 460 fecerit,
981 412 1273 460 sed'tamquam
1291 410 1333 450 id
1349 412 1456 460 quod
1472 421 1564 449 con-

318 468 441 507 stituit
458 466 713 506 iustissimum
735 467 796 506 sit.
832 464 1056 515 ignosceres
1122 471 1123 477 ¹
1149 477 1188 504 m
1202 471 1264 505 est
1283 476 1400 514 quem
1413 466 1565 504 iudicas

318 522 561 572 punIendum
586 532 666 560 non
693 521 845 569 punire.
895 521 1010 559 venia
1129 525 1191 559 tae
1211 530 1366 569 poenae
1383 520 1565 558 remissio

318 582 401 616 estz
434 576 641 615 elementia
658 575 735 614 hoc
755 576 920 624 prImum
941 580 1114 624 praestat
1131 580 1175 614 ut
1197 586 1299 623 quos
1319 574 1489 621 dimittit,
1509 574 1565 611 ni-

316 631 370 670 hil
394 630 499 670 aliud
517 631 606 669 illos
629 630 706 678 pati
727 630 914 669 debuisse
933 631 1170 678 pronuntiet.
1213 630 1366 678 plenior
1385 634 1447 667 est
1472 638 1566 676 ergo

279 692 302 726 4
318 697 436 735 quam
456 685 572 723 venia
592 689 631 723 et
649 684 864 724 honestior.
915 685 972 723 De
990 681 1112 723 verbo
1124 714 1134 732 ‚
1147 688 1204 723 ··ut
1222 694 1309 722 mea
1327 685 1400 722 fert
1420 682 1566 732 opinio,

318 739 589 779 controversia
607 743 686 785 est,
717 739 768 779 de
786 750 830 778 re
850 740 1009 788 quidem
1029 739 1224 778 convenit.
1265 738 1432 786 Sapiens
1448 738 1568 776 multa

314 795 502 842 remittet,
529 795 672 832 multos
701 804 840 842 parum
867 794 972 843 sani,
1002 794 1076 832 sed
1102 793 1290 831 sanabilis
1317 792 1461 840 ingenii
1486 801 1566 829 ser-

314 849 435 888 vabit.
468 849 664 896 agricolas
683 848 812 887 bonos
831 846 1060 895 imitabitur,
1089 848 1155 898 qui
1175 858 1253 886 non
1274 852 1422 886 tantum
1438 850 1568 884 rectas

318 912 588 952 procerasque
614 903 778 941 arbores
806 904 958 941 colunt:
994 902 1070 941 illis
1106 912 1284 951 quoque,
1318 912 1417 950 quas
1438 901 1570 949 aliqua

317 956 548 1006 depravavit
565 967 697 1003 causa,
719 957 955 995 adminicula
971 957 1114 1005 quibus
1131 957 1346 1006 dirigantur
1359 954 1581 1005 adplicant„

316 1012 414 1051 alias
433 1011 734 1051 circumcidunt
755 1022 804 1049 ne
821 1011 1094 1060 proceritatem
1115 1010 1211 1049 rami
1230 1015 1428 1060 premant,
1451 1020 1569 1057 quas-

317 1067 407 1105 dam
426 1066 600 1105 infirmas
621 1065 713 1103 vitio
734 1066 810 1103 loci
831 1065 1020 1114 nutriunt,
1041 1066 1278 1114 quibusdam
1293 1065 1420 1103 aliena
1432 1063 1555 1103 umbr
1547 1075 1571 1100 ι

279 1125 301 1159 5
317 1120 583 1160 laborantibus
612 1121 764 1183 eoelum
793 1119 983 1167 aperiunt.
1031 1119 1263 1167 [Secundum
1287 1121 1396 1166 haec]
1423 1118 1571 1157 videbit

317 1176 528 1224 [perfectus
545 1167 735 1222 εαρίενιε],
767 1174 875 1222 quod
901 1173 1100 1221 ingenium
1126 1185 1204 1222 qua
1226 1175 1378 1213 ratione
1403 1178 1568 1211 traetan

317 1231 409 1268 dum
429 1229 497 1276 sit,
530 1239 609 1277 quo
629 1229 747 1268 modo
767 1228 804 1266 in
824 1231 974 1268 rectum
993 1237 1118 1276 prava
1137 1227 1353 1299 flectantur.
1370 1227 1391 1253 *
1405 1226 1425 1252 *
1441 1227 1461 1252 *
