1592 2580
274 87 459 128 NATUR.
481 86 694 136 QUAEST.
723 87 880 127 LIB.11.
907 90 1082 129 44—49.
1243 86 1325 128 205

45 199 126 229 non
153 188 247 228 facit
268 188 397 237 nunc,
425 187 576 237 Iupiter
595 188 689 227 fecit
710 193 754 228 ut
772 187 926 227 fierent.
956 187 1132 236 Singulis
1153 199 1234 227 nou
1254 189 1322 228 ad-

45 250 128 294 est,
152 250 190 284 et
206 249 332 284 tamen
353 244 431 282 vim
453 249 491 283 et
512 255 675 283 causam
695 249 733 282 et
753 255 912 283 manum
932 244 1117 284 omnibus
1138 243 1259 283 dedit.

127 300 279 339 XLVII.
316 300 441 339 Huic
470 301 674 339 illorum
704 299 952 339 divisioni
982 311 1080 339 non
1111 300 1323 340 accedo:

44 357 185 395 aiunt
225 360 307 395 aut
347 361 598 405 perpetua
641 365 759 394 esse
801 356 1012 407 fulmina
1054 360 1137 394 aut
1173 355 1327 396 finita

43 416 127 451 aut
164 412 506 461 prorogativa.
552 416 766 461 perpetua,
807 422 978 461 quorum
1011 411 1249 460 significatio
1284 411 1324 451 in

40 471 161 507 totam
184 468 354 516 pertinet
373 468 512 516 vitam,
541 478 618 506 nec
636 478 758 506 unam
776 477 858 506 rem
881 468 1101 516 denuntiat,
1130 468 1204 506 sed
1229 473 1324 506 con-

4 527 5 530 ’
40 528 190 563 textum
224 534 356 563 rerum
389 534 462 573 per
487 534 644 562 omnem
673 523 866 573 deinceps
901 528 1070 563 aetatem
1103 524 1325 567 futurarum

0 571 2 611 ἶ
42 580 315 628 conplectitur.
345 579 446 618 liaec
469 585 560 619 sunt
579 578 761 627 fulmina,
795 589 898 628 quae
919 579 1046 628 prima
1066 584 1231 627 accepto
1256 590 1324 628 pa-

0 630 2 649 *
39 635 224 674 trImonio
246 639 284 673 et
303 646 409 674 novo
429 635 601 674 hominis
625 639 692 673 aut
712 635 824 673 urbis
846 639 952 674 statu
971 635 1079 675 fiant.
1125 635 1253 674 Finita
1273 636 1325 674 ad

0 694 1 697 ’
41 690 146 729 diem
172 692 310 740 utique
337 692 596 740 respondent.
641 690 902 739 Prorogativa
921 696 1033 740 sunt,
1063 701 1234 740 quorum
1253 692 1324 730 mi-

41 756 116 785 nae
137 746 286 784 differri
307 752 498 795 possunt,
529 747 653 786 averti
672 747 838 795 tollique
858 758 938 787 non
960 751 1144 796 possunt.

122 801 294 841 XLVllI.
338 802 526 850 Dicam,
571 803 690 852 quid
726 802 812 850 sit,
853 814 1007 852 quare
1043 803 1160 842 huic
1194 803 1299 842 divi
1342 809 1362 843 1

41 857 174 897 sioni
203 868 297 895 non
328 858 660 898 consentiam.
690 869 782 897 narn
802 862 840 896 et
861 859 971 908 quod
994 865 1232 908 perpetuum
1250 870 1322 898 vo-

41 918 132 952 cant
160 914 329 961 fulmen,
362 914 516 953 finitum
544 919 618 954 est.
658 923 788 963 aeque
817 915 920 953 enim
947 914 1042 953 talia
1063 915 1115 953 ad
1137 915 1242 954 dlem
1261 925 1323 953 re-

41 969 262 1017 spondent,
285 969 466 1008 nec'ideo
484 971 594 1009 finita
606 980 690 1009 vnon
707 975 819 1017 sunt,
838 971 931 1019 quia
946 971 1069 1010 multa
1085 971 1322 1019 significant,

39 1030 79 1063 et
107 1025 220 1074 quod·
243 1025 543 1074 prorogativum
567 1026 737 1073 videtur,
768 1026 921 1065 finitum
943 1032 1016 1066 est.
1053 1038 1146 1065 nam
1165 1028 1322 1066 illorum

41 1091 203 1130 quoque
232 1082 488 1120 confessione
509 1086 658 1120 certum
678 1087 758 1130 est,
788 1091 1004 1131 quousque
1024 1083 1245 1131 inpetratur
1265 1083 1323 1122 di-

37 1135 144 1175 latio.
178 1135 335 1185 privata
353 1136 456 1174 enim
478 1137 634 1186 fulgura
653 1142 800 1186 negant
818 1139 921 1177 ultra
942 1139 1138 1177 decimum
1160 1149 1321 1187 annum,

37 1191 199 1240 publica
218 1193 318 1231 ultra
336 1192 579 1232 tricesimum
602 1203 726 1241 posse
747 1193 910 1232 differri.
943 1193 1023 1233 hoc
1043 1194 1165 1233 modo
1186 1199 1226 1233 et
1244 1195 1322 1234 ista

36 1247 148 1286 finita
168 1253 276 1296 sunt,
299 1248 392 1297 quia
409 1248 510 1287 ultra
527 1249 638 1298 quod
655 1259 733 1288 non
756 1254 1008 1298 prorogatur,
1029 1249 1229 1289 inclusum
1246 1256 1320 1290 est.

38 1302 219 1342 Omnium
247 1314 343 1352 ergo
372 1304 576 1343 fulminum
605 1309 644 1343 et
673 1306 802 1344 omnis
830 1310 999 1343 eventus
1021 1306 1108 1344 dies
1134 1311 1235 1345 stata
1257 1307 1320 1345 sit.

35 1369 118 1397 non
148 1363 281 1408 potest
309 1359 412 1397 enim
439 1360 520 1398 ulla
547 1359 685 1398 incerti
714 1371 808 1400 esse
828 1360 1140 1410 conprehensio.
1187 1362 1358 1409 Quae2

36 1414 366 1462 inspicienda
393 1420 509 1454 sunt
540 1415 587 1453 in
612 1416 834 1464 fulgure,
873 1417 1024 1464 passim
1060 1422 1099 1456 et
1130 1427 1234 1465 vage
1261 1418 1319 1456 di·

38 1474 151 1517 cunt,
172 1479 261 1508 cum
282 1470 440 1518 possint
459 1470 518 1509 sic
537 1471 736 1518 dividere,
759 1472 1093 1521 quemadmodum
1116 1473 1165 1511 ab
1186 1474 1320 1513 Attalo

35 1524 292 1574 philosopho,
315 1526 381 1575 qui
398 1535 443 1564 se
458 1525 549 1565 huic
565 1527 800 1576 disciplinae
817 1527 1046 1575 dediderat,
1069 1527 1199 1567 divisa
1215 1534 1319 1577 sunt,

34 1585 79 1619 ut
92 1580 316 1629 inspiciant,
335 1580 403 1619 ubi
420 1581 564 1621 factum
583 1582 645 1629 sit,
666 1584 842 1631 quando,
865 1583 940 1631 cui,
961 1583 1000 1622 in
1012 1594 1092 1632 qua
1109 1594 1165 1632 re,
1188 1585 1318 1634 quale,

37 1641 240 1685 quantum.
276 1637 386 1675 Haec
407 1637 442 1675 si
461 1637 643 1686 digerere
663 1638 701 1676 in
724 1644 858 1687 partes
885 1650 981 1678 suas
1003 1640 1192 1690 voluero,
1221 1640 1319 1689 quid

34 1695 179 1741 postea
198 1692 369 1730 faciam?
403 1692 443 1730 in
464 1691 646 1732 inmensa
669 1695 900 1743 procedam.

115 1747 247 1787 XLIX.
283 1747 418 1786 Nunc
449 1749 650 1788 nomina
677 1749 952 1799 fulgurum,
987 1761 1116 1801 quae
1144 1762 1170 1790 a
1197 1752 1316 1792 Cae·
1337 1758 1354 1791 1

36 1802 183 1842 cinna
219 1807 497 1853 ponuntur,
541 1809 719 1854 aperte
763 1805 1073 1854 distinguam
1112 1812 1159 1846 et
1196 1809 1317 1856 quid

37 1857 95 1899 de
115 1859 187 1898 eis
209 1860 445 1907 sentiam,
466 1870 724 1909 exponam.
751 1861 925 1900 Aitesse
948 1863 1316 1913 postulatoria,

38 1914 184 1963 quibus
205 1915 403 1954 sacrificia
421 1915 648 1955 intermissa
668 1920 735 1956 aut
755 1927 835 1955 non
855 1917 928 1955 rite
948 1917 1051 1956 facta
1069 1923 1315 1968 repetuntur,

36 1970 328 2019 monitoria,
367 1970 514 2020 quibus
543 1972 732 2018 docetur,
767 1971 865 2021 quid
889 1973 1112 2012 cavendum
1132 1974 1202 2023 sit,
1230 1985 1314 2024 pe-

39 2023 133 2063 stis
139 2035 244 2075 era,
275 2037 378 2076 quae
404 2031 572 2066 mortem
598 2027 842 2077 exiliumque
873 2029 1134 2077 portendunt,
1164 2031 1315 2070 falla-

39 2080 135 2127 cia,
166 2092 267 2130 quae
297 2093 368 2131 per
395 2084 572 2131 speciem
600 2084 767 2122 alicuius
796 2084 890 2123 boni
910 2090 1074 2124 nocent=
1105 2085 1200 2125 dant
1219 2097 1313 2126 con—

40 2135 208 2176 sulatum
229 2139 332 2178 malo
351 2139 524 2178 futurum
545 2139 794 2188 gerentibus,
829 2144 867 2178 et
884 2139 1165 2188 hereditatem,
1198 2143 1311 2183 cuius

39 2191 305 2240 conpendium
337 2205 482 2243 magno
514 2194 706 2234 luendum
741 2196 791 2234 sit
823 2196 1091 2235 incommodo.
1139 2197 1309 2238 denta-

39 2256 150 2297 nea,
179 2258 282 2297 quae
301 2250 478 2300 speciem
491 2251 659 2303 periculi
677 2250 762 2291 sine
777 2251 958 2301 periculo
974 2252 1169 2304 adferunt,
1195 2264 1223 2304 p
1234 2264 1309 2294 er·
1325 2261 1348 2295 2
