1592 2580
341 189 525 228 NATUR.
548 187 760 236 QUAEST.
789 187 930 227 Lffll.
960 193 1110 228 8—12.
1290 185 1368 228 175

89 292 127 330 in
152 296 302 331 rectum
330 290 474 330 iacent.
520 290 637 329 Fiunt
662 294 795 329 autem
822 289 1078 328 iuxta-solem
1099 289 1184 328 fere
1202 290 1242 328 in
1263 289 1369 328 nube
1388 297 1410 330 2

88 347 249 386 humida
267 352 308 386 et
327 347 404 385 iam
425 357 470 385 se
490 351 719 395 spargente.
753 346 889 393 itaque
908 345 1012 383 idem
1034 349 1096 384 est
1115 346 1155 383 in
1175 345 1272 393 illis,
1302 346 1370 395 qui

87 403 125 441 in
152 413 252 441 areu
279 403 410 448 color,
440 407 591 441 tantum
611 401 741 450 figura
759 406 941 449 mutatur,
970 401 1064 451 quia
1084 401 1249 440 nubium
1269 413 1368 451 quo-

89 468 186 507 que,
218 460 255 496 in
278 458 424 507 quibus
446 458 732 503 extenduntur,
765 457 843 495 alia
860 461 934 495 est.

166 514 215 551 X.
253 513 401 553 Similis
423 515 598 552 varietas
619 514 659 552 in
681 513 842 552 coronis
863 518 943 559 est,
974 512 1049 550 sed
1070 512 1148 551 hoc
1169 511 1370 561 differunt,

87 569 197 618 quod
226 580 402 609 coronae
426 569 576 618 ubique
597 569 717 616 fiunt,
743 569 986 618 ubicumque
1007 568 1120 607 sidus
1142 573 1222 621 est,
1251 579 1370 607 arcus

86 635 166 664 non
195 625 274 664 nisi
303 631 443 664 contra
469 627 616 670 solem,
654 625 791 672 virgae
821 635 901 663 non
928 624 1006 663 nisi
1031 624 1071 662 in
1091 624 1238 663 vicinia
1257 625 1368 663 solis.

84 681 256 720 Possum
273 687 311 719 et
330 681 407 720 hoe
425 681 546 720 modo
563 680 827 719 differentiam
845 680 1020 718 oninium
1035 680 1226 719 reddere:
1254 683 1370 719 eoro-

85 748 175 775 nam
197 736 232 775 si
253 737 458 783 diviseris,
489 747 608 775 arcus
627 735 719 783 erit,
743 737 778 775 si
793 736 1008 783 direxeris,
1032 733 1158 784 virga.
1187 737 1227 774 in
1243 736 1367 775 omni—

84 793 163 831 bus
193 794 305 832 color
330 792 539 841 multiplex
567 797 650 840 est,
687 802 740 830 ex
773 792 958 830 caeruleo
988 792 1186 840 fulvoque
1218 791 1368 830 varius.

83 848 222 896 virgae
250 849 327 887 soli
355 854 504 887 tantum
533 848 744 894 adiacent,
782 856 901 886 arcus
936 848 1091 885 solares
1126 848 1370 896 lunaresque

85 909 198 950 sunt,
229 914 404 943 coronae
424 904 598 942 omnium
619 904 810 942 siderum.
968 904 973 908 “

166 960 232 998 ΧΙ.
261 958 413 998 Aliud
443 969 646 1008 quoque
670 959 930 1007 virgarum
953 969 1113 1007 genus
1134 959 1369 1007 adparet,
1392 968 1408 1000 1

85 1026 176 1053 eum
203 1016 303 1054 radii
333 1025 405 1064 per
423 1019 593 1063 angusta
610 1014 807 1053 foramina
826 1014 988 1053 nubium
1008 1019 1151 1054 tenues
1171 1020 1211 1053 et
1231 1014 1370 1053 intenti

86 1071 362 1119 distantesque
391 1071 493 1109 inter
519 1080 566 1109 se
593 1070 827 1118 dIriguntur.
869 1076 909 1108 et
935 1070 1014 1118 ipsi
1041 1071 1157 1119 signa
1184 1070 1369 1109 imbrium

83 1131 190 1165 sunt.
238 1126 448 1174 Quomodo
467 1136 574 1164 nune
587 1136 652 1164 me
667 1125 850 1164 hocloco
866 1130 1031 1174 geram?
1061 1126 1157 1174 quid
1175 1129 1278 1173 [eas]
1296 1137 1366 1165 vo-

87 1186 202 1220 cem?
235 1182 430 1230 imagines
458 1182 585 1220 solis?
628 1181 818 1220 Historici
848 1182 1163 1221 solesvoeant
1188 1187 1227 1220 et
1251 1181 1367 1221 binos
1388 1189 1409 1222 2

83 1242 305 1286 ternosque
322 1237 561 1286 adparuisse
574 1237 789 1275 memoriae
803 1237 976 1276 tradunt.
1017 1237 1158 1276 Graeci
1182 1248 1207 1286 p
1220 1249 1242 1276 a
1252 1248 1272 1275 r
1282 1238 1308 1275 h
1318 1248 1365 1276 e—

83 1292 152 1331 lia
188 1293 409 1342 adpellant,
431 1291 540 1341 ⁴quia
564 1293 604 1331 in
633 1292 864 1342 propinquo
895 1293 979 1331 fere
1006 1303 1031 1331 a
1058 1294 1146 1331 sole
1170 1294 1364 1340 visuntur,

85 1354 152 1388 aut
184 1350 277 1398 quia
305 1349 583 1400 accedunt'ad
602 1349 777 1397 aliquam
807 1348 1105 1386 similitudinem
1129 1350 1255 1388 solis:
1286 1361 1366 1388 non

83 1405 186 1442 enim
221 1409 346 1443 totum
378 1404 596 1451 imitantur,
636 1404 711 1442 sed
744 1404 956 1452 imaginem
983 1403 1071 1442 eius
1100 1404 1365 1453 figuramque.

86 1464 261 1498 ceterum
290 1459 386 1497 nihil
412 1459 562 1499 habent
587 1460 765 1507 ardoris,
795 1459 962 1497 hebetes
989 1470 1036 1497 ae
1056 1460 1246 1508 languidi.
1268 1482 1271 1483 ν
1292 1461 1364 1499 His

86 1515 196 1562 quod
223 1525 369 1553 nomen
394 1515 650 1563 inponimus?
685 1526 735 1553 an
767 1514 869 1553 facio
899 1514 1010 1563 quod
1037 1515 1258 1564 Vergilius,
1297 1518 1363 1564 qui

83 1570 278 1609 dubitavit
300 1570 351 1608 de
373 1570 554 1618 nomine,
583 1570 729 1609 deinde
757 1571 818 1618 id,
847 1570 898 1608 de
922 1582 1002 1619 quo
1028 1570 1245 1618 dubitarat,
1271 1583 1364 1620 pro—

86 1626 251 1674 posuit?

457 1685 494 1720 et
511 1692 587 1730 quo
604 1686 640 1720 te
655 1683 810 1720 nomine
827 1682 967 1729 daz-am,

221 1734 442 1775 Rhaetica?
469 1748 541 1776 nee
558 1739 665 1776 cellis
682 1738 768 1776 ideo
786 1739 973 1777 contende
991 1739 1185 1778 Patentis.

82 1791 178 1830 nihil
205 1801 302 1840 ergo
331 1791 516 1840 prohibet
533 1793 622 1832 illas
655 1792 885 1841 parhelia
911 1794 1063 1832 vocari.
1111 1794 1213 1833 Sunt
1231 1800 1360 1834 autem
1382 1803 1404 1836 3

82 1846 278 1896 imagines
299 1848 398 1886 solis
419 1847 458 1885 in
478 1848 584 1886 nube
605 1849 739 1896 spissa
759 1853 798 1887 et
817 1849 946 1887 vicina
960 1848 999 1887 in
1015 1851 1178 1889 modum
1194 1853 1362 1900 speculi.

86 1904 248 1951 quidam
271 1902 478 1951 parhelion
506 1904 559 1942 ita
579 1903 790 1942 deliniunt:
818 1904 946 1943 nubes
974 1906 1147 1944 rotunda
1166 1911 1205 1944 et
1228 1908 1360 1955 splen-

83 1958 179 1997 dida
198 1958 420 2007 similisque
441 1959 528 1997 soli.
560 1959 741 2007 sequitur
761 1959 864 1998 enim
883 1960 990 1998 illum
1011 1971 1086 1999 nee
1101 1972 1263 2010 umqam
1277 1963 1361 2001 lon-

83 2014 174 2062 gius
200 2015 436 2063 relinquitur
456 2025 574 2062 quam
595 2014 685 2061 fuit,
714 2025 805 2054 eum
827 2016 1023 2063 adparuit.
1071 2017 1266 2066 Numquis
1290 2029 1361 2057 no·
1390 2038 1402 2043 —

85 2074 209 2108 strum
222 2069 397 2117 miratur,
420 2070 453 2109 si
467 2070 565 2109 solis
582 2070 755 2118 effigiem
775 2071 812 2108 in
833 2071 967 2119 aliquo
987 2072 1095 2110 sonte
1115 2078 1182 2111 aut
1202 2074 1360 2122 placido

86 2125 176 2164 lacu
193 2125 320 2165 vidit?
348 2136 448 2173 non,
469 2131 636 2174 utputo.
668 2125 778 2175 atqui
798 2131 876 2165 tam
896 2127 935 2164 in
956 2127 1115 2166 sublimi
1134 2129 1257 2168 facies
1274 2130 1359 2169 eius

89 2191 208 2228 quarn
227 2181 328 2220 inter
347 2193 425 2221 nos
445 2187 578 2230 potest
598 2181 729 2229 reddi,
752 2181 787 2221 si
808 2182 930 2221 modo
945 2182 1093 2222 idonea
1108 2189 1170 2223 est
1184 2186 1358 2234 materia,

88 2245 190 2284 quae
209 2236 362 2276 reddat.

167 2290 251 2330 XII.
288 2292 478 2340 Quotiens
507 2292 769 2332 defectionem
798 2293 896 2332 solis
924 2294 1109 2333 volumus
1138 2295 1356 2345 deprehen-
1380 2305 1395 2337 1

89 2345 203 2393 dere,
231 2347 416 2396 ponimus
444 2349 600 2398 pelves,
633 2359 733 2398 quas
755 2354 824 2388 aut
842 2350 932 2390 oleo
951 2355 1019 2389 aut
1038 2351 1127 2400 pice
1145 2351 1358 2401 inplemus,
