<?xml version="1.0" encoding="UTF-8"?>
<!DOCTYPE html PUBLIC "-//W3C//DTD XHTML 1.0 Transitional//EN"
    "http://www.w3.org/TR/xhtml1/DTD/xhtml1-transitional.dtd">
<html xmlns="http://www.w3.org/1999/xhtml" xml:lang="en" lang="en">
 <head>
  <title>
</title>
<meta http-equiv="Content-Type" content="text/html;charset=utf-8" />
  <meta name='ocr-system' content='tesseract 3.04.00' />
  <meta name='ocr-capabilities' content='ocr_page ocr_carea ocr_par ocr_line ocrx_word'/>
</head>
<body>
  <div class='ocr_page' id='page_1' title='image "./operaquaesupersu01seneuoft_0488.png"; bbox 0 0 1592 2580; ppageno 0'>
   <div class='ocr_carea' id='block_1_1' title="bbox 274 186 1138 229">
    <p class='ocr_par' dir='ltr' id='par_1_1' title="bbox 274 186 1138 229">
     <span class='ocr_line' id='line_1_1' title="bbox 274 186 1138 229; baseline -0.006 0"><span class='ocrx_word' id='word_1_1' title='bbox 274 189 352 229; x_wconf 80' lang='lat'>162</span> <span class='ocrx_word' id='word_1_2' title='bbox 633 188 675 225; x_wconf 93' lang='lat' dir='ltr'>L.</span> <span class='ocrx_word' id='word_1_3' title='bbox 701 186 890 225; x_wconf 82' lang='lat' dir='ltr'>ANNAEI</span> <span class='ocrx_word' id='word_1_4' title='bbox 916 186 1138 225; x_wconf 83' lang='lat' dir='ltr'>SENECAE</span> 
     </span>
    </p>
   </div>
   <div class='ocr_carea' id='block_1_2' title="bbox 277 284 1525 337">
    <p class='ocr_par' dir='ltr' id='par_1_2' title="bbox 277 284 1525 337">
     <span class='ocr_line' id='line_1_2' title="bbox 277 284 1525 337; baseline -0.005 -9"><span class='ocrx_word' id='word_1_5' title='bbox 277 293 366 337; x_wconf 87' lang='lat' dir='ltr'>[est]</span> <span class='ocrx_word' id='word_1_6' title='bbox 389 289 613 327; x_wconf 88' lang='lat' dir='ltr'>existimare</span> <span class='ocrx_word' id='word_1_7' title='bbox 634 293 700 326; x_wconf 87' lang='lat' dir='ltr'>aut</span> <span class='ocrx_word' id='word_1_8' title='bbox 720 286 905 325; x_wconf 79' lang='lat' dir='ltr'>decidere</span> <span class='ocrx_word' id='word_1_9' title='bbox 920 287 1052 325; x_wconf 83' lang='lat' dir='ltr'>stellas</span> <span class='ocrx_word' id='word_1_10' title='bbox 1070 290 1136 324; x_wconf 89' lang='lat' dir='ltr'>aut</span> <span class='ocrx_word' id='word_1_11' title='bbox 1149 285 1365 324; x_wconf 85' lang='lat' dir='ltr'>transsilirc</span> <span class='ocrx_word' id='word_1_12' title='bbox 1382 288 1448 323; x_wconf 83' lang='lat' dir='ltr'>aut</span> <span class='ocrx_word' id='word_1_13' title='bbox 1459 284 1525 322; x_wconf 88' lang='lat' dir='ltr'>ali-</span> 
     </span>
    </p>
   </div>
   <div class='ocr_carea' id='block_1_3' title="bbox 224 338 1592 392">
    <p class='ocr_par' dir='ltr' id='par_1_3' title="bbox 224 338 1592 392">
     <span class='ocr_line' id='line_1_3' title="bbox 224 338 1592 392; baseline -0.007 -7"><span class='ocrx_word' id='word_1_14' title='bbox 224 353 266 386; x_wconf 88' lang='lat'>10</span> <span class='ocrx_word' id='word_1_15' title='bbox 277 344 368 392; x_wconf 87' lang='lat' dir='ltr'>quid</span> <span class='ocrx_word' id='word_1_16' title='bbox 387 343 463 381; x_wconf 91' lang='lat' dir='ltr'>illis</span> <span class='ocrx_word' id='word_1_17' title='bbox 484 343 628 381; x_wconf 84' lang='lat' dir='ltr'>auferri</span> <span class='ocrx_word' id='word_1_18' title='bbox 648 348 687 380; x_wconf 89' lang='lat' dir='ltr'>et</span> <span class='ocrx_word' id='word_1_19' title='bbox 705 341 861 379; x_wconf 84' lang='lat' dir='ltr'>abradi:</span> <span class='ocrx_word' id='word_1_20' title='bbox 890 351 978 378; x_wconf 87' lang='lat' dir='ltr'>nam</span> <span class='ocrx_word' id='word_1_21' title='bbox 998 339 1033 378; x_wconf 91' lang='lat' dir='ltr'>si</span> <span class='ocrx_word' id='word_1_22' title='bbox 1051 340 1126 378; x_wconf 86' lang='lat' dir='ltr'>hoc</span> <span class='ocrx_word' id='word_1_23' title='bbox 1147 340 1303 386; x_wconf 82' lang='lat' dir='ltr'>suisset,</span> <span class='ocrx_word' id='word_1_24' title='bbox 1328 344 1365 377; x_wconf 86' lang='lat' dir='ltr'>et</span> <span class='ocrx_word' id='word_1_25' title='bbox 1381 338 1526 377; x_wconf 84' lang='lat' dir='ltr'>defuis·</span> <span class='ocrx_word' id='word_1_26' title='bbox 1590 343 1592 345; x_wconf 84' lang='grc'><strong>’</strong></span> 
     </span>
    </p>
   </div>
   <div class='ocr_carea' id='block_1_4' title="bbox 226 393 1539 2349">
    <p class='ocr_par' dir='ltr' id='par_1_4' title="bbox 226 393 1539 2349">
     <span class='ocr_line' id='line_1_4' title="bbox 275 393 1526 444; baseline -0.005 -8"><span class='ocrx_word' id='word_1_27' title='bbox 275 403 376 441; x_wconf 87' lang='lat' dir='ltr'>sent.</span> <span class='ocrx_word' id='word_1_28' title='bbox 417 399 523 436; x_wconf 88' lang='lat' dir='ltr'>nulla</span> <span class='ocrx_word' id='word_1_29' title='bbox 549 397 651 435; x_wconf 90' lang='lat' dir='ltr'>enim</span> <span class='ocrx_word' id='word_1_30' title='bbox 671 407 752 434; x_wconf 88' lang='lat' dir='ltr'>nox</span> <span class='ocrx_word' id='word_1_31' title='bbox 771 400 848 441; x_wconf 90' lang='lat' dir='ltr'>est,</span> <span class='ocrx_word' id='word_1_32' title='bbox 882 406 960 444; x_wconf 87' lang='lat' dir='ltr'>qua</span> <span class='ocrx_word' id='word_1_33' title='bbox 976 405 1054 433; x_wconf 89' lang='lat' dir='ltr'>non</span> <span class='ocrx_word' id='word_1_34' title='bbox 1075 395 1262 442; x_wconf 78' lang='lat' dir='ltr'>plurimae</span> <span class='ocrx_word' id='word_1_35' title='bbox 1280 395 1336 431; x_wconf 88' lang='lat' dir='ltr'>ire</span> <span class='ocrx_word' id='word_1_36' title='bbox 1357 398 1393 431; x_wconf 86' lang='lat' dir='ltr'>et</span> <span class='ocrx_word' id='word_1_37' title='bbox 1412 393 1451 430; x_wconf 89' lang='lat' dir='ltr'>in</span> <span class='ocrx_word' id='word_1_38' title='bbox 1471 393 1526 430; x_wconf 93' lang='lat' dir='ltr'>di—</span> 
     </span>
     <span class='ocr_line' id='line_1_5' title="bbox 277 447 1527 497; baseline -0.006 -6"><span class='ocrx_word' id='word_1_39' title='bbox 277 463 434 491; x_wconf 84' lang='lat' dir='ltr'>versum</span> <span class='ocrx_word' id='word_1_40' title='bbox 460 451 669 490; x_wconf 86' lang='lat' dir='ltr'>videantur</span> <span class='ocrx_word' id='word_1_41' title='bbox 697 449 857 488; x_wconf 81' lang='lat' dir='ltr'>abduci:</span> <span class='ocrx_word' id='word_1_42' title='bbox 895 449 1001 497; x_wconf 88' lang='lat' dir='ltr'>atqui</span> <span class='ocrx_word' id='word_1_43' title='bbox 1029 459 1107 497; x_wconf 91' lang='lat' dir='ltr'>quo</span> <span class='ocrx_word' id='word_1_44' title='bbox 1135 449 1235 487; x_wconf 87' lang='lat' dir='ltr'>solet</span> <span class='ocrx_word' id='word_1_45' title='bbox 1262 458 1445 496; x_wconf 89' lang='lat' dir='ltr'>quaeque</span> <span class='ocrx_word' id='word_1_46' title='bbox 1472 447 1527 484; x_wconf 92' lang='lat' dir='ltr'>in-</span> 
     </span>
     <span class='ocr_line' id='line_1_6' title="bbox 274 502 1530 552; baseline -0.006 -7"><span class='ocrx_word' id='word_1_47' title='bbox 274 507 430 546; x_wconf 84' lang='lat' dir='ltr'>venitur</span> <span class='ocrx_word' id='word_1_48' title='bbox 455 507 557 544; x_wconf 86' lang='lat' dir='ltr'>loco.</span> <span class='ocrx_word' id='word_1_49' title='bbox 600 504 825 552; x_wconf 77' lang='lat' dir='ltr'>magnitudo</span> <span class='ocrx_word' id='word_1_50' title='bbox 856 514 928 542; x_wconf 87' lang='lat' dir='ltr'>sua</span> <span class='ocrx_word' id='word_1_51' title='bbox 955 502 1117 551; x_wconf 80' lang='lat' dir='ltr'>singulis</span> <span class='ocrx_word' id='word_1_52' title='bbox 1147 507 1310 541; x_wconf 89' lang='lat' dir='ltr'>constat.</span> <span class='ocrx_word' id='word_1_53' title='bbox 1352 502 1530 549; x_wconf 88' lang='lat' dir='ltr'>sequitur</span> 
     </span>
     <span class='ocr_line' id='line_1_7' title="bbox 277 555 1531 609; baseline -0.006 -9"><span class='ocrx_word' id='word_1_54' title='bbox 277 571 392 609; x_wconf 84' lang='lat' dir='ltr'>ergo,</span> <span class='ocrx_word' id='word_1_55' title='bbox 416 565 460 599; x_wconf 93' lang='lat' dir='ltr'>ut</span> <span class='ocrx_word' id='word_1_56' title='bbox 477 561 579 598; x_wconf 80' lang='lat' dir='ltr'>infra</span> <span class='ocrx_word' id='word_1_57' title='bbox 597 560 684 598; x_wconf 89' lang='lat' dir='ltr'>illas</span> <span class='ocrx_word' id='word_1_58' title='bbox 706 559 781 597; x_wconf 87' lang='lat' dir='ltr'>ista</span> <span class='ocrx_word' id='word_1_59' title='bbox 795 563 1007 597; x_wconf 85' lang='lat' dir='ltr'>nascantur</span> <span class='ocrx_word' id='word_1_60' title='bbox 1023 562 1061 596; x_wconf 89' lang='lat' dir='ltr'>et</span> <span class='ocrx_word' id='word_1_61' title='bbox 1076 558 1150 596; x_wconf 88' lang='lat' dir='ltr'>cito</span> <span class='ocrx_word' id='word_1_62' title='bbox 1166 556 1416 603; x_wconf 81' lang='lat' dir='ltr'>intercidant,</span> <span class='ocrx_word' id='word_1_63' title='bbox 1438 555 1531 604; x_wconf 87' lang='lat' dir='ltr'>quia</span> 
     </span>
     <span class='ocr_line' id='line_1_8' title="bbox 226 611 1531 659; baseline -0.006 -4"><span class='ocrx_word' id='word_1_64' title='bbox 226 622 266 655; x_wconf 94' lang='grc'>11</span> <span class='ocrx_word' id='word_1_65' title='bbox 277 617 362 655; x_wconf 89' lang='lat' dir='ltr'>sine</span> <span class='ocrx_word' id='word_1_66' title='bbox 390 615 643 654; x_wconf 82' lang='lat' dir='ltr'>fundamento</span> <span class='ocrx_word' id='word_1_67' title='bbox 671 619 709 652; x_wconf 89' lang='lat' dir='ltr'>et</span> <span class='ocrx_word' id='word_1_68' title='bbox 737 613 835 651; x_wconf 90' lang='lat' dir='ltr'>sede</span> <span class='ocrx_word' id='word_1_69' title='bbox 862 618 968 651; x_wconf 89' lang='lat' dir='ltr'>certa</span> <span class='ocrx_word' id='word_1_70' title='bbox 995 617 1096 650; x_wconf 85' lang='lat' dir='ltr'>sunt.</span> <span class='ocrx_word' id='word_1_71' title='bbox 1141 611 1295 659; x_wconf 80' lang='lat' dir='ltr'>„Quare</span> <span class='ocrx_word' id='word_1_72' title='bbox 1329 620 1422 657; x_wconf 84' lang='lat' dir='ltr'>ergo</span> <span class='ocrx_word' id='word_1_73' title='bbox 1450 619 1531 647; x_wconf 91' lang='lat' dir='ltr'>non</span> 
     </span>
     <span class='ocr_line' id='line_1_9' title="bbox 278 663 1530 714; baseline -0.006 -5"><span class='ocrx_word' id='word_1_74' title='bbox 278 671 394 709; x_wconf 89' lang='lat' dir='ltr'>etiam</span> <span class='ocrx_word' id='word_1_75' title='bbox 415 669 586 708; x_wconf 81' lang='lat' dir='ltr'>interdiu</span> <span class='ocrx_word' id='word_1_76' title='bbox 604 669 948 707; x_wconf 72' lang='lat' dir='ltr'>transferuntur2“</span> <span class='ocrx_word' id='word_1_77' title='bbox 995 666 1114 714; x_wconf 79' lang='lat' dir='ltr'>Quid,</span> <span class='ocrx_word' id='word_1_78' title='bbox 1144 667 1177 704; x_wconf 89' lang='lat' dir='ltr'>si</span> <span class='ocrx_word' id='word_1_79' title='bbox 1198 666 1308 703; x_wconf 88' lang='lat' dir='ltr'>dicas</span> <span class='ocrx_word' id='word_1_80' title='bbox 1323 666 1456 702; x_wconf 86' lang='lat' dir='ltr'>stellas</span> <span class='ocrx_word' id='word_1_81' title='bbox 1472 663 1530 701; x_wconf 92' lang='lat' dir='ltr'>in-</span> 
     </span>
     <span class='ocr_line' id='line_1_10' title="bbox 276 719 1532 771; baseline -0.006 -8"><span class='ocrx_word' id='word_1_82' title='bbox 276 725 405 764; x_wconf 84' lang='lat' dir='ltr'>terdiu</span> <span class='ocrx_word' id='word_1_83' title='bbox 422 735 501 762; x_wconf 90' lang='lat' dir='ltr'>non</span> <span class='ocrx_word' id='word_1_84' title='bbox 522 733 635 770; x_wconf 87' lang='lat' dir='ltr'>esse,</span> <span class='ocrx_word' id='word_1_85' title='bbox 655 722 748 771; x_wconf 87' lang='lat' dir='ltr'>quia</span> <span class='ocrx_word' id='word_1_86' title='bbox 761 733 839 761; x_wconf 90' lang='lat' dir='ltr'>non</span> <span class='ocrx_word' id='word_1_87' title='bbox 857 722 1074 770; x_wconf 65' lang='lat' dir='ltr'>adparent?</span> <span class='ocrx_word' id='word_1_88' title='bbox 1102 719 1428 768; x_wconf 83' lang='lat' dir='ltr'>quemadmodum</span> <span class='ocrx_word' id='word_1_89' title='bbox 1443 719 1532 756; x_wconf 87' lang='lat' dir='ltr'>illae</span> 
     </span>
     <span class='ocr_line' id='line_1_11' title="bbox 278 775 1532 825; baseline -0.006 -7"><span class='ocrx_word' id='word_1_90' title='bbox 278 781 397 818; x_wconf 86' lang='lat' dir='ltr'>latent</span> <span class='ocrx_word' id='word_1_91' title='bbox 423 785 461 817; x_wconf 90' lang='lat' dir='ltr'>et</span> <span class='ocrx_word' id='word_1_92' title='bbox 493 778 589 817; x_wconf 91' lang='lat' dir='ltr'>solis</span> <span class='ocrx_word' id='word_1_93' title='bbox 624 778 776 825; x_wconf 81' lang='lat' dir='ltr'>fulgore</span> <span class='ocrx_word' id='word_1_94' title='bbox 803 776 1100 820; x_wconf 80' lang='lat' dir='ltr'>obumbrantur,</span> <span class='ocrx_word' id='word_1_95' title='bbox 1140 775 1198 812; x_wconf 86' lang='lat' dir='ltr'>sic</span> <span class='ocrx_word' id='word_1_96' title='bbox 1231 775 1338 812; x_wconf 81' lang='lat' dir='ltr'>faces</span> <span class='ocrx_word' id='word_1_97' title='bbox 1373 782 1532 821; x_wconf 90' lang='lat' dir='ltr'>quoque</span> 
     </span>
     <span class='ocr_line' id='line_1_12' title="bbox 279 827 1531 878; baseline -0.006 -6"><span class='ocrx_word' id='word_1_98' title='bbox 279 838 549 872; x_wconf 86' lang='lat' dir='ltr'>transcurrunt</span> <span class='ocrx_word' id='word_1_99' title='bbox 571 837 610 870; x_wconf 87' lang='lat' dir='ltr'>et</span> <span class='ocrx_word' id='word_1_100' title='bbox 637 832 824 878; x_wconf 86' lang='lat' dir='ltr'>interdiu,</span> <span class='ocrx_word' id='word_1_101' title='bbox 854 831 927 869; x_wconf 91' lang='lat' dir='ltr'>sed</span> <span class='ocrx_word' id='word_1_102' title='bbox 946 829 1153 868; x_wconf 83' lang='lat' dir='ltr'>abscondit</span> <span class='ocrx_word' id='word_1_103' title='bbox 1171 829 1256 867; x_wconf 88' lang='lat' dir='ltr'>illas</span> <span class='ocrx_word' id='word_1_104' title='bbox 1277 827 1403 866; x_wconf 87' lang='lat' dir='ltr'>diurni</span> <span class='ocrx_word' id='word_1_105' title='bbox 1422 827 1531 865; x_wconf 89' lang='lat' dir='ltr'>lumi-</span> 
     </span>
     <span class='ocr_line' id='line_1_13' title="bbox 279 879 1532 935; baseline -0.006 -9"><span class='ocrx_word' id='word_1_106' title='bbox 279 889 341 926; x_wconf 88' lang='lat' dir='ltr'>nis</span> <span class='ocrx_word' id='word_1_107' title='bbox 362 888 530 926; x_wconf 87' lang='lat' dir='ltr'>claritas.</span> <span class='ocrx_word' id='word_1_108' title='bbox 570 887 604 924; x_wconf 92' lang='lat' dir='ltr'>si</span> <span class='ocrx_word' id='word_1_109' title='bbox 625 886 782 935; x_wconf 87' lang='lat' dir='ltr'>quando</span> <span class='ocrx_word' id='word_1_110' title='bbox 802 891 930 924; x_wconf 87' lang='lat' dir='ltr'>tamen</span> <span class='ocrx_word' id='word_1_111' title='bbox 953 886 1060 923; x_wconf 86' lang='lat' dir='ltr'>tanta</span> <span class='ocrx_word' id='word_1_112' title='bbox 1078 884 1136 921; x_wconf 90' lang='lat' dir='ltr'>vis</span> <span class='ocrx_word' id='word_1_113' title='bbox 1157 879 1333 929; x_wconf 80' lang='lat' dir='ltr'>emicuit,</span> <span class='ocrx_word' id='word_1_114' title='bbox 1358 885 1400 920; x_wconf 88' lang='lat' dir='ltr'>ut</span> <span class='ocrx_word' id='word_1_115' title='bbox 1419 881 1532 920; x_wconf 86' lang='lat' dir='ltr'>etiam</span> 
     </span>
     <span class='ocr_line' id='line_1_14' title="bbox 280 935 1532 987; baseline -0.007 -6"><span class='ocrx_word' id='word_1_116' title='bbox 280 944 474 981; x_wconf 88' lang='lat' dir='ltr'>adversus</span> <span class='ocrx_word' id='word_1_117' title='bbox 494 941 598 980; x_wconf 91' lang='lat' dir='ltr'>diem</span> <span class='ocrx_word' id='word_1_118' title='bbox 613 941 815 979; x_wconf 90' lang='lat' dir='ltr'>vindicare</span> <span class='ocrx_word' id='word_1_119' title='bbox 835 939 911 978; x_wconf 90' lang='lat' dir='ltr'>sibi</span> <span class='ocrx_word' id='word_1_120' title='bbox 929 940 1120 987; x_wconf 84' lang='lat' dir='ltr'>fulgorem</span> <span class='ocrx_word' id='word_1_121' title='bbox 1137 948 1250 976; x_wconf 91' lang='lat' dir='ltr'>suum</span> <span class='ocrx_word' id='word_1_122' title='bbox 1273 936 1442 985; x_wconf 86' lang='lat' dir='ltr'>possint,</span> <span class='ocrx_word' id='word_1_123' title='bbox 1464 935 1532 973; x_wconf 91' lang='lat' dir='ltr'>ad-</span> 
     </span>
     <span class='ocr_line' id='line_1_15' title="bbox 226 991 1532 1046; baseline -0.008 -9"><span class='ocrx_word' id='word_1_124' title='bbox 226 1006 270 1038; x_wconf 83' lang='lat'>12</span> <span class='ocrx_word' id='word_1_125' title='bbox 280 1002 430 1046; x_wconf 87' lang='lat' dir='ltr'>parent.</span> <span class='ocrx_word' id='word_1_126' title='bbox 474 997 618 1034; x_wconf 88' lang='lat' dir='ltr'>Nostra</span> <span class='ocrx_word' id='word_1_127' title='bbox 635 999 739 1033; x_wconf 87' lang='lat' dir='ltr'>certe</span> <span class='ocrx_word' id='word_1_128' title='bbox 759 999 867 1033; x_wconf 85' lang='lat' dir='ltr'>aetas</span> <span class='ocrx_word' id='word_1_129' title='bbox 887 1005 966 1032; x_wconf 90' lang='lat' dir='ltr'>non</span> <span class='ocrx_word' id='word_1_130' title='bbox 987 993 1108 1032; x_wconf 89' lang='lat' dir='ltr'>semel</span> <span class='ocrx_word' id='word_1_131' title='bbox 1126 992 1223 1030; x_wconf 85' lang='lat' dir='ltr'>vidit</span> <span class='ocrx_word' id='word_1_132' title='bbox 1237 992 1397 1030; x_wconf 87' lang='lat' dir='ltr'>diurnas</span> <span class='ocrx_word' id='word_1_133' title='bbox 1413 991 1532 1036; x_wconf 80' lang='lat' dir='ltr'>faces,</span> 
     </span>
     <span class='ocr_line' id='line_1_16' title="bbox 281 1046 1533 1093; baseline -0.007 -3"><span class='ocrx_word' id='word_1_134' title='bbox 281 1053 378 1090; x_wconf 88' lang='lat' dir='ltr'>alias</span> <span class='ocrx_word' id='word_1_135' title='bbox 406 1051 453 1089; x_wconf 87' lang='lat' dir='ltr'>ab</span> <span class='ocrx_word' id='word_1_136' title='bbox 475 1051 624 1088; x_wconf 89' lang='lat' dir='ltr'>oriente</span> <span class='ocrx_word' id='word_1_137' title='bbox 651 1050 689 1087; x_wconf 89' lang='lat' dir='ltr'>in</span> <span class='ocrx_word' id='word_1_138' title='bbox 718 1049 963 1087; x_wconf 89' lang='lat' dir='ltr'>occidentem</span> <span class='ocrx_word' id='word_1_139' title='bbox 988 1058 1147 1093; x_wconf 88' lang='lat' dir='ltr'>versas,</span> <span class='ocrx_word' id='word_1_140' title='bbox 1187 1047 1283 1084; x_wconf 90' lang='lat' dir='ltr'>alias</span> <span class='ocrx_word' id='word_1_141' title='bbox 1311 1046 1359 1083; x_wconf 89' lang='lat' dir='ltr'>ab</span> <span class='ocrx_word' id='word_1_142' title='bbox 1389 1055 1533 1083; x_wconf 90' lang='lat' dir='ltr'>occasu</span> 
     </span>
     <span class='ocr_line' id='line_1_17' title="bbox 280 1102 1534 1152; baseline -0.006 -8"><span class='ocrx_word' id='word_1_143' title='bbox 280 1108 320 1144; x_wconf 88' lang='lat' dir='ltr'>iu</span> <span class='ocrx_word' id='word_1_144' title='bbox 349 1110 487 1145; x_wconf 87' lang='lat' dir='ltr'>ortum.</span> <span class='ocrx_word' id='word_1_145' title='bbox 529 1109 799 1152; x_wconf 85' lang='lat' dir='ltr'>argumentum</span> <span class='ocrx_word' id='word_1_146' title='bbox 828 1102 1070 1150; x_wconf 81' lang='lat' dir='ltr'>tempestatis</span> <span class='ocrx_word' id='word_1_147' title='bbox 1093 1107 1234 1139; x_wconf 87' lang='lat' dir='ltr'>nautae</span> <span class='ocrx_word' id='word_1_148' title='bbox 1262 1105 1415 1149; x_wconf 84' lang='lat' dir='ltr'>putant,</span> <span class='ocrx_word' id='word_1_149' title='bbox 1447 1109 1534 1138; x_wconf 79' lang='lat' dir='ltr'>cum</span> 
     </span>
     <span class='ocr_line' id='line_1_18' title="bbox 282 1156 1533 1204; baseline -0.006 -6"><span class='ocrx_word' id='word_1_150' title='bbox 282 1162 426 1199; x_wconf 89' lang='lat' dir='ltr'>multae</span> <span class='ocrx_word' id='word_1_151' title='bbox 448 1160 692 1198; x_wconf 85' lang='lat' dir='ltr'>transvolant</span> <span class='ocrx_word' id='word_1_152' title='bbox 711 1158 859 1196; x_wconf 89' lang='lat' dir='ltr'>stellae.</span> <span class='ocrx_word' id='word_1_153' title='bbox 889 1157 996 1204; x_wconf 88' lang='lat' dir='ltr'>quod</span> <span class='ocrx_word' id='word_1_154' title='bbox 1016 1157 1050 1194; x_wconf 89' lang='lat' dir='ltr'>si</span> <span class='ocrx_word' id='word_1_155' title='bbox 1068 1161 1274 1194; x_wconf 88' lang='lat' dir='ltr'>ventorum</span> <span class='ocrx_word' id='word_1_156' title='bbox 1294 1156 1446 1202; x_wconf 82' lang='lat' dir='ltr'>signum</span> <span class='ocrx_word' id='word_1_157' title='bbox 1462 1158 1533 1199; x_wconf 88' lang='lat' dir='ltr'>est,</span> 
     </span>
     <span class='ocr_line' id='line_1_19' title="bbox 282 1208 1535 1260; baseline -0.007 -7"><span class='ocrx_word' id='word_1_158' title='bbox 282 1214 336 1253; x_wconf 90' lang='lat' dir='ltr'>ibi</span> <span class='ocrx_word' id='word_1_159' title='bbox 356 1219 434 1260; x_wconf 86' lang='lat' dir='ltr'>est,</span> <span class='ocrx_word' id='word_1_160' title='bbox 463 1214 568 1251; x_wconf 89' lang='lat' dir='ltr'>unde</span> <span class='ocrx_word' id='word_1_161' title='bbox 587 1212 694 1251; x_wconf 90' lang='lat' dir='ltr'>venti</span> <span class='ocrx_word' id='word_1_162' title='bbox 714 1217 822 1258; x_wconf 86' lang='lat' dir='ltr'>sunt,</span> <span class='ocrx_word' id='word_1_163' title='bbox 853 1211 893 1248; x_wconf 90' lang='lat' dir='ltr'>id</span> <span class='ocrx_word' id='word_1_164' title='bbox 911 1215 972 1248; x_wconf 89' lang='lat' dir='ltr'>est</span> <span class='ocrx_word' id='word_1_165' title='bbox 991 1211 1028 1248; x_wconf 93' lang='lat' dir='ltr'>in</span> <span class='ocrx_word' id='word_1_166' title='bbox 1049 1213 1159 1256; x_wconf 71' lang='lat' dir='ltr'>aere,</span> <span class='ocrx_word' id='word_1_167' title='bbox 1182 1210 1248 1257; x_wconf 87' lang='lat' dir='ltr'>qui</span> <span class='ocrx_word' id='word_1_168' title='bbox 1267 1209 1420 1246; x_wconf 91' lang='lat' dir='ltr'>medius</span> <span class='ocrx_word' id='word_1_169' title='bbox 1436 1208 1535 1246; x_wconf 90' lang='lat' dir='ltr'>inter</span> 
     </span>
     <span class='ocr_line' id='line_1_20' title="bbox 230 1262 1535 1312; baseline -0.005 -7"><span class='ocrx_word' id='word_1_170' title='bbox 230 1270 273 1305; x_wconf 80' lang='lat'>13</span> <span class='ocrx_word' id='word_1_171' title='bbox 283 1271 413 1308; x_wconf 91' lang='lat' dir='ltr'>lunam</span> <span class='ocrx_word' id='word_1_172' title='bbox 433 1273 472 1306; x_wconf 91' lang='lat' dir='ltr'>et</span> <span class='ocrx_word' id='word_1_173' title='bbox 492 1273 614 1306; x_wconf 86' lang='lat' dir='ltr'>terras</span> <span class='ocrx_word' id='word_1_174' title='bbox 635 1271 708 1305; x_wconf 89' lang='lat' dir='ltr'>est.</span> <span class='ocrx_word' id='word_1_175' title='bbox 751 1267 792 1305; x_wconf 91' lang='lat' dir='ltr'>In</span> <span class='ocrx_word' id='word_1_176' title='bbox 813 1275 955 1312; x_wconf 83' lang='lat' dir='ltr'>magna</span> <span class='ocrx_word' id='word_1_177' title='bbox 968 1268 1200 1312; x_wconf 84' lang='lat' dir='ltr'>tempestate</span> <span class='ocrx_word' id='word_1_178' title='bbox 1214 1264 1405 1311; x_wconf 84' lang='lat' dir='ltr'>adparere</span> <span class='ocrx_word' id='word_1_179' title='bbox 1421 1262 1535 1310; x_wconf 84' lang='lat' dir='ltr'>quasi</span> 
     </span>
     <span class='ocr_line' id='line_1_21' title="bbox 284 1317 1534 1364; baseline -0.007 -2"><span class='ocrx_word' id='word_1_180' title='bbox 284 1325 421 1363; x_wconf 89' lang='lat' dir='ltr'>stellae</span> <span class='ocrx_word' id='word_1_181' title='bbox 450 1324 579 1361; x_wconf 88' lang='lat' dir='ltr'>solent</span> <span class='ocrx_word' id='word_1_182' title='bbox 603 1322 693 1359; x_wconf 83' lang='lat' dir='ltr'>velo</span> <span class='ocrx_word' id='word_1_183' title='bbox 721 1321 948 1359; x_wconf 82' lang='lat' dir='ltr'>insidentes.</span> <span class='ocrx_word' id='word_1_184' title='bbox 992 1318 1169 1357; x_wconf 87' lang='lat' dir='ltr'>adiuvari</span> <span class='ocrx_word' id='word_1_185' title='bbox 1196 1319 1239 1355; x_wconf 87' lang='lat' dir='ltr'>&#39;se</span> <span class='ocrx_word' id='word_1_186' title='bbox 1266 1323 1358 1355; x_wconf 87' lang='lat' dir='ltr'>tunc</span> <span class='ocrx_word' id='word_1_187' title='bbox 1383 1317 1534 1364; x_wconf 83' lang='lat' dir='ltr'>pericli-</span> 
     </span>
     <span class='ocr_line' id='line_1_22' title="bbox 283 1373 1535 1417; baseline -0.006 -1"><span class='ocrx_word' id='word_1_188' title='bbox 283 1384 411 1417; x_wconf 87' lang='lat' dir='ltr'>tantes</span> <span class='ocrx_word' id='word_1_189' title='bbox 441 1374 666 1415; x_wconf 82' lang='lat' dir='ltr'>existimant</span> <span class='ocrx_word' id='word_1_190' title='bbox 681 1375 851 1413; x_wconf 88' lang='lat' dir='ltr'>Pollucis</span> <span class='ocrx_word' id='word_1_191' title='bbox 872 1379 910 1412; x_wconf 88' lang='lat' dir='ltr'>et</span> <span class='ocrx_word' id='word_1_192' title='bbox 932 1373 1104 1412; x_wconf 89' lang='lat' dir='ltr'>Castoris</span> <span class='ocrx_word' id='word_1_193' title='bbox 1124 1373 1292 1410; x_wconf 88' lang='lat' dir='ltr'>numine.</span> <span class='ocrx_word' id='word_1_194' title='bbox 1329 1382 1450 1409; x_wconf 85' lang='lat' dir='ltr'>causa</span> <span class='ocrx_word' id='word_1_195' title='bbox 1469 1382 1535 1408; x_wconf 86' lang='lat' dir='ltr'>au-</span> 
     </span>
     <span class='ocr_line' id='line_1_23' title="bbox 283 1426 1535 1478; baseline -0.007 -7"><span class='ocrx_word' id='word_1_196' title='bbox 283 1439 361 1472; x_wconf 85' lang='lat' dir='ltr'>tem</span> <span class='ocrx_word' id='word_1_197' title='bbox 380 1431 554 1470; x_wconf 88' lang='lat' dir='ltr'>melioris</span> <span class='ocrx_word' id='word_1_198' title='bbox 575 1429 662 1478; x_wconf 91' lang='lat' dir='ltr'>spei</span> <span class='ocrx_word' id='word_1_199' title='bbox 681 1434 759 1475; x_wconf 85' lang='lat' dir='ltr'>est,</span> <span class='ocrx_word' id='word_1_200' title='bbox 782 1428 888 1477; x_wconf 88' lang='lat' dir='ltr'>quod</span> <span class='ocrx_word' id='word_1_201' title='bbox 907 1430 983 1466; x_wconf 87' lang='lat' dir='ltr'>iam</span> <span class='ocrx_word' id='word_1_202' title='bbox 1003 1428 1165 1475; x_wconf 84' lang='lat' dir='ltr'>adparet</span> <span class='ocrx_word' id='word_1_203' title='bbox 1185 1426 1309 1474; x_wconf 76' lang='lat' dir='ltr'>frangi</span> <span class='ocrx_word' id='word_1_204' title='bbox 1327 1430 1535 1473; x_wconf 86' lang='lat' dir='ltr'>tempesta-</span> 
     </span>
     <span class='ocr_line' id='line_1_24' title="bbox 284 1482 1536 1531; baseline -0.008 -5"><span class='ocrx_word' id='word_1_205' title='bbox 284 1493 362 1526; x_wconf 89' lang='lat' dir='ltr'>tem</span> <span class='ocrx_word' id='word_1_206' title='bbox 381 1491 420 1525; x_wconf 84' lang='lat' dir='ltr'>et</span> <span class='ocrx_word' id='word_1_207' title='bbox 439 1486 620 1525; x_wconf 88' lang='lat' dir='ltr'>desinere</span> <span class='ocrx_word' id='word_1_208' title='bbox 638 1489 798 1523; x_wconf 85' lang='lat' dir='ltr'>ventos:</span> <span class='ocrx_word' id='word_1_209' title='bbox 827 1482 1002 1531; x_wconf 90' lang='lat' dir='ltr'>alioquin</span> <span class='ocrx_word' id='word_1_210' title='bbox 1024 1483 1213 1519; x_wconf 82' lang='lat' dir='ltr'>ferrentur</span> <span class='ocrx_word' id='word_1_211' title='bbox 1228 1482 1359 1528; x_wconf 81' lang='lat' dir='ltr'>ignes,</span> <span class='ocrx_word' id='word_1_212' title='bbox 1381 1491 1459 1517; x_wconf 89' lang='lat' dir='ltr'>non</span> <span class='ocrx_word' id='word_1_213' title='bbox 1475 1490 1536 1517; x_wconf 91' lang='lat' dir='ltr'>se-</span> 
     </span>
     <span class='ocr_line' id='line_1_25' title="bbox 231 1536 1538 1590; baseline -0.006 -11"><span class='ocrx_word' id='word_1_214' title='bbox 231 1544 275 1579; x_wconf 87' lang='lat'>14</span> <span class='ocrx_word' id='word_1_215' title='bbox 285 1542 435 1580; x_wconf 90' lang='lat' dir='ltr'>derent.</span> <span class='ocrx_word' id='word_1_216' title='bbox 488 1540 660 1590; x_wconf 83' lang='lat' dir='ltr'>Gylippo</span> <span class='ocrx_word' id='word_1_217' title='bbox 681 1538 903 1589; x_wconf 75' lang='lat' dir='ltr'>Syracusas</span> <span class='ocrx_word' id='word_1_218' title='bbox 933 1536 1076 1585; x_wconf 88' lang='lat' dir='ltr'>petenti</span> <span class='ocrx_word' id='word_1_219' title='bbox 1103 1536 1188 1573; x_wconf 88' lang='lat' dir='ltr'>visa</span> <span class='ocrx_word' id='word_1_220' title='bbox 1206 1540 1267 1573; x_wconf 89' lang='lat' dir='ltr'>est</span> <span class='ocrx_word' id='word_1_221' title='bbox 1285 1536 1397 1573; x_wconf 87' lang='lat' dir='ltr'>stella</span> <span class='ocrx_word' id='word_1_222' title='bbox 1417 1544 1538 1581; x_wconf 89' lang='lat' dir='ltr'>super</span> 
     </span>
     <span class='ocr_line' id='line_1_26' title="bbox 284 1589 1538 1644; baseline -0.007 -10"><span class='ocrx_word' id='word_1_223' title='bbox 284 1596 415 1644; x_wconf 87' lang='lat' dir='ltr'>ipsam</span> <span class='ocrx_word' id='word_1_224' title='bbox 436 1595 613 1632; x_wconf 87' lang='lat' dir='ltr'>lanceam</span> <span class='ocrx_word' id='word_1_225' title='bbox 636 1592 873 1632; x_wconf 88' lang='lat' dir='ltr'>constitisse.</span> <span class='ocrx_word' id='word_1_226' title='bbox 898 1592 936 1629; x_wconf 92' lang='lat' dir='ltr'>in</span> <span class='ocrx_word' id='word_1_227' title='bbox 955 1592 1222 1629; x_wconf 51' lang='lat' dir='ltr'>Romanorum*</span> <span class='ocrx_word' id='word_1_228' title='bbox 1241 1590 1377 1627; x_wconf 85' lang='lat' dir='ltr'>castris</span> <span class='ocrx_word' id='word_1_229' title='bbox 1400 1589 1538 1626; x_wconf 86' lang='lat' dir='ltr'>ardere</span> 
     </span>
     <span class='ocr_line' id='line_1_27' title="bbox 284 1643 1538 1696; baseline -0.006 -8"><span class='ocrx_word' id='word_1_230' title='bbox 284 1651 372 1689; x_wconf 86' lang='lat' dir='ltr'>visa</span> <span class='ocrx_word' id='word_1_231' title='bbox 392 1654 483 1688; x_wconf 87' lang='lat' dir='ltr'>sunt</span> <span class='ocrx_word' id='word_1_232' title='bbox 501 1649 598 1696; x_wconf 88' lang='lat' dir='ltr'>pila,</span> <span class='ocrx_word' id='word_1_233' title='bbox 616 1647 783 1696; x_wconf 74' lang='lat' dir='ltr'>&#39;ignibus</span> <span class='ocrx_word' id='word_1_234' title='bbox 802 1646 950 1684; x_wconf 87' lang='lat' dir='ltr'>scilicet</span> <span class='ocrx_word' id='word_1_235' title='bbox 969 1647 1007 1684; x_wconf 85' lang='lat' dir='ltr'>in</span> <span class='ocrx_word' id='word_1_236' title='bbox 1026 1645 1092 1682; x_wconf 91' lang='lat' dir='ltr'>illa</span> <span class='ocrx_word' id='word_1_237' title='bbox 1111 1645 1306 1692; x_wconf 88' lang='lat' dir='ltr'>delapsis,</span> <span class='ocrx_word' id='word_1_238' title='bbox 1334 1643 1399 1691; x_wconf 88' lang='lat' dir='ltr'>qui</span> <span class='ocrx_word' id='word_1_239' title='bbox 1415 1653 1538 1690; x_wconf 80' lang='lat' dir='ltr'>saepe</span> 
     </span>
     <span class='ocr_line' id='line_1_28' title="bbox 285 1697 1538 1749; baseline -0.008 -6"><span class='ocrx_word' id='word_1_240' title='bbox 285 1715 396 1743; x_wconf 88' lang='lat' dir='ltr'>more</span> <span class='ocrx_word' id='word_1_241' title='bbox 417 1704 618 1742; x_wconf 84' lang='lat' dir='ltr'>fulminum</span> <span class='ocrx_word' id='word_1_242' title='bbox 639 1701 847 1749; x_wconf 83' lang='lat' dir='ltr'>[animalia]</span> <span class='ocrx_word' id='word_1_243' title='bbox 869 1700 986 1739; x_wconf 82' lang='lat' dir='ltr'>ferire</span> <span class='ocrx_word' id='word_1_244' title='bbox 1006 1699 1134 1738; x_wconf 89' lang='lat' dir='ltr'>solent</span> <span class='ocrx_word' id='word_1_245' title='bbox 1153 1704 1190 1737; x_wconf 89' lang='lat' dir='ltr'>et</span> <span class='ocrx_word' id='word_1_246' title='bbox 1211 1698 1379 1737; x_wconf 86' lang='lat' dir='ltr'>arbusta.</span> <span class='ocrx_word' id='word_1_247' title='bbox 1412 1698 1483 1736; x_wconf 90' lang='lat' dir='ltr'>sed</span> <span class='ocrx_word' id='word_1_248' title='bbox 1504 1697 1538 1734; x_wconf 89' lang='lat' dir='ltr'>si</span> 
     </span>
     <span class='ocr_line' id='line_1_29' title="bbox 286 1753 1536 1803; baseline -0.006 -6"><span class='ocrx_word' id='word_1_249' title='bbox 286 1760 438 1797; x_wconf 85' lang='lat' dir='ltr'>minore</span> <span class='ocrx_word' id='word_1_250' title='bbox 466 1758 504 1795; x_wconf 90' lang='lat' dir='ltr'>vi</span> <span class='ocrx_word' id='word_1_251' title='bbox 531 1762 709 1803; x_wconf 88' lang='lat' dir='ltr'>utuntur,</span> <span class='ocrx_word' id='word_1_252' title='bbox 746 1754 923 1794; x_wconf 89' lang='lat' dir='ltr'>defluunt</span> <span class='ocrx_word' id='word_1_253' title='bbox 959 1757 1133 1802; x_wconf 87' lang='lat' dir='ltr'>[tantum]</span> <span class='ocrx_word' id='word_1_254' title='bbox 1162 1758 1199 1791; x_wconf 91' lang='lat' dir='ltr'>et</span> <span class='ocrx_word' id='word_1_255' title='bbox 1233 1753 1421 1798; x_wconf 88' lang='lat' dir='ltr'>insident,</span> <span class='ocrx_word' id='word_1_256' title='bbox 1458 1762 1536 1789; x_wconf 89' lang='lat' dir='ltr'>non</span> 
     </span>
     <span class='ocr_line' id='line_1_30' title="bbox 288 1805 1537 1855; baseline -0.006 -4"><span class='ocrx_word' id='word_1_257' title='bbox 288 1814 432 1852; x_wconf 87' lang='lat' dir='ltr'>feriunt</span> <span class='ocrx_word' id='word_1_258' title='bbox 457 1822 529 1850; x_wconf 87' lang='lat' dir='ltr'>nec</span> <span class='ocrx_word' id='word_1_259' title='bbox 549 1812 763 1849; x_wconf 79' lang='lat' dir='ltr'>voluerant.</span> <span class='ocrx_word' id='word_1_260' title='bbox 801 1809 866 1847; x_wconf 89' lang='lat' dir='ltr'>alii</span> <span class='ocrx_word' id='word_1_261' title='bbox 887 1810 987 1847; x_wconf 88' lang='lat' dir='ltr'>inter</span> <span class='ocrx_word' id='word_1_262' title='bbox 1003 1809 1130 1847; x_wconf 88' lang='lat' dir='ltr'>nubes</span> <span class='ocrx_word' id='word_1_263' title='bbox 1150 1808 1362 1855; x_wconf 91' lang='lat' dir='ltr'>eliduntur,</span> <span class='ocrx_word' id='word_1_264' title='bbox 1391 1805 1455 1844; x_wconf 91' lang='lat' dir='ltr'>alii</span> <span class='ocrx_word' id='word_1_265' title='bbox 1477 1816 1537 1844; x_wconf 90' lang='lat' dir='ltr'>se-</span> 
     </span>
     <span class='ocr_line' id='line_1_31' title="bbox 236 1862 1537 1914; baseline -0.008 -8"><span class='ocrx_word' id='word_1_266' title='bbox 236 1874 404 1914; x_wconf 84' lang='lat' dir='ltr'>15ren0‚</span> <span class='ocrx_word' id='word_1_267' title='bbox 432 1866 466 1905; x_wconf 89' lang='lat' dir='ltr'>si</span> <span class='ocrx_word' id='word_1_268' title='bbox 495 1876 562 1903; x_wconf 89' lang='lat' dir='ltr'>aer</span> <span class='ocrx_word' id='word_1_269' title='bbox 592 1866 641 1903; x_wconf 87' lang='lat' dir='ltr'>ad</span> <span class='ocrx_word' id='word_1_270' title='bbox 669 1864 949 1912; x_wconf 82' lang='lat' dir='ltr'>exprimendos</span> <span class='ocrx_word' id='word_1_271' title='bbox 972 1862 1084 1911; x_wconf 82' lang='lat' dir='ltr'>ig‘nes</span> <span class='ocrx_word' id='word_1_272' title='bbox 1105 1867 1220 1911; x_wconf 90' lang='lat' dir='ltr'>aptus</span> <span class='ocrx_word' id='word_1_273' title='bbox 1241 1863 1329 1899; x_wconf 86' lang='lat' dir='ltr'>suit:</span> <span class='ocrx_word' id='word_1_274' title='bbox 1367 1871 1455 1899; x_wconf 89' lang='lat' dir='ltr'>nam</span> <span class='ocrx_word' id='word_1_275' title='bbox 1476 1870 1537 1897; x_wconf 91' lang='lat' dir='ltr'>se-</span> 
     </span>
     <span class='ocr_line' id='line_1_32' title="bbox 288 1917 1539 1970; baseline -0.008 -10"><span class='ocrx_word' id='word_1_276' title='bbox 288 1933 384 1960; x_wconf 85' lang='lat' dir='ltr'>reno</span> <span class='ocrx_word' id='word_1_277' title='bbox 413 1928 571 1970; x_wconf 87' lang='lat' dir='ltr'>quoque</span> <span class='ocrx_word' id='word_1_278' title='bbox 599 1920 710 1958; x_wconf 86' lang='lat' dir='ltr'>coelo</span> <span class='ocrx_word' id='word_1_279' title='bbox 737 1918 949 1966; x_wconf 84' lang='lat' dir='ltr'>aliquando</span> <span class='ocrx_word' id='word_1_280' title='bbox 970 1922 1079 1956; x_wconf 82' lang='lat' dir='ltr'>tonat</span> <span class='ocrx_word' id='word_1_281' title='bbox 1097 1928 1147 1955; x_wconf 85' lang='lat' dir='ltr'>ex</span> <span class='ocrx_word' id='word_1_282' title='bbox 1165 1917 1302 1954; x_wconf 89' lang='lat' dir='ltr'>eadem</span> <span class='ocrx_word' id='word_1_283' title='bbox 1322 1925 1440 1953; x_wconf 86' lang='lat' dir='ltr'>causa</span> <span class='ocrx_word' id='word_1_284' title='bbox 1461 1924 1539 1961; x_wconf 88' lang='lat' dir='ltr'>qua</span> 
     </span>
     <span class='ocr_line' id='line_1_33' title="bbox 289 1969 1538 2022; baseline -0.008 -8"><span class='ocrx_word' id='word_1_285' title='bbox 289 1976 445 2022; x_wconf 89' lang='lat' dir='ltr'>nubilo,</span> <span class='ocrx_word' id='word_1_286' title='bbox 476 1977 567 2013; x_wconf 71' lang='lat' dir='ltr'>aere</span> <span class='ocrx_word' id='word_1_287' title='bbox 584 1975 684 2012; x_wconf 91' lang='lat' dir='ltr'>inter</span> <span class='ocrx_word' id='word_1_288' title='bbox 703 1983 746 2011; x_wconf 90' lang='lat' dir='ltr'>se</span> <span class='ocrx_word' id='word_1_289' title='bbox 766 1973 931 2011; x_wconf 89' lang='lat' dir='ltr'>conliso.</span> <span class='ocrx_word' id='word_1_290' title='bbox 970 1973 1037 2020; x_wconf 88' lang='lat' dir='ltr'>qui</span> <span class='ocrx_word' id='word_1_291' title='bbox 1056 1970 1207 2010; x_wconf 84' lang='lat' dir='ltr'>etiamsi</span> <span class='ocrx_word' id='word_1_292' title='bbox 1227 1975 1288 2008; x_wconf 89' lang='lat' dir='ltr'>est</span> <span class='ocrx_word' id='word_1_293' title='bbox 1309 1969 1473 2007; x_wconf 89' lang='lat' dir='ltr'>lucidior</span> <span class='ocrx_word' id='word_1_294' title='bbox 1491 1978 1538 2005; x_wconf 88' lang='lat' dir='ltr'>ac</span> 
     </span>
     <span class='ocr_line' id='line_1_34' title="bbox 290 2022 1539 2078; baseline -0.008 -9"><span class='ocrx_word' id='word_1_295' title='bbox 290 2030 452 2078; x_wconf 86' lang='lat' dir='ltr'>siccior,</span> <span class='ocrx_word' id='word_1_296' title='bbox 487 2030 591 2068; x_wconf 90' lang='lat' dir='ltr'>coire</span> <span class='ocrx_word' id='word_1_297' title='bbox 617 2034 745 2067; x_wconf 87' lang='lat' dir='ltr'>tamen</span> <span class='ocrx_word' id='word_1_298' title='bbox 773 2032 810 2065; x_wconf 89' lang='lat' dir='ltr'>et</span> <span class='ocrx_word' id='word_1_299' title='bbox 836 2027 965 2065; x_wconf 82' lang='lat' dir='ltr'>faeere</span> <span class='ocrx_word' id='word_1_300' title='bbox 992 2037 1161 2076; x_wconf 85' lang='lat' dir='ltr'>corpora</span> <span class='ocrx_word' id='word_1_301' title='bbox 1185 2025 1377 2073; x_wconf 89' lang='lat' dir='ltr'>quaedam</span> <span class='ocrx_word' id='word_1_302' title='bbox 1398 2022 1539 2060; x_wconf 85' lang='lat' dir='ltr'>similia</span> 
     </span>
     <span class='ocr_line' id='line_1_35' title="bbox 290 2077 1536 2133; baseline -0.008 -9"><span class='ocrx_word' id='word_1_303' title='bbox 290 2085 460 2124; x_wconf 89' lang='lat' dir='ltr'>nubibus</span> <span class='ocrx_word' id='word_1_304' title='bbox 489 2089 638 2133; x_wconf 86' lang='lat' dir='ltr'>potest,</span> <span class='ocrx_word' id='word_1_305' title='bbox 676 2092 778 2131; x_wconf 90' lang='lat' dir='ltr'>quae</span> <span class='ocrx_word' id='word_1_306' title='bbox 806 2091 998 2129; x_wconf 85' lang='lat' dir='ltr'>percussa</span> <span class='ocrx_word' id='word_1_307' title='bbox 1017 2081 1185 2118; x_wconf 85' lang='lat' dir='ltr'>reddant</span> <span class='ocrx_word' id='word_1_308' title='bbox 1210 2089 1364 2117; x_wconf 89' lang='lat' dir='ltr'>sonum.</span> <span class='ocrx_word' id='word_1_309' title='bbox 1410 2077 1536 2124; x_wconf 80' lang='lat' dir='ltr'>Quan—</span> 
     </span>
     <span class='ocr_line' id='line_1_36' title="bbox 291 2133 1538 2187; baseline -0.009 -8"><span class='ocrx_word' id='word_1_310' title='bbox 291 2140 425 2187; x_wconf 88' lang='lat' dir='ltr'>doque</span> <span class='ocrx_word' id='word_1_311' title='bbox 453 2149 546 2186; x_wconf 81' lang='lat' dir='ltr'>ergo</span> <span class='ocrx_word' id='word_1_312' title='bbox 579 2139 676 2177; x_wconf 88' lang='lat' dir='ltr'>fiunt</span> <span class='ocrx_word' id='word_1_313' title='bbox 701 2136 854 2182; x_wconf 86' lang='lat' dir='ltr'>trabes,</span> <span class='ocrx_word' id='word_1_314' title='bbox 886 2135 1123 2184; x_wconf 89' lang='lat' dir='ltr'>quandoque</span> <span class='ocrx_word' id='word_1_315' title='bbox 1143 2133 1258 2182; x_wconf 87' lang='lat' dir='ltr'>clipei</span> <span class='ocrx_word' id='word_1_316' title='bbox 1279 2137 1538 2183; x_wconf 82' lang='lat' dir='ltr'>etvastorum</span> 
     </span>
     <span class='ocr_line' id='line_1_37' title="bbox 292 2185 1538 2242; baseline -0.008 -10"><span class='ocrx_word' id='word_1_317' title='bbox 292 2194 482 2242; x_wconf 84' lang='lat' dir='ltr'>imagines</span> <span class='ocrx_word' id='word_1_318' title='bbox 508 2193 672 2241; x_wconf 83' lang='lat' dir='ltr'>ignium,</span> <span class='ocrx_word' id='word_1_319' title='bbox 705 2191 771 2230; x_wconf 88' lang='lat' dir='ltr'>ubi</span> <span class='ocrx_word' id='word_1_320' title='bbox 795 2191 837 2229; x_wconf 84' lang='lat' dir='ltr'>in</span> <span class='ocrx_word' id='word_1_321' title='bbox 862 2191 978 2229; x_wconf 85' lang='lat' dir='ltr'>talem</span> <span class='ocrx_word' id='word_1_322' title='bbox 1004 2188 1203 2228; x_wconf 86' lang='lat' dir='ltr'>materiam</span> <span class='ocrx_word' id='word_1_323' title='bbox 1236 2187 1371 2226; x_wconf 86' lang='lat' dir='ltr'>similis</span> <span class='ocrx_word' id='word_1_324' title='bbox 1405 2185 1538 2224; x_wconf 88' lang='lat' dir='ltr'>incidit</span> 
     </span>
     <span class='ocr_line' id='line_1_38' title="bbox 294 2247 741 2294; baseline -0.007 -8"><span class='ocrx_word' id='word_1_325' title='bbox 294 2259 427 2294; x_wconf 85' lang='lat' dir='ltr'>causa,</span> <span class='ocrx_word' id='word_1_326' title='bbox 463 2248 536 2286; x_wconf 91' lang='lat' dir='ltr'>sed</span> <span class='ocrx_word' id='word_1_327' title='bbox 553 2247 689 2285; x_wconf 85' lang='lat' dir='ltr'>maior.</span> <span class='ocrx_word' id='word_1_328' title='bbox 739 2271 741 2274; x_wconf 35' lang='grc' dir='ltr'>ι</span> 
     </span>
     <span class='ocr_line' id='line_1_39' title="bbox 258 2294 1537 2349; baseline -0.007 -8"><span class='ocrx_word' id='word_1_329' title='bbox 258 2309 275 2341; x_wconf 88' lang='grc'>1</span> <span class='ocrx_word' id='word_1_330' title='bbox 372 2303 416 2340; x_wconf 91' lang='lat' dir='ltr'>II.</span> <span class='ocrx_word' id='word_1_331' title='bbox 454 2302 736 2341; x_wconf 87' lang='lat' dir='ltr'>Videamus·</span> <span class='ocrx_word' id='word_1_332' title='bbox 758 2309 903 2349; x_wconf 85' lang='lat' dir='ltr'>nunc,</span> <span class='ocrx_word' id='word_1_333' title='bbox 940 2297 1340 2348; x_wconf 85' lang='lat' dir='ltr'>quemadmodum</span> <span class='ocrx_word' id='word_1_334' title='bbox 1375 2294 1537 2334; x_wconf 80' lang='lat' dir='ltr'>fiatis</span> 
     </span>
    </p>
   </div>
  </div>
 </body>
</html>
