1624 2626
158 188 229 228 AD
256 184 551 226 GAIJLIONEM
578 185 646 225 DE
674 185 800 224 VITA
825 183 1010 224 ΒΕΑΤΑ.
1041 190 1199 227 11—13.
1247 182 1329 225 149

41 289 237 330 Desinant
251 297 349 336 ergo
367 284 688 326 inconvenientia
701 285 866 335 iungere
881 290 920 325 et
934 286 1069 326 virtuti
1085 287 1328 337 voluptatem
1347 292 1370 327 3

12 345 249 395 inplicare,
270 353 345 393 per
364 344 474 392 quod
492 342 630 382 vitium
646 342 836 391 pessimis
856 341 1088 392 quibusque
1103 343 1328 383 adulantur.

12 379 26 416 ¹
44 402 114 442 Ille
124 400 299 441 effusus
290 410 327 437 m
337 400 577 448 voluptates,
593 398 866 438 ructabundus
877 408 1040 448 semper
1049 403 1169 447 atque
1180 398 1328 448 ebrius,

10 452 140 507 quia
160 455 236 495 scit
254 466 301 494 se
321 466 410 494 cum
429 455 636 504 xoluptate
663 454 813 502 vivere,
834 454 960 494 credit
987 458 1027 494 et
1054 465 1145 493 cum
1171 455 1329 494 virtute.

9 502 12 562 ἶ
42 513 154 552 audit
171 512 276 550 enim
285 512 530 560 voluptatem
541 511 723 559 separari
734 511 912 550 avirtute
922 521 1002 550 non
1015 520 1152 559 posse.
1182 510 1330 549 deinde

9 604 11 611 χ
41 569 148 608 vitiis
168 567 254 607 suis
275 567 512 616 sapientiam
536 566 718 605 inscribit
737 571 776 606 et
795 566 1083 606 abscondenda
1102 566 1328 616 profitetur.

41 625 181 673 Itaque
201 634 281 662 non
304 623 354 661 ab
374 622 549 672 Epicuro
568 622 718 671 inpulsi
738 621 1007 669 luxuriantur,
1038 623 1112 661 sed
1131 621 1238 661 vitiis
1260 622 1329 661 de·
1347 624 1372 658 4

43 680 114 719 diti
132 680 330 719 lux-uriam
347 690 460 718 suam
481 679 519 717 in
538 678 822 728 philosophiae
841 678 932 717 sinu
952 678 1205 717 abscondunt
1221 683 1260 718 et
1279 688 1329 717 eo

42 739 294 782 concurrunt,
311 734 552 774 ubiaudiant
566 734 720 773 laudari
735 734 993 783 voluptatem.
1014 744 1088 773 nec
1103 733 1328 782 aestimant,

41 792 229 840 voluptas
250 791 316 829 illa
334 789 518 839 Epicuri,
547 790 601 829 ita
627 789 734 829 enim
754 790 1004 829 mehercules
1025 790 1176 838 sentio,
1206 800 1328 838 quam

42 847 180 887 sobria
199 857 246 886 ac
267 845 376 885 sicca
397 845 460 893 sit,
490 846 564 885 sed
585 846 636 885 ad
655 857 799 885 nomen
828 846 961 895 ipsum
985 846 1176 885 advolant
1205 856 1328 895 quae—

40 908 175 942 rentes
196 902 426 941 libidinibus
436 902 521 941 suis
534 902 797 951 patrocinium
807 902 972 951 aliquod
992 912 1039 941 ac
1049 902 1328 940 velamentum.

41 959 181 1008 Itaque
200 958 309 1007 quod
319 969 440 997 unum
457 957 714 997 habebantvin
731 958 846 996 malis
866 958 1014 997 bonum
1032 958 1216 1006 perdunt,
1235 967 1328 1007 pec·
1350 958 1371 991 5

6 1014 7 1022 ¹
42 1014 162 1053 candi
187 1014 484 1053 verecundiam.
536 1013 701 1052 laudant
718 1013 823 1052 enim
850 1023 917 1061 ea,
947 1013 1092 1063 quibus
1114 1013 1327 1052 erubesce—

41 1070 139 1110 bant
154 1075 194 1109 et
209 1069 303 1108 vitio
313 1069 543 1118 gloriantur.
564 1069 740 1118 ideoque
755 1078 806 1106 ne
821 1079 1035 1117 resurgere
1052 1069 1212 1118 quidem
1230 1069 1327 1107 adu-

42 1125 371 1172 lescentiaelicet‚
391 1135 481 1163 cum
501 1124 695 1164 honestus
713 1124 818 1173 turpi
836 1124 1017 1163 desidiae
1034 1124 1169 1164 titulus
1188 1135 1327 1163 acces-

42 1182 112 1221 sit:
139 1181 218 1221 hoc
228 1186 290 1220 est
300 1191 370 1220 cur
389 1181 466 1220 ista
478 1179 692 1230 voluptatis
712 1179 888 1219 laudatio
908 1179 1134 1230 perniciosa
1154 1180 1216 1229 sit,
1235 1181 1329 1230 quia

42 1237 213 1277 honesta
234 1242 452 1287 praecepta
469 1237 573 1276 intra
592 1238 724 1283 latent,
754 1236 865 1285 quod
885 1236 1117 1286 corrumpit,
1147 1237 1328 1285 adparet.

121 1293 223 1333 XIII.
251 1293 296 1332 In
316 1303 365 1331 ea
386 1293 548 1342 quidem
567 1292 656 1342 ipsa
671 1291 871 1331 sententia
889 1303 990 1341 sum,
1011 1293 1144 1332 invitis
1160 1292 1238 1332 hoc
1257 1303 1329 1331 no·
1355 1300 1369 1331 t

0 1361 3 1404 ᾗ
25 1349 136 1389 ‘stris
157 1347 419 1399 popularibus
440 1348 581 1396 dicam,
613 1353 752 1387 sancta
770 1348 986 1397 Epicurum
1014 1353 1053 1388 et
1079 1354 1190 1387 recta
1213 1359 1327 1398 prae-

41 1405 178 1455 cipere
197 1410 247 1453 et,
268 1405 303 1444 si
318 1405 485 1454 propius
501 1404 740 1453 accesseris,
759 1405 906 1444 tristia:
935 1405 1122 1454 voluptas
1139 1405 1244 1443 enirn
1264 1405 1331 1443 illa

41 1462 94 1500 ad
116 1472 282 1510 parvum
303 1465 344 1499 et
363 1462 468 1500 exile
486 1465 701 1500 revocatur
719 1466 758 1500 et
787 1471 907 1510 quam
934 1471 1009 1500 nos
1042 1461 1172 1500 virtuti
1197 1462 1329 1509 legem

43 1516 226 1565 dicimus,
255 1527 343 1555 eam
362 1517 428 1555 ille
447 1516 544 1556 dicit
570 1517 786 1566 voluptati:
815 1517 926 1556 iubet
952 1518 1058 1555 illam
1087 1527 1229 1566 parere
1258 1526 1328 1555 na-

40 1578 169 1612 turae.
209 1583 349 1621 parum
370 1577 431 1611 est
448 1577 576 1612 autem
600 1572 781 1612 luxuriae
801 1573 911 1622 quod
934 1577 1101 1612 naturae
1129 1572 1227 1612 satis
1253 1576 1327 1611 est.

43 1628 146 1676 Quid
173 1638 270 1677 ergo
293 1632 382 1666 est?
418 1629 512 1676 [ille]
536 1628 720 1678 quisquis
737 1629 987 1668 desidiosum
1008 1628 1132 1668 otium
1154 1634 1192 1667 et
1210 1629 1328 1677 gulae
1348 1631 1370 1664 2

41 1736 94 1779 rie
110 1745 311 1779 auctorem
334 1745 382 1787 et,
413 1739 508 1778 dum
535 1739 602 1779 illo
622 1741 733 1779 venit
758 1741 907 1780 blando
934 1741 1096 1780 nomine
1124 1741 1326 1787 inductus,

43 1796 226 1845 sequitur
243 1797 489 1845 voluptatem
508 1806 587 1835 non
615 1806 735 1845 quam
764 1796 892 1845 audit,
921 1797 995 1836 sed
1025 1807 1145 1846 quam
1174 1796 1327 1843 adtulit,

42 1856 82 1891 et
100 1851 198 1891 vitia
212 1863 288 1891 sua
306 1862 394 1891 eum
417 1851 550 1900 coepit
565 1857 706 1901 putare
726 1851 868 1892 similia
887 1852 1127 1902 praeceptis,
1148 1852 1330 1900 indulget

42 1907 119 1946 illis
136 1919 215 1946 non
230 1908 365 1947 timide
381 1917 456 1946 nec
472 1908 657 1958 obscure.
668 1909 900 1956 luxuriatur,
911 1912 949 1948 et
964 1908 1044 1947 iam
1053 1908 1172 1955 nude,
1186 1913 1327 1958 aperto

43 1964 186 2012 capite.
222 1965 362 2013 ltaque
381 1975 462 2002 non
483 1964 626 2013 dicam,
655 1965 765 2014 quod
785 1964 968 2014 plerique
993 1969 1235 2012 nostrorum,
1263 1973 1327 2002 se-

4 2018 11 2023 ’
43 2023 145 2058 ctam
158 2019 323 2070 Epicuri
339 2019 512 2069 flag1t101
515 2031 579 2059 um
604 2020 833 2068 magistram
854 2031 961 2069 esse,
989 2020 1063 2060 sed
1091 2019 1188 2058 illud
1215 2019 1326 2059 dico·

44 2075 147 2114 male
166 2076 287 2124 audit,
307 2076 467 2115 infamis
488 2081 560 2123 est,
583 2081 622 2114 et
639 2075 835 2117 inmerito.
869 2077 982 2125 „Hoc
1002 2076 1107 2115 scire
1126 2075 1194 2125 qui
1213 2080 1326 2125 potes
1343 2083 1366 2118 3

43 2130 120 2170 nisi
140 2131 305 2171 interius
323 2133 587 2171 admissus?“
614 2132 744 2171 Frons
764 2132 850 2171 eius
870 2133 961 2181 ipsa
977 2133 1044 2171 dat
1058 2133 1188 2172 locum
1210 2131 1324 2171 sabu-

4 2198 6 2200 ’
43 2186 106 2225 lae
125 2193 165 2227 et
184 2188 234 2227 ad
254 2189 399 2227 malam
418 2199 534 2238 spem
555 2188 698 2227 inritat.
735 2187 813 2227 hoc
833 2189 912 2227 tale
932 2192 1004 2236 est,
1027 2188 1146 2237 quale
1163 2187 1225 2226 vir
1244 2188 1323 2227 sor—

43 2241 94 2281 tis
113 2245 255 2284 stolam
274 2244 451 2283 indutus.
490 2244 687 2284 constanti
715 2243 784 2282 tibi
811 2244 1002 2292 pudicitia
1024 2244 1190 2284 virilitas
1210 2245 1325 2283 salva

44 2301 117 2347 est,
137 2300 400 2349 nulli·corpus
421 2305 531 2340 tuum
551 2301 655 2350 turpi
673 2299 884 2349 patientiae
905 2305 1031 2347 vacat,
1052 2300 1125 2339 sed
1143 2299 1182 2339 in
1202 2310 1325 2339 manu

43 2357 273 2405 tympanum
295 2361 380 2396 est·
407 2356 542 2409 titulus
569 2357 704 2406 itaque
723 2356 918 2396 honestus
939 2354 1107 2405 eligatur
1126 2361 1165 2396 et
1183 2356 1323 2396 inscri-

11 2537 47 2626 {i

38 2595 50 2612 ‘¹.
