1624 2626
418 192 484 234 DE
502 191 792 233 BREVITATE
810 192 980 233 VITAE.
1009 199 1044 235 6.
1064 198 1099 235 7.
1317 193 1400 235 203

123 295 218 337 dum
243 294 297 336 ita
326 294 563 345 percepisse
587 294 666 334 visi
696 299 807 342 sunt,
837 299 883 334 ut
906 293 1026 333 etiam
1048 292 1284 344 praecipere
1302 305 1398 345 pos-

122 355 229 392 sent:
258 351 394 391 vivere
412 355 496 391 tota
515 350 597 390 vita
615 350 855 390 discendum
874 355 936 390 est
955 354 1013 398 et,
1045 351 1156 400 quod
1174 351 1303 400 magis
1320 351 1399 391 for-

122 414 232 448 tasse
246 406 464 456 mirabere,
484 411 567 447 tota
580 407 662 446 vita
677 406 915 446 discendum
930 411 992 446 est
1006 407 1121 446 mori.
1150 408 1224 447 Tot
1238 406 1400 446 maximi
1414 413 1438 448 4

118 463 194 503 viri
211 462 360 503 relictis
381 462 566 503 omnibus
587 462 890 512 inpedimentis,
928 471 1017 502 cum
1038 461 1205 512 divitiis,
1239 463 1400 511 officiis,

117 520 390 569 voluptatibus
404 518 724 567 renuntiassent,
745 519 824 558 hoc
837 529 960 558 unum
974 517 1015 558 in
1032 523 1250 558 extremam
1266 529 1400 568 usque

119 580 289 615 aetatem
315 579 500 624 egerunt,
529 581 574 615 ut
591 575 728 614 vivere
747 574 916 614 scirent:
954 575 1092 624 plures
1111 579 1244 614 tamen
1265 585 1316 613 ex
1335 573 1399 614 his

119 631 298 671 nondum
332 642 379 670 se
406 632 512 671 scire
538 631 717 671 confessi
746 631 826 670 vita
853 629 1054 679 abierunt,
1087 631 1236 670 nedum
1262 635 1307 670 ut
1333 631 1399 670 isti

119 689 258 727 sciant.
306 687 461 736 Magni,
497 686 594 726 mihi
622 687 762 735 erede,
800 690 841 725 et
866 697 990 735 supra
1015 685 1216 726 humanos
1237 696 1397 726 errores
1414 694 1436 728 5

118 743 328 782 eminentis
348 743 420 782 viri
440 743 618 782 estnihil
636 753 689 782 ex
708 753 783 783 suo
803 748 984 792 tempore
1001 741 1169 781 delibari
1185 742 1330 782 sinere.
1359 748 1399 783 et

119 800 210 838 ideo
230 798 317 837 eius
337 799 417 838 vita
437 799 672 848 longissima
687 804 768 847 est,
798 798 912 847 quia,
941 803 1310 848 quantumcumque
1330 809 1398 848 pa-

118 855 208 903 tuit,
236 859 361 894 totum
387 855 467 903 ipsi
486 854 656 895 vacavit.
703 855 801 893 nihii
819 855 914 893 inde
932 854 1122 893 incultum
1143 854 1400 904 otiosumque

119 910 330 959 [vacavit],
359 910 457 949 nihil
484 911 560 950 sub
589 911 667 950 alio
695 911 776 950 suit.
817 920 951 959 neque
976 910 1080 949 enim
1102 911 1318 960 quicquam
1336 921 1399 949 re—

118 967 223 1016 perit
242 966 424 1015 dignum,
458 967 680 1016 quodcum
699 972 880 1016 tempore
901 977 976 1006 suo
998 971 1241 1015 permutaret
1259 970 1399 1005 eustos

119 1022 207 1062 eius
235 1022 511 1071 parcissimus.
547 1022 682 1072 itaque
710 1023 808 1062 satis
835 1022 891 1060 illi
910 1022 1000 1060 fuit:
1037 1022 1087 1060 iis
1106 1032 1205 1061 vero
1225 1032 1399 1062 necesse

118 1083 182 1117 est
201 1078 399 1127 defuisse,
429 1088 480 1117 ex
501 1089 671 1128 quorum
689 1077 772 1118 vita
791 1078 956 1117 multum
976 1079 1154 1127 populus
1174 1078 1273 1117 tulit.
1317 1079 1399 1117 Nee
1414 1081 1436 1116 6

119 1139 181 1173 est
208 1135 316 1184 quod
344 1137 462 1183 putes
489 1134 582 1173 hinc
607 1134 698 1174 illos
720 1133 937 1183 aliquando
958 1132 1189 1182 intellegere
1207 1135 1397 1173 damnum

118 1200 256 1229 suum:
284 1191 505 1239 plerosque
534 1196 642 1230 certe
668 1190 809 1229 audies
838 1199 891 1228 ex
910 1189 994 1238 his,
1024 1201 1128 1239 quos
1149 1201 1295 1239 magna
1313 1190 1399 1229 feli-

117 1246 216 1285 citas
232 1250 390 1295 gravat‚
410 1246 512 1285 inter
526 1246 726 1285 clientium
742 1256 888 1295 greges
903 1250 972 1285 aut
986 1256 1200 1285 causarum
1216 1247 1399 1286 actiones

118 1306 186 1341 aut
212 1306 366 1341 ceteras
394 1301 586 1341 honestas
613 1301 798 1341 miserias
816 1303 1044 1341 exclamare
1066 1302 1282 1342 interdum:
1312 1302 1398 1350 „vi-

119 1367 213 1396 vere
231 1357 327 1396 mihi
346 1369 426 1397 non
446 1358 578 1397 licet.“
616 1358 759 1406 Quidni
779 1369 860 1397 non
880 1358 1025 1397 liceat?
1060 1368 1202 1397 omnes
1223 1358 1299 1406 illi,
1329 1358 1434 1406 qui?

117 1417 156 1451 te
179 1413 255 1452 sibi
275 1413 493 1462 advocant,
522 1413 592 1453 tibi
611 1415 827 1453 abducunt.
870 1414 942 1453 Ille
959 1424 1056 1453 reus
1077 1419 1176 1463 quot
1197 1414 1285 1454 dies
1306 1413 1397 1453 abs-

118 1468 232 1507 tulit?
268 1474 364 1518 quot
389 1469 454 1508 iile
481 1470 748 1509 candidatus?
777 1474 876 1519 quot
893 1470 959 1508 illa
978 1481 1080 1509 anus
1095 1469 1312 1509 efferendis
1327 1469 1396 1507 he·

118 1523 284 1562 redibus
303 1525 440 1563 lassa?
475 1529 572 1574 quot
590 1526 655 1565 ille
675 1526 727 1564 ad
746 1526 984 1565 inritandam
1003 1526 1210 1564 avaritiam
1233 1530 1396 1574 captan-

120 1579 216 1618 tium
231 1579 439 1619 simulatus
455 1585 604 1629 aeger?
633 1586 730 1631 quot
745 1581 810 1621 ille
825 1581 1026 1631 potentior
1041 1582 1194 1621 amicus
1205 1612 1214 1627 ,
1237 1582 1305 1630 qui
1322 1592 1398 1621 vos

119 1645 202 1674 non
229 1635 270 1674 in
295 1635 527 1684 amicitiam,
565 1637 638 1675 sed
665 1638 703 1676 in
731 1638 968 1687 adparatum
991 1637 1141 1676 habet?
1175 1637 1396 1686 Dispunge‚

119 1690 302 1740 inquam,
338 1696 377 1730 et
400 1701 570 1730 recense
593 1693 697 1732 vitae
717 1698 809 1732 tuae
829 1694 937 1733 dies:
973 1693 1130 1732 videbis
1152 1704 1306 1742 paucos
1328 1693 1398 1732 ad·

119 1747 284 1786 modum
301 1750 340 1785 et
355 1748 526 1786 reiculos
542 1748 652 1796 apud
666 1753 704 1788 te
718 1749 936 1788 resedisse.
964 1748 1197 1788 Adsecutus
1213 1750 1279 1788 ille
1296 1760 1399 1798 quos
1412 1755 1436 1790 8

120 1807 330 1852 optaverat
358 1803 493 1842 fasces
514 1804 623 1852 cupit
642 1814 794 1853 ponere
813 1809 853 1844 et
870 1805 1043 1844 subinde
1063 1805 1176 1844 dicit:
1205 1805 1398 1853 „quando

118 1857 186 1898 hic
205 1869 334 1898 annus
356 1858 643 1907 praeteribit⁴3“
671 1859 783 1900 Facit
801 1860 867 1899 ille
885 1861 1024 1908 ludos,
1054 1872 1225 1910 quorum
1248 1865 1399 1899 sortem

119 1914 196 1953 sibi
216 1914 423 1963 obtingere
444 1925 588 1964 magno
609 1916 850 1955 aestimavit:
880 1917 1091 1965 „quando,
1117 1917 1266 1965 inquit,
1296 1916 1398 1955 istos

120 1968 307 2019 effugiam
316 1974 359 2008 ?“
389 1970 580 2020 Diripitur
594 1971 660 2010 ille
674 1975 757 2011 toto
774 1972 862 2011 soro
880 1977 1074 2020 patronus
1091 1977 1131 2010 et
1144 1982 1292 2020 magno
1302 1982 1398 2011 con-

119 2036 243 2065 cursu
262 2024 394 2066 omnia
413 2027 532 2076 ultra,
562 2037 682 2076 quam
702 2027 829 2066 audiri
851 2031 1003 2077 potest,
1032 2028 1215 2076 conplet:
1243 2038 1399 2077 „quan-

119 2081 193 2130 do,
218 2081 364 2132 inquit,
392 2093 459 2121 res
482 2083 796 2132 proferentur¹3“
823 2083 1064 2132 Praecipitat
1084 2083 1260 2132 quisque
1279 2084 1397 2123 vitam

119 2147 234 2176 suam
254 2144 292 2177 et
309 2138 428 2177 futuri
449 2139 651 2178 desiderio
672 2139 845 2187 laborat,
875 2139 1148 2188 praesentium
1167 2138 1316 2179 taedio.
1342 2140 1397 2179 At
1411 2145 1434 2180 9

117 2191 184 2232 ille
213 2193 280 2242 qui
311 2194 463 2233 nullum
495 2205 576 2233 non
605 2199 764 2243 tempus
791 2195 830 2233 in
859 2205 960 2234 usus
989 2205 1090 2234 suos
1117 2194 1296 2242 confert,
1328 2196 1397 2244 qui

119 2258 260 2287 omnes
279 2249 367 2288 dies
387 2255 589 2300 tamquam
608 2251 729 2289 vitam
750 2251 925 2299 ordinat,
954 2260 1031 2289 nec
1051 2254 1161 2300 optat
1179 2250 1397 2291 crastinum

119 2313 194 2342 nee
211 2305 330 2345 timet.
380 2305 483 2354 Quid
502 2307 606 2345 enim
628 2312 708 2354 est,
731 2307 842 2356 quod
860 2305 939 2346 iam
957 2307 1040 2346 ulla
1057 2306 1157 2345 hora
1175 2316 1307 2346 novae
1324 2318 1396 2346 vo·

121 2358 281 2409 luptatis
301 2362 432 2411 possit
451 2362 636 2402 adferre?
665 2362 797 2402 omnia
815 2366 929 2412 nota,
950 2362 1084 2402 omnia
1101 2362 1155 2402 ad
1174 2362 1397 2403 satietatem
