1592 2580
311 163 389 203 116
681 161 724 199 L.
753 160 942 199 ANNAEI
967 159 1191 198 SENECAE

309 273 393 300 rem
412 259 753 307 inaestimabilem,
784 259 901 297 vitam
921 269 967 297 ac
986 257 1234 297 valitudinem
1256 259 1418 305 bonam,
1449 271 1471 298 a
1492 261 1560 299 bo—

310 327 447 354 narum
476 315 614 353 artium
643 319 902 362 praeceptore
928 313 1057 351 studia
1084 313 1260 351 liberalia
1287 319 1325 351 et
1347 315 1462 352 animi
1481 317 1558 353 cul-

310 376 410 409 tum:
446 370 579 418 itaque
606 369 667 407 his
699 379 776 406 non
805 368 859 405 rei
889 368 1074 415 pretium,
1111 367 1183 405 sed
1212 378 1356 416 operae
1384 369 1558 415 solvitur,

311 425 419 473 quod
439 425 682 471 deserviunt,
705 423 813 470 quod
832 434 855 460 a
873 422 992 459 rebus
1012 422 1094 459 suis
1110 422 1263 460 evocati
1279 423 1392 460 nobis
1410 429 1560 461 vacant.

272 486 294 519 3
309 480 530 517 mercedem
547 489 625 516 non
641 476 776 524 meriti,
795 477 867 514 sed
882 476 1150 523 occupationis
1167 487 1263 514 suae
1279 477 1417 515 serunt.
1443 478 1561 515 Aliud

309 540 439 573 tamen
467 533 544 571 dici
571 537 703 581 potest
730 532 882 578 verius,
912 530 1019 579 quod
1044 529 1172 568 statim
1196 542 1360 579 ponam,
1391 532 1424 569 si
1452 533 1560 578 prius

311 588 510 636 quomodo
537 587 642 625 istud
668 585 794 625 refelli
816 586 942 634 possit
961 585 1184 623 ostendero.
1233 585 1476 632 „Quaedam‚
1504 587 1559 623 in-

312 643 413 691 quit,
443 642 566 690 pluris
596 647 687 680 sunt
715 651 832 688 quam
851 639 1057 678 venierunt
1076 644 1113 677 et
1140 639 1190 677 ob
1209 639 1285 678 hoc
1305 640 1453 687 aliquid
1471 640 1563 678 mihi

274 705 297 738 4
311 702 422 735 extra
441 707 513 744 pro
529 697 617 742 iilis,
639 695 818 743 quamvis
834 698 963 742 empta
978 695 1065 741 sint,
1086 693 1250 731 debes.“
1285 693 1452 731 Primum
1469 694 1563 742 quid

310 753 484 799 interest,
501 751 637 799 quanti
658 751 745 796 sint,
763 760 848 788 cum
865 750 914 787 de
930 749 1055 797 pretio
1071 749 1171 786 inter
1186 752 1376 786 ementem
1390 749 1562 787 venden-

309 812 468 854 temque
488 805 740 843 convenerit?
766 804 916 842 Deinde
935 814 1014 841 non
1031 803 1106 840 emi
1125 802 1221 840 iilud
1240 813 1312 840 suo
1332 803 1470 851 pretio,
1490 803 1563 841 sed

310 865 390 899 tuo.
421 860 572 907 „Pluris
589 864 669 907 est,
689 858 840 907 inquis,
863 869 979 906 quarn
998 857 1169 895 veniit:“
1196 857 1266 894 sed
1287 857 1408 905 pluris
1430 857 1563 895 venire

310 926 390 953 non
408 915 544 962 potuit.
580 915 747 962 pretium
769 918 898 951 autem
918 912 1110 959 cuiusque
1130 911 1187 949 rei
1205 922 1276 959 pro
1296 917 1471 960 tempore
1491 916 1561 949 est.

312 980 401 1008 cum
428 970 530 1007 bene
555 969 630 1007 ista
654 967 897 1015 laudaveris,
926 966 1021 1006 tanti
1049 971 1156 1012 sunt,
1187 971 1332 1013 quanto
1353 966 1475 1014 pluris
1494 976 1561 1003 ve-

312 1025 395 1061 nire
411 1035 489 1062 non
506 1028 685 1072 possunt.
716 1026 920 1071 praeterea
935 1021 1029 1059 nihil
1044 1021 1236 1058 venditori
1252 1021 1369 1059 debet
1382 1022 1447 1068 qui
1462 1020 1562 1058 bene

275 1081 296 1113 5
311 1079 414 1116 emit.
460 1077 612 1116 Deinde
639 1078 790 1116 etiamsi
818 1077 941 1126 pluris
961 1076 1035 1114 ista
1054 1080 1164 1121 sunt,
1195 1086 1273 1113 non
1293 1081 1420 1113 tamen
1443 1076 1561 1113 ullum

312 1133 399 1171 Istic
425 1137 534 1170 tuum
560 1143 701 1170 munus
731 1136 809 1178 est,
839 1136 882 1169 ut
908 1142 985 1168 non
1010 1140 1060 1168 ex
1078 1140 1155 1167 usu
1175 1130 1386 1175 effectuve,
1421 1129 1493 1167 sed
1513 1139 1562 1166 ex

276 1189 297 1223 6
313 1187 598 1225 consuetudine
618 1191 656 1224 et
674 1197 831 1225 annona
850 1186 1085 1223 aestimetur.
1120 1184 1231 1230 Quod
1249 1189 1290 1222 tu
1309 1185 1472 1232 pretium
1491 1193 1561 1230 po-

312 1242 373 1279 nis
402 1241 593 1279 traicienti
619 1241 742 1278 maria
768 1245 807 1278 et
831 1250 903 1288 per
922 1239 1074 1277 medios
1094 1238 1257 1283 fluctus,
1288 1249 1375 1276 cum
1396 1249 1418 1276 e
1436 1243 1562 1275 terrae

313 1301 532 1343 conspectu
560 1296 745 1342 recessit,
775 1300 920 1333 certam
947 1293 1096 1332 secanti
1123 1293 1226 1330 viam
1246 1297 1282 1330 et
1307 1292 1562 1340 prospicienti

312 1352 462 1389 futuras
482 1354 735 1398 tempestates
752 1354 790 1387 et
810 1348 959 1387 securis
977 1347 1156 1386 omnibus
1172 1346 1298 1385 subito
1315 1347 1461 1384 iubenti
1475 1348 1563 1383 vela

314 1405 470 1452 stringi,
508 1409 748 1442 armamenta
775 1402 941 1449 demitti,
978 1406 1136 1450 paratos
1164 1401 1215 1438 ad
1245 1401 1444 1439 incursum
1472 1411 1561 1447 pro—

314 1460 437 1497 cellae
465 1464 502 1498 et
527 1459 772 1507 repentinum
798 1458 970 1505 inpetum
999 1460 1130 1494 stare?
1161 1455 1252 1493 huic
1279 1460 1407 1493 tamen
1434 1459 1562 1492 tantae

277 1519 297 1554 7
314 1513 371 1552 rei
400 1514 615 1562 praemium
639 1517 802 1551 vectura
828 1510 1028 1560 persolvit.
1077 1510 1215 1557 Quanti
1237 1510 1420 1548 aestimas
1439 1509 1477 1546 in
1498 1520 1560 1547 so-

314 1569 477 1606 litudine
500 1568 733 1615 hospitium,
761 1568 800 1604 in
826 1566 948 1613 imbre
972 1570 1133 1612 tectum,
1159 1564 1198 1602 in
1219 1564 1363 1612 frigore
1382 1564 1560 1602 balneum

315 1629 382 1661 aut
409 1623 564 1670 ignem?
605 1621 688 1660 scio
712 1627 860 1668 tamen,
887 1619 1020 1669 quanti
1039 1620 1113 1657 ista
1132 1624 1414 1657 consecuturus
1435 1618 1560 1656 diver—

316 1677 464 1715 sorium
493 1677 668 1715 subeam.
715 1677 906 1724 Quantum
928 1675 1043 1713 nobis
1064 1679 1256 1721 praestat,
1285 1674 1349 1721 qui
1370 1673 1562 1711 labentem

316 1733 472 1770 domum
502 1731 666 1778 suscipit
691 1736 730 1769 et
752 1735 928 1778 agentem
950 1740 1000 1767 ex
1018 1729 1094 1766 imo
1114 1728 1232 1765 rimas
1253 1728 1418 1766 insulam
1437 1727 1560 1764 incre-

316 1786 424 1824 dibili
450 1791 532 1825 arte
559 1785 791 1832 suspendit?
827 1789 935 1823 certo
964 1789 1089 1822 tamen
1119 1788 1157 1821 et
1181 1782 1255 1820 levi
1277 1783 1400 1830 pretio
1421 1782 1562 1820 fultura

278 1848 300 1882 8
316 1841 558 1879 conducitur.
603 1840 738 1878 Murus
767 1850 840 1878 nos
861 1839 909 1877 ab
929 1838 1109 1877 hostibus
1130 1841 1231 1875 tutos
1252 1841 1289 1874 et
1306 1847 1330 1874 a
1350 1836 1487 1874 subitis
1507 1837 1558 1873 la-

314 1900 469 1933 tronum
489 1895 779 1933 incursionibus
800 1898 988 1942 praestat:
1017 1897 1150 1931 notum
1164 1895 1224 1930 est
1241 1896 1367 1928 tamen
1382 1891 1467 1928 illas
1484 1895 1557 1928 tur-

314 1960 380 1987 res
408 1960 480 1997 pro
509 1949 719 1988 securitate
745 1949 903 1996 publica
924 1947 1219 1996 propugnacula
1237 1945 1434 1983 habituras
1455 1944 1571 1982 cxci-⁷

315 2008 466 2043 taturus
486 2005 597 2043 faber
617 2004 711 2052 quid
731 2003 769 2040 in
789 2003 889 2041 diem
910 2007 1067 2040 mereat.

280 2067 297 2100 1
395 2059 496 2099 XVI.
539 2058 733 2097 Infinitum
760 2057 855 2103 erit,
894 2057 927 2094 si
958 2055 1074 2094 latius
1107 2055 1285 2102 exempla
1318 2053 1558 2101 conquiram,

317 2113 460 2161 quibus
494 2113 684 2160 adpareat
715 2123 839 2160 parvo
879 2121 1021 2158 magna
1059 2114 1250 2148 constare.
1305 2107 1404 2154 Quid
1439 2111 1560 2154 ergo?

318 2178 440 2215 quare
466 2172 505 2206 et
522 2167 675 2205 medico
696 2171 734 2205 et
751 2165 999 2215 praeceptori
1025 2164 1112 2212 plus
1134 2163 1320 2211 quiddam
1341 2162 1465 2200 debeo
1487 2171 1558 2199 nec

316 2222 509 2261 adversus
537 2222 626 2260 illos
653 2221 835 2259 mercede
861 2221 1079 2267 defungor?
1125 2216 1221 2264 Quia
1253 2227 1303 2254 ex
1333 2217 1484 2255 medico
1512 2226 1557 2253 ac

317 2282 574 2326 praeceptore
602 2277 639 2314 in
668 2274 831 2314 amicum
859 2276 1059 2314 transeunt
1085 2276 1123 2311 et
1149 2282 1222 2311 nos
1244 2282 1320 2311 non
1341 2276 1423 2310 arte
1443 2280 1556 2319 quam
