1624 2626
334 166 360 208 6
388 168 558 206 DIAL.1.
583 169 752 217 QUARE
767 170 957 218 ALIQUA
972 169 1271 210 INCOMMODA
1286 169 1433 211 BONIS
1449 171 1586 212 VIRIS

278 272 321 306 10
332 263 431 304 inter
456 265 590 304 ruinas
619 266 797 314 publicas
823 270 984 305 rectum.
1040 266 1192 315 ‚‚Licet,
1220 267 1364 316 inquit,
1399 269 1528 309 omnia
1553 271 1593 309 in

331 320 447 358 unius
468 320 655 359 ditionem
675 322 961 367 concesserint,
991 322 1262 360 custodiantur
1279 324 1499 371 legionibus
1517 330 1592 364 ter-

329 383 418 421 rae,
447 375 643 415 classibus
661 376 801 423 maria,
826 375 1084 414 Caesarianus
1106 381 1240 423 portas
1259 377 1371 416 miles
1392 378 1591 418 obsideat:

331 428 425 468 Cato
450 440 529 477 qua
557 434 672 468 exeat
697 430 824 469 habet.
853 441 930 468 una
948 440 1065 468 manu
1084 431 1201 469 latam
1219 431 1385 471 libertati
1414 434 1515 472 viam
1535 434 1591 471 fa-

330 483 417 521 ciet.
452 485 597 522 ferrum
616 485 741 532 istud,
769 485 882 523 etiam
904 485 1006 522 civili
1031 484 1135 524 bello
1157 497 1296 534 purum
1317 491 1355 526 et
1376 488 1589 534 innoxium,

328 538 456 577 bonas
483 539 641 577 tandem
668 549 714 576 ac
742 539 894 577 nobiles
923 539 1013 577 edet
1031 549 1195 588 operas:
1238 541 1454 581 libertatem
1474 554 1590 591 quam

328 594 479 641 patriae
498 604 576 632 non
598 593 731 641 potuit,
758 592 893 631 Catoni
921 593 1039 632 dabit.
1076 595 1325 643 Adgredere,
1350 598 1494 644 anime,
1523 597 1590 635 diu

327 647 554 686 meditatum
575 658 696 696 opus,
721 647 829 695 eripe
848 652 886 685 te
904 648 1023 686 rebus
1043 648 1235 688 humanis.
1263 650 1340 689 iam
1359 651 1534 691 Petreius
1553 656 1591 690 et

327 701 424 740 Iuba
443 706 773 741 concucurrerunt
798 702 1007 751 iacentque
1027 703 1123 742 alter
1143 705 1301 744 alterius
1329 717 1447 744 manu
1470 707 1591 758 caesi„

326 756 439 795 sortis
459 762 497 795 et
516 757 672 804 egregia
693 756 759 794 sati
775 758 1002 805 conventio,
1033 759 1104 797 sed
1126 770 1227 807 quae
1250 771 1330 799 non
1354 761 1491 799 deceat
1509 772 1589 799 ma·

327 812 567 858 gnitudinem
585 815 771 849 nostram.
800 816 877 849 tam
895 816 1008 860 turpe
1028 818 1089 851 est
1108 813 1243 852 Catoni
1261 820 1425 854 mortem
1441 816 1490 853 ab
1508 816 1588 854 ullo

273 873 314 907 11
328 871 461 913 petere
483 876 599 913 quam
620 866 779 904 vitam.“
820 865 961 915 Liquet
978 867 1071 904 mihi
1098 878 1185 906 cum
1212 880 1353 917 magno
1382 875 1589 918 spectasse

325 920 469 967 gaudio
490 921 609 967 deos,
639 922 729 958 dum
749 921 813 958 ille
831 921 908 968 vir,
931 922 1144 961 acerrimus
1165 924 1226 961 sui
1245 924 1410 971 vindeX‚
1439 924 1588 963 alienae

325 976 442 1013 saluti
462 975 630 1013 consulit
644 979 682 1013 et
697 976 852 1014 instruit
870 976 1156 1014 discedentium
1175 978 1327 1026 fugam,
1352 979 1443 1017 dum
1460 980 1590 1018 studia

325 1029 440 1067 etiam
459 1034 576 1068 nocte
593 1030 727 1067 ultima
746 1035 903 1078 tractat,
926 1031 1016 1068 dum
1033 1031 1204 1078 gladium
1225 1043 1339 1071 sacro
1361 1035 1508 1081 pectori
1532 1034 1587 1071 in-

324 1084 424 1132 figit,
449 1085 539 1122 dum
569 1084 721 1122 viscera
742 1085 892 1133 spargit
911 1090 949 1124 et
975 1085 1078 1123 illam
1106 1087 1393 1125 sanctissimam
1420 1089 1588 1126 animam

270 1137 603 1187 12indignamque
620 1150 722 1187 quae
737 1140 839 1178 ferro
856 1140 1192 1188 contaminaretur,
1207 1151 1325 1180 manu
1336 1142 1476 1180 educit.
1492 1143 1588 1180 Inde

325 1192 556 1231 crediderim
573 1193 696 1231 fuisse
714 1204 851 1241 parum
867 1198 1014 1232 certum
1028 1199 1066 1232 et
1081 1196 1223 1234 efficax
1237 1198 1400 1235 volnus:
1422 1207 1499 1235 non
1517 1197 1588 1235 suit

324 1247 385 1285 dis
405 1247 674 1286 inmortalibus
694 1249 788 1286 satis
806 1253 989 1297 spectare
1005 1249 1189 1288 Catonem
1209 1252 1344 1289 semel.
1373 1256 1525 1290 retenta
1540 1261 1587 1289 ac

321 1306 508 1340 revocata
525 1302 648 1340 virtus
673 1308 752 1350 est,
781 1308 824 1341 ut
845 1304 884 1340 in
913 1303 1131 1342 difficiliore
1151 1309 1261 1352 parte
1284 1316 1333 1344 se.
1349 1307 1585 1344 ostenderet.

322 1367 401 1395 non
421 1357 522 1394 enim
542 1362 620 1395 tam
635 1367 777 1404 magno
799 1357 928 1396 animo
948 1367 1055 1395 mors
1078 1358 1230 1397 inicitur
1251 1370 1367 1408 quam
1384 1361 1585 1408 repetitur.

323 1410 464 1458 Quidni
491 1411 657 1449 libenter
686 1417 911 1460 spectarent
941 1413 1135 1451 alumnum
1161 1424 1275 1452 suum
1301 1419 1379 1452 tam
1405 1417 1510 1453 claro
1540 1425 1586 1453 ac

320 1466 561 1504 memorabili
574 1467 703 1504 exitue
715 1467 951 1504 vadentem?
966 1478 1070 1505 mors
1086 1468 1173 1507 illos
1187 1473 1403 1518 consecrat,
1421 1480 1587 1518 quorum

322 1520 468 1558 exitum
489 1526 526 1558 et
547 1521 612 1568 qui
631 1521 766 1560 timent
784 1522 954 1559 laudant.

283 1578 303 1611 1
398 1575 463 1612 ΙΙΙ.
490 1574 698 1614 Sediam
722 1576 1027 1624 procedente
1050 1577 1283 1616 oratione
1306 1577 1585 1626 ostendam,

322 1639 463 1676 quam
489 1640 581 1668 non
603 1631 702 1669 sint
728 1641 852 1679 quae
876 1630 1113 1670 videntur
1133 1633 1278 1670 mala:
1308 1642 1435 1670 nunc
1458 1633 1586 1670 illud

320 1683 450 1730 dico,
480 1684 577 1722 ista
603 1695 723 1733 quae
743 1691 791 1724 tu
813 1696 962 1724 vocas
983 1696 1189 1734 aspera,
1221 1697 1347 1735 quae
1367 1686 1585 1725 adversa

320 1742 370 1776 et
404 1737 755 1785 abominanda,
796 1741 1002 1788 primum
1028 1751 1125 1789 .pro
1162 1740 1294 1789 ipsis
1332 1751 1446 1779 esse
1475 1741 1583 1789 qui-

318 1792 409 1831 bus
439 1794 697 1841 accidunt,
736 1794 916 1833 deinde
946 1806 1033 1843 pro
1061 1796 1340 1841 universis,
1379 1806 1581 1843 quorum

319 1847 472 1886 maior
492 1848 571 1886 dis
595 1859 714 1887 cura
737 1860 880 1897 quam
905 1850 1221 1897 singulorum
1245 1855 1330 1888 est.
1359 1850 1583 1898 posthoc

318 1902 606 1941 volentibus
634 1904 874 1942 accidere
901 1915 956 1942 ac
985 1905 1166 1953 dignos
1194 1905 1318 1942 malo
1355 1915 1493 1953 esse,
1539 1905 1583 1944 si

319 1955 490 1994 nolint.
547 1958 631 1996 His
662 1958 872 1996 adiciam
900 1960 1002 1998 fato
1039 1960 1135 1998 ista
1163 1959 1236 1997 sic
1269 1964 1314 1998 et
1342 1964 1474 1998 recte
1501 1969 1583 1998 ea—

320 2009 424 2047 dem
452 2011 561 2059 lege
595 2012 655 2050 bo
670 2014 747 2051 nis
778 2014 981 2051 evenire
1019 2025 1111 2062 qua
1138 2018 1252 2052 sunt
1285 2014 1414 2052 boni.
1470 2014 1583 2052 Per·

319 2064 542 2104 suadebo
566 2066 749 2106 deinde
770 2068 881 2115 tibi,
911 2079 970 2106 ne
987 2079 1219 2117 vumquam
1240 2069 1356 2106 boni
1379 2069 1471 2106 viri
1492 2069 1579 2107 mi-

320 2118 565 2157 serearis:
596 2127 725 2168 potest
745 2123 848 2160 enim
867 2123 987 2162 miser
1005 2123 1100 2171 dici,
1129 2134 1208 2161 non
1227 2128 1360 2171 potest
1379 2133 1482 2161 esse.

282 2178 305 2212 2
400 2173 675 2213 Difficillimum
696 2188 744 2214 ex
765 2177 945 2216 omnibus
966 2188 1068 2226 quae
1088 2179 1278 2226 proposui
1299 2179 1450 2216 videtur
1472 2178 1577 2225 quod

321 2226 526 2275 primum
555 2227 678 2275 dixi,
709 2241 794 2278 pro
823 2231 953 2280 ipsis
983 2243 1097 2271 esse
1127 2233 1309 2281 quibus
1338 2233 1581 2270 eveniunt

319 2281 433 2329 ista,
462 2293 585 2331 quae
610 2282 863 2325 horremus
889 2297 942 2325 ac
966 2287 1231 2326 tremimus.
1272 2287 1372 2337 „Pro
1391 2286 1490 2336 ipsis
1506 2291 1578 2334 est,
