1592 2580
283 163 360 204 108
657 165 698 202 L.
727 164 913 203 ANNAEI
945 165 1167 203 SENECAE

278 264 480 312 quomodo
508 263 612 302 aliud
632 268 693 302 est
710 274 874 311 munus,
902 262 1008 302 aliud
1029 264 1117 312 ipsa
1137 264 1308 303 donatio.
1346 264 1449 301 aliud
1471 266 1536 324 qui

274 319 455 366 navigat,
492 318 599 356 aliud
628 318 838 366 navigatio.
881 323 922 356 et
935 318 1118 367 quamvis
1146 328 1264 366 aeger
1285 329 1363 357 non
1383 319 1433 356 sit
1452 319 1538 356 sinc

274 372 434 418 morbo,
469 383 549 411 non
578 377 708 411 tamen
720 343 840 410 t:idem
863 377 925 411 est
943 382 1062 420 aeger
1080 377 1118 411 et
1138 372 1317 411 morbus:
1359 373 1412 411 ita
1432 373 1536 419 aliud

274 431 337 464 est
362 426 599 466 beneficium
619 427 770 476 ipsum,
800 426 908 465 aliud
929 427 1036 475 quod
1057 427 1108 465 ad
1126 437 1446 475 unumquemque
1466 437 1535 465 no-

237 485 398 521 2strum
425 481 619 520 beneficio
649 482 839 530 pervenit.
886 480 984 519 Illud
1004 481 1254 529 incorporale
1274 486 1351 526 est,
1382 481 1536 519 inritum

273 546 354 574 non
381 536 444 573 fit:
479 536 641 574 materia
667 546 762 574 vero
788 535 875 574 eius
903 535 980 574 huc
1007 540 1045 574 et
1063 537 1153 574 illuc
1172 536 1394 574 iactatur'et
1413 535 1536 574 domi*

273 601 366 627 num
386 594 519 628 mutat.
567 591 706 638 Itaque
730 601 818 628 cum
839 589 980 638 eripis,
1010 590 1099 638 ipsa
1116 600 1247 629 rerum
1267 595 1404 628 natura
1421 600 1535 627 revo-

274 654 366 682 care
396 646 503 691 quod
533 645 643 683 dedit
666 655 745 683 non
772 649 913 692 potest.
956 644 1150 683 beneficia
1180 653 1254 682 sua
1280 644 1536 692 interrumpit,

273 709 353 737 non
373 699 581 737 rescindit:
612 698 680 747 qui
701 699 881 744 moritur,
911 703 1039 737 tamen
1060 699 1166 736 vixit.
1208 698 1274 746 qui
1295 698 1423 736 amisit
1442 708 1535 737 ocu-

273 754 355 800 los,
383 758 514 791 tamen
534 753 643 791 vidit.
691 754 799 801 Quae
818 753 868 791 ad
889 764 960 791 nos
981 758 1261 801 pervenerunt,
1291 762 1340 790 ne
1360 753 1455 800 sint,
1479 753 1535 789 ef-

273 806 338 845 fici
359 813 509 855 potest,
544 818 595 846 ne
620 809 781 855 suerint,
810 818 889 846 non
911 812 1054 856 potest.
1096 818 1189 856 pars
1209 811 1337 845 autem
1355 806 1535 845 beneficii

236 867 312 903 eet
339 863 496 910 quidem
524 861 744 901 certissima
770 867 849 909 est,
881 872 982 909 quae
1010 861 1090 900 suit.
1135 862 1435 909 Nonnumquam
1460 871 1537 899 usu

273 917 454 955 beneficii
474 918 652 964 longiore
673 916 942 965 prohibemur,
973 916 1207 954 beneficium
1230 915 1387 964 quidem
1406 916 1535 963 ipsum

274 982 350 1009 non
380 971 564 1010 eraditur.
610 971 720 1010 Licet
743 981 882 1010 ‘omnes
910 970 950 1008 in
969 971 1046 1008 hoc
1065 971 1172 1008 vires
1197 980 1289 1008 suas
1311 974 1448 1007 natura
1466 970 1533 1007 ad-

272 1030 406 1072 vocet,
443 1031 547 1064 retro
576 1026 627 1063 ilii
656 1035 774 1073 agere
803 1034 847 1063 se
874 1036 950 1063 non
975 1025 1076 1063 licet.
1126 1030 1257 1072 potest
1275 1023 1374 1071 eripi
1394 1023 1535 1062 domus

272 1085 311 1117 et
340 1079 506 1128 pecunia
535 1085 574 1118 et
599 1079 835 1127 mancipium
863 1084 902 1117 et
929 1079 1115 1127 quicquid
1143 1084 1222 1126 est,
1250 1079 1286 1116 in
1313 1088 1390 1126 quo
1411 1078 1536 1116 haesit

271 1134 451 1171 beneficii
471 1144 632 1172 nomen:
662 1134 790 1181 ipsum
807 1144 902 1172 vero
919 1134 1059 1172 stabile
1074 1138 1112 1171 et
1126 1134 1314 1171 inmotum
1332 1137 1403 1171 est.
1430 1133 1536 1170 nulla

250 1190 331 1226 'vis
350 1189 512 1235 efficiet,
542 1198 592 1226 ne
611 1187 674 1225 hic
694 1188 863 1235 dederit,
893 1198 944 1226 ne
962 1188 1026 1226 ille
1045 1188 1254 1236 acceperit.

351 1242 414 1280 ΙΙΙ.
450 1242 618 1293 Egregie
639 1242 730 1279 mihi
750 1241 905 1280 videtur
922 1242 974 1280 Μ.
990 1241 1184 1281 Antonius
1207 1241 1313 1289 apud
1332 1240 1533 1279 Rabirium

270 1302 447 1344 poetam,
479 1307 566 1334 cum
595 1297 790 1334 fortunam
816 1307 928 1334 suam
956 1301 1221 1335 transeuntem
1249 1297 1325 1333 aiio
1345 1295 1477 1333 videat
1497 1300 1535 1332 et

271 1351 345 1388 sibi
372 1351 466 1389 nihil
492 1351 667 1388 relictum
698 1355 852 1398 praeter
881 1351 943 1389 ius
969 1351 1126 1397 mortis,
1155 1351 1194 1389 id
1217 1359 1377 1398 quoque
1403 1350 1437 1388 si
1457 1350 1531 1387 cito

270 1405 543 1453 occupaverit,
572 1405 813 1443 exclamare=
980 1432 982 1439 ,

591 1459 675 1498 Hoc
693 1460 811 1498 habeo
830 1458 1091 1506 quodcumque
1110 1459 1211 1496 dedi.

351 1513 380 1551 Ο
399 1518 586 1562 quantum
604 1514 752 1552 habere
771 1513 914 1561 potuit,
936 1511 970 1550 si
982 1513 1193 1551 voluisset!
1222 1512 1306 1550 Hae
1326 1517 1418 1550 sunt
1433 1511 1528 1549 divi-

270 1569 345 1606 tiae
361 1573 490 1606 certae
505 1568 544 1606 in
562 1577 812 1616 quacumque
828 1567 946 1606 sortis
962 1566 1156 1604 humanae
1173 1567 1329 1605 levitate
1343 1577 1424 1605 uno
1440 1566 1529 1605 loco

271 1632 566 1671 permansurae.
595 1632 698 1670 quae
714 1633 793 1670 quo
807 1622 976 1660 maiores
993 1621 1146 1668 fuerint,
1166 1621 1242 1659 hoc
1257 1621 1445 1660 minorem
1461 1620 1527 1657 ha-

233 1679 254 1711 2
268 1678 418 1716 bebunt
441 1676 642 1715 invidiam.
688 1676 787 1723 Quid
809 1681 1007 1723 tamquam
1024 1681 1089 1714 tuo
1111 1675 1270 1724 parcis?
1297 1679 1529 1724 procurator

269 1742 325 1770 es.
356 1732 487 1769 omnia
501 1731 588 1777 ista,
609 1741 711 1779 quae
733 1741 805 1769 vos
823 1731 993 1768 tumidos
1014 1734 1052 1768 et
1071 1741 1192 1778 supra
1211 1730 1387 1768 humana
1403 1730 1527 1767 elatos

269 1785 450 1824 oblivisci
470 1790 616 1833 cogunt
635 1790 790 1824 vestrae
808 1785 1045 1832 fragilitatis,
1067 1795 1169 1832 quae
1189 1785 1326 1822 ferreis
1348 1783 1527 1822 claustris

269 1840 477 1878 custoditis
493 1839 640 1887 armati,
657 1850 759 1888 quae
775 1850 824 1878 ex
840 1840 967 1878 alieno
986 1839 1177 1886 sanguine
1191 1844 1304 1886 rapta
1316 1843 1448 1876 vestro
1459 1837 1526 1874 de-

267 1895 438 1941 fenditis,
455 1898 617 1942 propter
629 1904 730 1942 quae
742 1895 892 1933 classes
904 1899 1175 1932 cruentaturas
1190 1893 1310 1930 maria
1320 1891 1525 1936 deducitis,

267 1953 430 1997 propter
443 1956 547 1997 quae
566 1948 766 1997 quassatis
785 1949 905 1986 urbes
926 1948 1069 1995 ignari,
1100 1953 1283 1995 quantum
1303 1947 1466 1983 telorum
1485 1946 1525 1982 in

267 2004 461 2042 adversos
478 2004 634 2042 fortuna
649 2009 849 2050 conparet,
872 2007 1033 2050 propter
1043 2012 1146 2050 quae
1161 2001 1284 2051 ruptis
1299 2000 1441 2038 totiens
1454 1999 1525 2036 ad-

266 2058 444 2105 finitatis,
466 2058 677 2104 amicitiae,
703 2058 855 2105 collegii
875 2057 1101 2095 foederibus
1120 2057 1220 2094 inter
1242 2054 1525 2093 contendentes

267 2112 368 2149 duos
384 2117 572 2150 terrarum
593 2111 700 2150 orbis
720 2112 841 2150 elisus
861 2116 940 2157 est,
955 2121 1039 2149 -non
1059 2114 1149 2149 sunt
1166 2113 1316 2146 vestra:
1343 2109 1380 2145 in
1402 2108 1524 2155 depo-

268 2165 332 2203 siti
352 2176 472 2204 causa
492 2172 583 2205 sunt
602 2166 678 2204 iarn
702 2165 858 2214 iamque
876 2166 926 2203 ad
946 2165 1062 2203 alium
1080 2163 1283 2202 rdominum
1307 2161 1525 2210 spectantia

229 2225 251 2259 3
267 2224 333 2257 aut
347 2220 474 2258 hustis
489 2221 554 2258 illa
564 2224 630 2258 aut
645 2219 797 2258 hostilis
806 2220 922 2258 animi
940 2217 1329 2257 successorinvadet.
1360 2217 1522 2264 Quaeris

268 2275 467 2322 quomodo
484 2275 549 2313 illa
563 2279 630 2312 tua
646 2274 794 2312 facias?
815 2275 919 2311 dona
929 2273 1073 2311 dando.
1094 2271 1263 2310 Consule
1278 2271 1393 2319 igitur
1404 2270 1521 2308 rebus
