1592 2580
298 163 483 203 NATUR.
504 162 642 211 QUAE
651 151 722 201 ST.
752 161 912 200 1213.st
945 165 1116 200 12—18.
1275 158 1354 200 191

4 278 5 283 ¹
72 265 286 314 concipere
305 262 520 301 flammam.
550 262 684 311 itaque
703 261 918 300 verisimile
937 266 999 300 est
1018 265 1057 300 et
1075 261 1114 299 in
1136 262 1229 299 aere
1248 271 1355 300 sum-

2 322 5 374 }
71 331 156 370 mo,
188 319 256 369 qui
281 323 463 357 naturam
489 318 674 367 rapiendi
702 316 806 366 ignis
833 316 973 365 habet,
1012 316 1161 365 aliquid
1188 317 1358 355 accendi

73 377 207 416 calore
225 374 400 414 aetheris
421 373 683 422 superpositi.
722 381 893 411 necesse
913 376 975 411 est
995 372 1120 420 enim,
1141 376 1186 412 ut
1200 377 1240 411 et
1254 372 1357 411 imus

72 432 208 471 aether
233 430 382 469 habeat
407 429 558 478 aliquid
586 428 670 467 aeri
696 428 826 468 simile
854 433 894 467 et
917 438 1096 467 summus
1116 438 1187 467 aer
1205 438 1285 467 non
1307 428 1358 466 sit

72 485 278 527 dissimilis
303 486 381 525 imo
411 484 581 532 aetheri,
622 485 715 534 quia
742 494 822 524 non
851 483 896 522 fit
922 484 1053 523 statim
1082 483 1122 522 in
1153 483 1358 522 diversum

71 554 123 582 ex
147 543 311 581 diverso
338 542 551 581 transitus:
580 540 770 589 paulatIm
792 539 869 579 ista
886 539 926 578 in
947 539 1123 579 confinio
1142 539 1222 577 vim
1243 549 1358 577 suam

72 599 240 638 miscent
266 596 339 646 ita,
364 601 409 636 ut
435 595 617 636 dubitare
645 596 800 645 possis,
829 605 880 633 an
909 605 997 643 aer,
1028 605 1079 634 an
1106 594 1171 633 hic
1193 595 1271 633 iam
1292 605 1355 633 ae—

74 653 159 693 ther
178 653 240 692 sit.

153 709 240 748 XV.
269 707 436 756 Quidam
454 717 505 746 ex
520 706 668 746 nostris
686 706 914 746 existimant
928 708 1043 753 aera,
1065 717 1154 745 eum
1170 705 1210 746 in
1225 706 1358 754 ignem

73 771 112 804 et
126 775 270 814 aquam
288 764 486 803 mutabilis
503 763 566 810 sit,
585 773 665 801 non
680 762 892 802 detrahere
907 762 1067 801 aliunde
1083 772 1230 801 causas
1245 761 1356 800 flam-

73 831 226 859 marum
255 831 398 859 novas.
436 818 526 868 ipse
552 818 656 857 enim
686 828 731 856 se
758 818 960 857 movendo
990 817 1174 856 accendit
1200 823 1239 856 et
1267 828 1359 856 cum

74 876 225 915 densos
254 879 558 924 conpactosque
585 874 749 912 nubium
769 873 882 912 sinus
903 873 1094 922 dissipat,
1125 874 1358 912 necessario

75 937 229 970 vastum
248 930 288 969 in
309 936 388 970 tam
407 940 640 979 magnorum
660 940 876 978 corporum
897 929 1125 977 diruptione
1145 929 1278 968 reddit
1292 940 1358 968 so-

74 999 182 1026 num.
224 987 296 1025 Illa
324 997 446 1036 porro
470 985 633 1024 nubium
653 985 867 1023 difficulter
887 983 1112 1024 cedentium
1134 995 1270 1033 pugna
1288 986 1357 1023 ali-

76 1042 173 1092 quid
199 1043 354 1082 confert
381 1042 433 1081 ad
461 1041 738 1080 concitandum
757 1039 911 1088 ignem,
942 1040 1001 1078 sic
1022 1041 1358 1089 quemadmodum

76 1100 180 1138 ferro
216 1098 268 1137 ad
303 1098 522 1137 secandum
551 1096 701 1146 aliquid
726 1107 871 1135 manus
899 1097 1080 1144 confert,
1115 1096 1190 1135 sed
1219 1107 1359 1135 secare

75 1154 166 1192 ferri
186 1159 260 1192 est.
1131 1174 1134 1175 ν

153 1209 258 1248 XVI.
289 1208 415 1257 Quid
446 1219 568 1257 ergo
598 1208 731 1247 inter
759 1206 1160 1256 fulgurationem
1185 1213 1232 1246 et
1263 1208 1359 1246 ful-

74 1275 178 1304 men
216 1268 326 1304 est?
363 1264 506 1303 dicam.
558 1263 787 1313 Fulguratio
812 1268 875 1302 est
901 1264 979 1302 late
1005 1263 1110 1312 ignis
1132 1263 1358 1312 explicitus,

75 1320 222 1360 fulmen
250 1324 314 1360 est
338 1324 501 1359 coactus
523 1320 627 1368 ignis
651 1325 689 1359 et
706 1319 844 1368 inpetu
864 1319 1004 1358 iactus.
1053 1318 1240 1358 Solemus
1260 1319 1358 1358 dua-

74 1377 151 1415 bus
164 1376 347 1415 manibus
362 1375 463 1415 inter
478 1386 524 1414 se
538 1375 683 1414 iunctis
697 1385 842 1424 aquam
860 1375 1074 1423 concipere
1098 1379 1137 1413 et
1165 1384 1358 1423 conpres-

76 1442 124 1470 sa
142 1432 341 1481 utrimque
361 1431 490 1480 palma
512 1431 550 1469 in
570 1431 734 1470 modum
754 1429 937 1479 siphonis
954 1429 1199 1478 exprimere:
1231 1430 1360 1468 simile

77 1486 267 1536 quiddam
284 1491 323 1525 et
336 1486 416 1525 illic
429 1486 515 1525 fieri
530 1492 639 1535 puta.
680 1486 851 1524 Nubium
866 1486 968 1524 inter
984 1496 1029 1524 se
1045 1495 1359 1534 conpressarum

77 1543 286 1591 angustiae
312 1542 486 1581 medium
517 1542 698 1591 spiritum
725 1540 873 1580 eiciunt
898 1545 939 1579 et
973 1540 1052 1580 hoc
1085 1541 1176 1590 ipso
1204 1540 1358 1580 inflam-

77 1603 187 1637 mant
216 1603 256 1637 et
280 1597 462 1637 tormenti
490 1597 612 1636 modo
645 1598 836 1636 emittunt.
876 1607 967 1635 nam
998 1595 1168 1636 balistae
1196 1607 1359 1645 quoque

79 1653 400 1702 scorpionesque
419 1654 497 1692 tela
515 1663 604 1692 cum
625 1663 726 1691 sono
747 1652 964 1701 expellunt.

158 1709 282 1747 XVII.
321 1708 486 1757 Quidam
517 1709 744 1748 existimant
770 1718 860 1746 eum
895 1707 1076 1756 spiritum
1112 1718 1184 1756 per
1215 1707 1358 1757 frigida

78 1769 198 1813 atque
227 1764 390 1803 humida
415 1769 610 1803 meantem
640 1774 783 1802 sonum
810 1763 1002 1802 reddere:
1033 1774 1083 1802 ne
1105 1764 1251 1803 serrum
1274 1765 1359 1813 qui—

79 1821 169 1859 dem
203 1820 350 1859 ardens
383 1818 542 1858 silentio
574 1819 754 1868 tingitur,
791 1819 864 1858 sed
892 1819 926 1858 si
954 1819 993 1857 in
1023 1830 1169 1868 aquam
1198 1821 1359 1859 fervens

78 1886 213 1914 massa
231 1875 460 1924 descendit,
491 1885 581 1913 cum
601 1875 724 1915 multo
747 1885 948 1913 murmure
969 1875 1246 1924 exstinguitur.
1286 1879 1357 1923 [ut]

78 1932 348 1970 Anaximenes
375 1931 446 1969 ait:
477 1930 667 1980 „spiritus
689 1930 871 1969 incidens
893 1929 1065 1969 nubibus
1085 1931 1258 1970 tonitrua
1277 1932 1360 1970 edit

80 1992 136 2035 et,
173 1987 267 2026 dum
299 1987 470 2026 luctatur
499 1997 573 2034 per
605 1985 805 2025 obstantia
836 1990 957 2035 atque
984 1986 1172 2025 intercisa
1198 1987 1358 2034 vadere,

80 2043 170 2091 ipsa
188 2043 321 2091 ignem
340 2043 434 2091 suga
452 2041 674 2080 accendit.“

160 2098 298 2139 XVIII.
328 2097 652 2137 Anaximandros
669 2096 802 2136 omnia
820 2096 871 2135 ad
888 2095 1070 2146 spiritum
1084 2096 1228 2137 retulit.
1257 2097 1357 2146 „To—

82 2153 228 2200 nstrua,
259 2154 411 2203 inquit,
451 2158 543 2192 sunt
570 2152 687 2191 nubis
707 2151 811 2192 ictae
830 2163 969 2192 sonus.
1018 2152 1148 2201 Quare
1168 2152 1356 2202 inaequa-

83 2207 135 2246 lia
160 2213 276 2248 sunt?
312 2209 406 2258 quia
433 2214 472 2248 et
494 2208 585 2258 ipse
604 2209 706 2247 ictus
726 2207 948 2258 inaequafis
968 2214 1042 2247 est.
1088 2208 1216 2257 Quare
1236 2214 1275 2249 et
1293 2220 1357 2249 se—

82 2273 179 2303 reno
205 2269 341 2304 tonat?
377 2265 469 2314 quia
496 2271 589 2304 tunc
618 2275 780 2313 quoque
808 2274 883 2313 per
903 2275 1095 2313 quassum
1119 2272 1159 2303 et
1184 2264 1357 2317 scissum

85 2321 175 2357 aera
203 2320 364 2369 spiritus
393 2321 559 2370 prosilit.
612 2321 664 2359 At
692 2330 817 2369 quare
837 2320 1052 2369 aliquando
1072 2331 1152 2361 non
1172 2321 1357 2370 fulgurat,
