1592 2580
341 202 526 241 NATUR.
551 201 765 250 QUAEST.
794 203 887 241 LIB.
908 203 936 240 Ι.
965 208 1094 244 16.17.
1281 202 1358 244 181

76 304 156 343 dat.
182 302 223 342 Si
242 302 381 341 liceret
402 301 508 349 mihi,
530 303 582 340 ad
601 313 739 341 verum
754 302 832 341 ista
850 302 1134 351 perducerem:
1165 304 1258 351 quia
1278 313 1358 342 non
1381 311 1403 346 9

73 359 176 407 licet,
197 358 406 397 mendacio
429 368 585 407 pascar.
617 358 872 404 obscoenitas
893 368 982 396 mea
1001 359 1092 406 plus
1114 369 1234 407 quarn
1254 358 1362 408 capit

74 415 206 454 videat
232 419 270 452 et
296 415 526 463 patientiam
553 424 668 453 suam
695 415 788 462 ipsa
812 413 1020 452 miretur.“
1065 414 1234 453 Facinus
1262 415 1363 453 indi-

73 481 206 518 gnum.
246 469 311 508 hic
331 471 506 509 fortasse
527 471 604 509 cito
626 475 665 508 et
685 474 900 518 antequam
922 469 1078 508 videret
1098 470 1258 510 occisus
1279 475 1360 509 est:

73 525 358 574 adispeculum
381 536 498 564 suum
520 525 777 564 inmolandus
801 525 886 567 fuit.

155 581 276 620 XVII.
311 581 579 620 Derideantur
599 591 705 620 nunc
725 581 982 630 philosophi,
1003 583 1114 631 quod
1133 583 1185 621 de
1206 582 1362 630 speculi
1384 586 1401 618 l

73 642 214 676 natura
239 637 461 683 disserant,
491 637 601 686 quod
628 637 850 686 inquirant,
884 637 981 686 quid
1001 638 1056 677 ita
1076 633 1200 677 facies
1222 642 1362 676 nostra

71 693 188 732 nobis
218 698 258 732 et
284 692 445 742 quidem
474 693 513 731 in
545 704 621 731 nos
650 693 825 731 obversa
842 693 1054 741 reddatur,
1082 694 1179 743 quid
1200 693 1276 732 sibi
1297 703 1360 731 re-

71 759 159 788 rum
179 754 321 787 natura
340 747 530 796 voluerit,
562 749 692 797 quod,
720 759 808 787 cum
839 759 935 787 vera
962 760 1135 798 corpora
1154 749 1360 794 edidisset,

73 805 192 843 etiam
216 805 430 843 simulacra
449 815 588 843 eorum
605 804 763 852 adspici
782 804 921 843 voluit.
971 805 1154 853 Quorsus
1176 804 1363 854 pertinuit
1381 808 1402 841 2

72 860 175 899 hanc
203 870 424 909 conparare
451 860 656 899 materiam
690 859 1017 908 excipiendarum
1043 861 1258 910 imaginum
1291 871 1360 909 po-

71 920 246 954 tentem?
263 927 345 955 non
364 916 404 954 in
423 915 501 954 hoc
519 916 681 962 scilicet,
703 921 747 954 ut
761 916 812 954 acl
834 917 1043 964 speculum
1059 916 1225 955 barbam
1240 917 1360 955 velle—

72 982 208 1010 remus
237 977 305 1010 aut
330 977 372 1010 ut
398 971 540 1010 faciem
567 971 642 1010 viri
668 971 899 1020 poliremus.
943 972 987 1010 In
1017 972 1126 1011 nulla
1144 982 1189 1010 re
1208 972 1277 1010 illa
1294 983 1361 1010 ne-

74 1027 224 1075 gotium
243 1027 426 1065 luxuriae
446 1027 670 1066 concessit:
692 1027 766 1065 sed
788 1027 959 1075 primum
981 1027 1168 1076 omnium,
1191 1028 1286 1076 quia
1304 1028 1362 1065 in-

72 1083 204 1121 becilli
239 1083 343 1122 oculi
376 1083 429 1121 ad
462 1082 739 1121 sustinendum
774 1082 956 1122 cominus
987 1084 1115 1122 solem
1141 1083 1362 1132 ignoraturi

73 1144 185 1178 erant
204 1139 370 1176 sormam
390 1138 490 1186 eius,
510 1138 697 1177 hebetato
717 1138 826 1176 illum
847 1139 994 1177 lumine
1015 1139 1201 1178 ostendit.
1224 1149 1363 1188 quam-

73 1194 135 1232 vis
155 1193 260 1232 enim
282 1194 474 1232 orientem
495 1192 825 1242 occidentemque
841 1204 932 1232 eum
952 1193 1214 1243 contemplari
1231 1195 1362 1242 liceat,

72 1255 203 1288 tamen
223 1249 399 1288 habitum
421 1249 572 1297 ipsum,
602 1249 670 1298 qui
696 1259 818 1288 verus
836 1255 927 1298 est,
957 1261 1038 1289 non
1059 1250 1258 1296 rubentis,
1288 1250 1363 1288 sed

73 1305 246 1345 candida
273 1305 363 1343 luce
392 1304 578 1353 fulgentis
607 1304 880 1353 nesciremus,
907 1306 984 1344 nisi
1014 1307 1054 1345 in
1083 1306 1219 1355 aliquo
1244 1306 1362 1345 nobis

73 1360 241 1400 humore
269 1361 398 1399 lenior
428 1366 470 1400 et
501 1361 658 1409 adspici
685 1361 839 1399 facilior
868 1366 1107 1400 occurreret.
1153 1361 1403 1400 Praeterea3

75 1416 246 1455 duorum
272 1416 449 1454 siderum
476 1426 708 1464 occursum,
746 1427 826 1465 quo
855 1415 1098 1466 interpellari
1125 1417 1212 1456 dies
1246 1417 1361 1464 solet,

74 1482 155 1510 non
175 1472 403 1510 videremus
423 1482 497 1510 nec
516 1471 621 1510 scire
641 1482 879 1522 possemus,
901 1473 999 1521 quid
1019 1477 1148 1521 esset,
1167 1472 1244 1511 nisi
1264 1472 1360 1511 libe-

74 1527 158 1564 rius
186 1526 294 1565 humi
321 1527 418 1565 solis
448 1528 646 1575 lunaeque
678 1526 875 1576 imagines
909 1528 1153 1568 videremus.
1197 1529 1403 1567 Iuventati

76 1587 169 1621 sunt
189 1583 367 1630 specula,
390 1587 434 1621 ut
451 1582 572 1621 homo
594 1583 684 1631 ipse
705 1593 750 1621 se
769 1588 922 1622 nosset.
953 1585 1076 1622 multa
1098 1594 1150 1622 ex
1167 1583 1246 1622 hoc
1267 1594 1360 1622 con-

77 1643 318 1686 sequuntur:
349 1638 517 1686 primum
534 1638 596 1676 sui
612 1639 802 1686 notitiam,
823 1639 969 1678 deinde
986 1639 1038 1678 ad
1052 1640 1250 1688 quaedam
1266 1649 1362 1678 con-

76 1693 227 1731 silium:
256 1694 472 1741 formosus,
492 1699 535 1732 ut
554 1694 698 1733 vitaret
718 1694 934 1742 infamiam,
954 1695 1159 1742 deformis,
1178 1699 1222 1734 ut
1240 1694 1362 1734 sciret

75 1749 352 1788 redimendum
371 1759 466 1788 esse
483 1748 695 1788 virtutibus
715 1749 907 1798 quicquid
927 1751 1087 1799 corpori
1103 1751 1283 1796 deesset,
1303 1750 1360 1788 iu-

75 1805 190 1843 venis
203 1834 212 1851 ,
241 1809 285 1843 ut
311 1803 412 1843 flore
432 1805 572 1843 aetatis
593 1805 875 1844 admoneretur
894 1805 991 1844 illud
1010 1811 1168 1855 tempus
1189 1817 1283 1845 esse
1301 1806 1359 1844 di-

78 1860 218 1898 scendi
242 1865 281 1899 et
299 1860 417 1898 fortia
437 1860 633 1906 audendi,
655 1870 802 1908 senex,
823 1866 866 1900 ut
888 1860 1080 1901 indecora
1103 1863 1214 1900 canis
1235 1862 1358 1909 depo-

76 1920 207 1962 neret,
233 1919 277 1954 ut
305 1915 356 1953 de
382 1920 509 1954 morte
537 1915 688 1963 aliquid
716 1915 928 1964 cogitaret:
959 1917 1011 1955 ad
1038 1917 1117 1956 hoc
1137 1928 1269 1956 rerum
1290 1927 1358 1955 na-

78 1976 165 2009 tura
191 1971 416 2010 facultatem
447 1971 563 2010 nobis
591 1970 702 2009 dedit
728 1972 1002 2020 nosmetipsos
1029 1972 1207 2011 videndi.
1251 1973 1358 2012 Fons
1379 1985 1399 2017 5

77 2026 222 2075 cuique
240 2026 472 2076 perlucidus
494 2031 561 2065 aut
581 2027 694 2064 laeve
716 2037 858 2065 saxum
879 2027 1091 2075 imaginem
1109 2027 1258 2067 reddit:

560 2093 687 2131 nuper
706 2093 766 2121 me
786 2084 827 2121 in
845 2084 956 2121 litore
973 2084 1064 2132 vidi,

291 2148 378 2177 cum
392 2138 596 2186 placidum
614 2139 735 2176 ventis
748 2143 868 2176 staret
885 2149 1007 2177 mare.

79 2191 238 2237 Qualem
267 2193 394 2232 fuisse
424 2194 570 2231 cultum
598 2197 715 2241 putas
737 2193 788 2231 ad
809 2193 886 2232 hoc
907 2203 951 2231 se
972 2194 1180 2242 speculum
1200 2204 1356 2234 comen-

78 2245 202 2284 tium2
234 2254 344 2288 aetas
372 2249 438 2286 illa
466 2248 685 2297 simplicior
713 2252 751 2285 et
778 2249 949 2287 fortuitis
969 2255 1155 2288 contenta
1181 2250 1356 2290 nondum

79 2302 118 2338 in
146 2301 281 2341 vitium
307 2303 546 2342 beneficium
575 2304 840 2352 detorquebat
866 2314 940 2342 nec
968 2305 1170 2344 inventum
1195 2311 1357 2345 naturae

83 2357 119 2394 in
143 2357 343 2397 libidinem
363 2359 582 2408 luxumque
601 2359 794 2408 rapiebat.
825 2359 954 2399 Primo
976 2360 1117 2400 faciem
1138 2372 1250 2400 suam
1278 2362 1356 2400 cui-
1377 2367 1398 2401 6
