1624 2626
304 168 386 209 300
677 169 719 207 L.
747 169 934 207 ANNAEI
964 169 1187 209 SENECAE

306 268 345 305 in
366 277 503 306 omnes
523 266 637 315 [exit.·
663 268 804 317 omnia]
824 272 964 315 vegeta
992 274 1083 306 sunt
1106 274 1223 317 atque
1244 275 1373 308 erecta
1392 276 1458 310 aut
1474 272 1556 310 lan-

306 331 430 369 guore
457 320 651 368 demissa,
688 326 807 370 prout
832 322 985 360 animus
1013 333 1147 361 eorum
1176 324 1271 361 vivit
1302 330 1368 363 aut
1397 331 1556 364 marcet.

304 376 428 414 Erunt
456 375 584 423 cives,
617 379 730 414 erunt
756 375 855 414 socii
882 375 990 424 digni
1014 376 1090 416 hac
1114 378 1288 417 bonitate
1316 384 1355 417 et
1377 379 1415 417 in
1435 385 1557 419 totum

306 430 441 468 orbem
459 429 557 468 recti
575 441 705 469 mores
724 434 995 469 revertenturz'
1014 437 1197 480 parcetur
1215 433 1362 481 ubique
1376 434 1557 473 manibus

263 491 285 524 2
308 484 429 532 [tuis].
477 484 630 523 Diutius
657 495 720 522 me
745 484 888 523 morari
915 484 978 523 hic
1002 490 1136 534 patere
1153 516 1162 534 ,
1199 498 1276 526 non
1305 492 1347 526 ut
1371 488 1557 527 blandum

306 539 466 577 auribus
485 539 575 578 tuis.
611 549 685 577 nec
704 539 807 577 enim
826 539 890 578 hic
908 539 1000 578 mihi
1019 551 1105 579 mos
1125 546 1197 580 est.
1230 543 1430 595 maluerim
1451 543 1556 582 veriS

305 594 508 632 offendere
529 605 645 642 quam
665 594 823 642 placere
843 592 1061 633 adulando:
1082 596 1190 643 rquid
1210 607 1304 644 ergo
1325 601 1412 635 est?
1446 609 1555 646 prae-

304 653 362 686 ter
388 648 448 695 id,
478 648 586 696 quod
613 648 714 686 bene
741 648 854 686 factis
883 647 1078 700 dictisque
1104 651 1180 689 tuis
1201 662 1319 699 quam
1338 652 1555 691 familiaris-

303 703 445 741 simum
464 713 556 742 esse
575 707 612 741 te
631 703 768 751 cupio,
797 707 841 741 ut
859 703 968 751 quod
987 714 1091 743 nunc
1108 710 1246 743 natura
1260 710 1298 744 et
1310 705 1467 753 inpetus
1483 712 1555 754 est,

301 757 371 795 fiat
389 757 596 805 iudicium,
622 757 720 795 illud
739 767 892 796 mecum
912 759 1142 807 considero,
1168 761 1311 798 multas
1330 770 1453 799 voces
1475 772 1555 799 ma-

301 821 420 859 gnas,
455 812 528 849 sed
555 811 827 859 detestabiles,
863 812 901 850 in
933 812 1052 851 vitam
1082 813 1291 852 humanam
1325 816 1556 862 pervenisse

302 866 561 914 celebresque
580 867 696 914 volgo
719 866 830 913 ferri,
860 871 903 906 ut
923 866 1046 906 illam:
1074 869 1240 917 oderint,
1269 869 1359 907 dum
1376 874 1555 909 metuant.

301 921 365 959 cui
394 920 566 959 Graecus
592 931 734 967 versus
762 920 899 960 similis
919 927 980 961 est
999 922 1127 971 [eius],
1159 923 1288 971 quise
1306 928 1458 963 mortuo
1478 930 1554 963 ter·

258 979 280 1014 3
300 985 380 1013 ram
402 974 559 1013 misceri
578 974 733 1022 ignibus
751 973 876 1024 iubet,
906 981 945 1015 et
964 977 1040 1015 alia
1058 977 1174 1016 huius
1194 983 1324 1017 notae.
1353 989 1398 1017 ac
1417 979 1552 1018 nescio

302 1030 503 1077 quomodo
530 1029 689 1077 ingenia
713 1029 886 1068 inmania
911 1036 951 1069 et
977 1031 1106 1070 invisa
1135 1031 1298 1070 materia
1329 1033 1554 1072 secundiori

300 1089 584 1131 expresserunt
613 1090 762 1122 sensus
783 1084 1037 1124 vehementes
1067 1090 1105 1124 et
1137 1087 1366 1126 concitatos.
1408 1089 1552 1126 nullam

298 1137 429 1176 adhuc
443 1148 582 1176 vocem
597 1138 730 1176 audivi
744 1148 796 1176 ex
810 1138 915 1177 bono
926 1139 1084 1188 lenique
1093 1139 1324 1179 animosam.
1352 1142 1447 1190 quid
1458 1153 1553 1190 ergo

299 1195 387 1230 est?
421 1196 465 1230 ut
489 1203 600 1239 raro,
627 1192 771 1231 invitus
790 1196 829 1231 et
853 1203 941 1231 cum
960 1204 1101 1242 magna
1121 1196 1385 1243 cunctatione,
1413 1196 1468 1234 ita
1484 1197 1553 1235 ali-

301 1246 460 1294 quando
487 1245 640 1285 scribas
663 1257 831 1285 necesse
849 1253 910 1286 est
929 1248 1053 1296 istud,
1082 1250 1189 1296 quod
1209 1249 1305 1288 tibi
1296 1261 1334 1288 m
1356 1250 1488 1289 odium
1507 1251 1551 1289 li-

298 1305 403 1338 teras
422 1301 606 1348 adduxit,
636 1301 727 1347 sed,
741 1301 856 1341 sicut
874 1302 989 1354 facis,
1022 1313 1112 1342 cum
1131 1314 1273 1352 magna
1292 1305 1551 1377 cunctatione,

299 1364 387 1400 cum
408 1355 539 1394 multis
560 1330 826 1394 di'lation'ibus.

260 1415 278 1447 1
379 1409 442 1447 ΙΙΙ.
478 1409 527 1447 Et
553 1419 603 1447 ne
630 1410 731 1448 forte
758 1410 929 1471 decipiat
954 1421 1029 1449 nos
1061 1412 1290 1459 speciosum
1324 1414 1552 1453 clementiae

299 1473 441 1502 nomen
469 1463 683 1511 aliquando
703 1467 743 1501 et
761 1463 801 1500 in
822 1463 1061 1503 contrarium
1079 1465 1266 1513 abducat,
1295 1468 1549 1507 videamus

299 1517 418 1566 quid
446 1516 514 1556 sit
537 1517 803 1580 clementia
828 1518 1100 1568 qualisque
1128 1521 1193 1559 sit
1211 1526 1257 1560 et
1277 1533 1401 1570 quos
1422 1523 1553 1563 fines

298 1572 490 1611 habeat.

379 1626 591 1665 Clementia
599 1630 661 1665 est
675 1627 931 1676 temperantia
946 1628 1062 1666 animi
1078 1629 1116 1667 in
1132 1632 1327 1677 potestate
1336 1631 1554 1670 ulciscendi

296 1680 360 1731 vel
372 1681 512 1720 lenitas
528 1681 746 1730 superioris
762 1682 956 1721 adversus
972 1683 1249 1723 inferioremin
1265 1686 1552 1725 constituendis

298 1736 452 1783 poenis.
492 1735 610 1774 Plura
628 1747 854 1785 proponere
870 1738 989 1776 tutius
1010 1742 1089 1786 est,
1115 1750 1165 1778 ne
1184 1749 1262 1777 una
1274 1740 1396 1778 finitio
1414 1751 1553 1789 parum

295 1801 381 1828 rem
407 1790 706 1838 conprehendat
731 1795 788 1839 et,
824 1796 866 1830 ut
899 1792 953 1831 ita
985 1793 1136 1841 dicam,
1170 1794 1340 1832 'formula
1372 1795 1550 1834 excidat:

295 1844 429 1893 itaque
448 1845 526 1883 dici
544 1850 678 1893 potest
692 1850 731 1884 et
745 1845 942 1885 inclinatio
959 1847 1076 1885 animi
1091 1848 1142 1886 ad
1155 1848 1350 1890 lenitatem
1366 1850 1405 1887 in
1419 1860 1551 1898 poena

261 1900 504 1947 2exigenda.
551 1900 622 1938 Illa
647 1899 770 1939 finitio
800 1902 1128 1941 contradictiones
1148 1901 1339 1950 inveniet,
1370 1904 1548 1952 quamvis

294 1955 463 1992 maxime
482 1954 535 1992 ad
547 1962 690 1993 verum
709 1956 892 1994 accedat:
919 1956 953 1994 si
969 1956 1182 1996 dixerimus
1199 1957 1440 1996 clementiam
1456 1969 1549 1997 esse

293 2009 603 2047 moderationem
622 2009 770 2058 aliquid
785 2020 834 2048 ex
851 2010 988 2048 merita
1001 2011 1192 2049 acdebita
1206 2021 1337 2074 poena
1350 2012 1547 2051 remitten-

294 2066 391 2109 tem,
418 2064 694 2103 reclamabitur
715 2065 859 2103 nullam
878 2065 1062 2104 virtutem
1074 2066 1255 2113 cuiquam
1269 2067 1396 2104 minus
1413 2067 1546 2106 debito

294 2116 439 2155 facere.
471 2119 578 2166 atqu1
593 2118 670 2157 hoc
686 2130 822 2158 omnes
837 2119 995 2167 intelle
997 2120 1424 2168 untclementiamesse,
1444 2132 1547 2170 quae

296 2180 340 2208 se
360 2170 480 2210 flectit
499 2173 596 2211 citra
613 2173 672 2219 id,
705 2174 813 2222 quod
831 2174 968 2213 merito
991 2174 1172 2212 constitui
1193 2179 1341 2222 posset.

261 2230 278 2262 1
376 2225 442 2263 IV.
470 2227 572 2265 Huic
593 2228 824 2273 contrariam
843 2228 998 2276 inperiti
1016 2233 1158 2276 putant
1175 2230 1442 2268 severitatem-2
1472 2230 1545 2269 sed

294 2280 402 2318 nulla
426 2280 551 2320 virtus
578 2281 710 2321 virtuti
736 2282 931 2322 contraria
961 2287 1032 2321 est.
1077 2282 1192 2331 quid
1229 2294 1347 2332 ergo
1387 2295 1409 2323 ο
1422 2289 1543 2334 ppo-
