1624 2626
261 207 395 247 DIAL.
424 207 473 245 V.
532 205 602 245 'DE
628 205 718 244 IRA
743 204 837 244 LIB.
866 204 929 242 111.
961 209 1116 244 14—17.
1275 203 1329 243 93

45 310 363 360 iugulumxtuum
392 312 528 358 guttur
546 313 669 355 tuum,
692 311 919 346 cortuum?
945 305 1096 356 effugia
1125 307 1329 346 servitutis

46 371 149 406 sunt.
185 365 303 404 nimis
325 363 394 404 tibi
415 373 616 414 operosos
644 363 775 403 exitus
794 367 976 403 monstro
997 367 1036 402 et
1054 363 1219 402 multum
1246 364 1329 401 ani-

43 423 95 461 mi
116 432 163 461 ac
182 421 343 460 roboris
364 419 601 468 exigentes?
638 419 799 468 quaeris
820 419 933 469 quod
960 419 1013 458 sit
1030 419 1083 458 ad
1109 418 1331 458 libertatem

47 478 148 517 lter?
173 475 376 527 quaelibet
396 477 435 514 in
456 485 629 525 corpore
649 479 718 514 tuo
737 485 854 514 vena.

124 533 230 572 XVI.
259 531 458 581 Quamdiu
474 532 636 581 quidem
655 531 752 569 nihil
771 536 850 570 tam
869 529 1120 570 intolerabile
1133 530 1252 570 nobis
1273 531 1330 569 vi·
1352 542 1372 575 l

43 590 171 637 detur,
199 593 244 628 ut
262 599 338 627 nos
359 583 534 637 expellat
554 598 576 626 e
596 587 689 633 vita,
711 587 827 635 iram‚'
842 586 882 639 in
902 597 1160 636 quocumque
1180 587 1331 626 erimus

43 650 162 693 statu,
189 653 492 684 removeamus:
531 643 762 692 perniciosa
789 648 851 691 est
877 642 1159 682 servientibus.
1199 642 1330 683 omnis

43 702 149 740 enim
175 699 393 749 indignatio
426 700 466 738 in
494 704 735 738 tormentum
764 709 882 738 suum
910 697 1071 748 proficit
1097 703 1138 738 et
1163 698 1333 748 imperia

42 756 228 806 graviora
244 756 363 795 sentit
383 766 464 804 quo
481 755 756 795 contumacius
777 752 934 804 patitur.
968 753 1035 794 Sic
1054 755 1225 804 laqueos
1246 755 1333 793 sera

42 813 138 852 dum
157 813 289 859 iactat,
319 811 541 860 adstringit.
573 811 632 850 sic
653 820 751 850 aves
770 811 938 857 viscum,
967 811 1061 850 dum
1080 810 1329 860 trepidantes

0 899 2 924 ;
43 868 267 915 excutiunt,
297 867 441 916 plumis
470 867 657 906 omnibus
686 866 867 906 Inlinunt.
911 866 1069 905 Nullum
1096 871 1176 906 tam
1203 871 1332 905 artum

0 925 2 968 4
43 930 106 964 est
123 924 263 973 iugum
285 923 396 972 quod
415 933 496 962 non
513 923 644 963 minus
670 923 803 962 laedat
826 923 1042 962 ducentem
1070 933 1192 972 quam
1210 932 1331 971 repu-

0 996 2 1029 ÷
45 986 245 1031 gnantem.
272 990 393 1018 unum
413 983 476 1018 est
494 980 763 1018 levamentum
783 979 978 1018 malorum
996 978 1228 1026 ingentium,
1249 979 1331 1027 pati

45 1042 83 1075 et
107 1034 418 1074 necessitatibus
447 1035 533 1073 suis
563 1035 748 1083 obsequi.
805 1033 888 1072 Sed
916 1044 1004 1072 eum
1031 1033 1140 1073 utilis
1169 1033 1222 1073 sit
1247 1044 1331 1072 ser·
1351 1048 1372 1080 2

43 1091 242 1131 vientibus
263 1091 489 1129 adfectuum
510 1100 676 1129 suorum
696 1094 734 1128 et
751 1089 872 1129 huius
888 1089 1105 1138 praecipue
1122 1089 1253 1128 rabidi
1275 1096 1329 1129 at·

45 1158 124 1198 que
144 1146 285 1186 effreni
308 1145 562 1194 continentia,
583 1146 715 1185 utilior
735 1151 797 1185 est
815 1145 999 1194 regibus:
1022 1146 1226 1194 perierunt
1247 1157 1330 1185 om-

43 1204 121 1251 nia,
151 1203 221 1241 ubi
247 1207 439 1252 quantum
467 1202 528 1240 ira
558 1202 722 1250 suadet,
753 1202 921 1241 fortuna
940 1201 1139 1251 permittit,
1167 1212 1244 1241 nec
1264 1202 1331 1241 diu

43 1263 178 1310 potest
197 1269 301 1308 quae
321 1258 535 1297 multorum
550 1259 655 1296 malo
677 1262 888 1297 exercetur
905 1257 1085 1307 potentia
1106 1262 1226 1297 stare.
1261 1268 1330 1307 pe-

42 1315 234 1368 riclitatur
253 1315 371 1363 enim,
391 1314 459 1353 ubi
481 1324 556 1353 eos
575 1314 643 1363 qui
666 1314 882 1363 separatim
900 1318 1075 1362 gemunt,
1107 1314 1330 1353 communis

44 1375 174 1410 metus
205 1370 345 1410 iunxit.
393 1370 614 1420 plerosque
639 1370 774 1419 itaque
802 1369 925 1408 modo
956 1370 1103 1419 singuli
1131 1374 1330 1409 mactave-

42 1431 146 1475 runt,
169 1427 291 1466 modo
306 1427 498 1473 universi,
528 1436 618 1465 cum
636 1426 729 1465 illos
749 1426 934 1465 conferre
955 1425 995 1463 in
1013 1437 1138 1465 unum
1156 1426 1237 1465 iras
1259 1437 1329 1475 pu-

43 1483 174 1522 blicus
196 1482 313 1522 dolor
331 1482 546 1530 coegisset.
580 1482 704 1532 Atqui
725 1482 907 1531 plerique
930 1482 988 1520 sic
1008 1481 1106 1520 iram
1133 1482 1251 1531 quasi
1273 1482 1328 1520 in·
1350 1488 1373 1523 3

47 1538 161 1586 signe
179 1537 333 1585 regium
352 1542 629 1585 exercuerunt,
659 1538 762 1577 sicut
780 1538 947 1583 Dareus,
971 1536 1041 1587 qui
1063 1537 1217 1587 primus
1238 1543 1333 1586 post

46 1592 222 1632 ablatum
238 1602 354 1641 mago
373 1594 583 1642 imperium
597 1593 744 1633 Persas
765 1598 805 1632 et
822 1603 1007 1642 magnam
1029 1599 1182 1642 partem
1200 1594 1331 1633 orien-

44 1649 96 1688 tis
118 1648 298 1687 obtinuit.
337 1658 430 1686 narn
445 1658 534 1687 cum
553 1649 701 1688 bellum
716 1649 880 1700 Scythis
900 1648 1117 1689 indixisset
1139 1649 1332 1689 orientem

46 1704 311 1753 cingentibus,
332 1709 497 1752 rogatus
516 1704 567 1742 ab
585 1703 772 1745 Oeobazo
792 1704 917 1744 nobili
939 1715 1050 1752 sene,
1073 1710 1114 1744 ut
1133 1716 1185 1744 ex
1203 1706 1331 1744 tribus

48 1760 182 1799 liberis
201 1769 325 1798 unum
345 1760 385 1797 in
409 1759 595 1798 solatium
616 1761 717 1809 patri
737 1760 993 1810 relinqueret,
1013 1762 1184 1800 duorum
1207 1772 1333 1810 opera

47 1819 234 1862 uteretur,
266 1816 358 1864 plus
380 1825 499 1864 quam
518 1815 734 1864 rogabatur
753 1815 952 1866 pollicitus
972 1817 1104 1856 omnis
1125 1828 1172 1856 se
1199 1818 1253 1856 illi
1274 1817 1331 1855 di—

45 1871 105 1910 xit
122 1870 387 1910 remissurum
417 1876 455 1909 et
473 1870 635 1910 occisos
660 1872 699 1910 in
726 1877 950 1922 conspectu
974 1874 1152 1923 parentis
1173 1873 1330 1919 abiecit,

47 1927 221 1966 crudelis
241 1927 410 1974 futurus,
434 1924 469 1965 si
489 1925 619 1966 omnis
639 1928 888 1968 abduxisset.
932 1930 990 1968 At
1007 1934 1157 1978 quanto
1174 1928 1332 1968 Xerxes
1352 1936 1374 1970 4

46 1983 231 2022 facilior?
275 1983 343 2032 qui
364 1982 509 2034 Pythio
538 1983 716 2032 quinque
742 1984 915 2023 filiorum
934 1984 1039 2034 patri
1064 1984 1185 2023 unius
1212 1995 1330 2023 vaca—

47 2039 195 2078 tionem
206 2039 367 2088 petenti‚
390 2049 509 2088 quem
526 2039 645 2078 vellet
663 2039 811 2088 eligere
821 2040 1013 2089 permisit.
1046 2040 1201 2079 Deinde
1210 2051 1332 2089 quem

48 2095 233 2143 elegerat,
254 2095 294 2133 in
313 2100 451 2144 partes
467 2095 569 2133 duas
590 2095 823 2137 distractum
837 2096 888 2134 ab
905 2100 1080 2145 utroque
1096 2096 1187 2135 viae
1205 2097 1331 2135 latere

47 2150 183 2199 posuit
209 2154 250 2189 et
269 2150 346 2189 hac
364 2151 526 2189 victima
547 2150 732 2190 lustravit
757 2152 988 2190 exercitum.
1031 2150 1178 2191 Habuit
1194 2152 1330 2202 itaque

0 2222 7 2226 ·
49 2215 169 2255 quem
197 2205 333 2245 debuit
366 2206 536 2246 exitum:
583 2207 714 2245 victus
743 2211 782 2246 et
806 2208 885 2246 late
909 2207 1112 2257 longeque
1137 2209 1253 2248 fusus
1282 2219 1331 2247 ac

0 2263 2 2265 '
48 2266 211 2300 stratam
230 2262 379 2312 ubique
407 2263 564 2302 ruinam
583 2273 698 2301 suam
727 2272 897 2302 cernens
916 2263 1071 2303 medius
1096 2264 1202 2304 inter
1234 2275 1328 2304 suo—

46 2327 136 2358 rum
155 2317 356 2357 cadavera
374 2317 551 2357 incessit.

128 2373 249 2412 XVII.
279 2374 388 2413 Haec
407 2374 591 2414 barbaris
614 2375 777 2424 regibus
803 2374 939 2416 feritas
957 2376 996 2414 in
1015 2375 1074 2415 ira
1094 2376 1186 2415 suit:
1223 2388 1328 2425 quos
1353 2384 1370 2416 1
