1592 2580
317 169 385 209 DE
413 167 694 208 BENEFICIIS
721 168 904 207 LlB.1v.
934 172 1110 210 23—26.
1306 167 1358 209 75

71 270 212 320 recipit
236 269 445 310 sordidum
472 269 598 308 virtus
629 273 868 308 amatorem:
897 269 1031 309 soluto
1058 269 1109 308 ad
1139 269 1244 308 illam
1267 269 1358 308 sinu

71 326 313 366 veniendum
333 331 407 365 est.
449 325 634 374 Ingratus
655 325 733 364 hoc
754 325 919 373 cogitat:
947 325 1170 373 „volebam
1190 325 1357 374 gratiam

70 384 238 429 referre,
279 382 355 421 sed
382 382 502 420 timeo
530 381 763 430 inpensam,
791 381 909 419 timeo
939 380 1183 429 periculum,
1215 391 1359 420 vereor

71 438 280 478 offensam.
324 437 468 476 faciam
497 438 633 486 potius
654 437 765 486 quod
783 435 988 486 expedit-‘⁶
1026 436 1114 475 Non
1136 441 1271 485 potest
1291 447 1357 475 ea-

69 494 160 533 dem
187 494 288 533 ratio
317 498 356 532 et
383 497 538 542 gratum
560 494 694 531 facere
713 497 753 532 et
769 492 979 541 ingratum.
1025 497 1069 531 ut
1089 492 1251 531 diversa
1272 493 1358 531 illo·

67 561 156 589 rum
177 560 321 599 opera,
340 548 394 588 ita
415 549 576 588 diversa
594 549 698 587 inter
714 557 760 586 se
779 548 988 598 proposita
1007 553 1120 587 sunt:
1140 548 1206 587 ille
1225 548 1357 596 ingra-

69 611 132 645 tus
153 611 234 654 est,
264 605 446 654 quamvis
474 615 554 644 non
577 609 782 653 oporteat,
810 603 904 653 quia
923 604 1100 654 expedit.
1135 603 1202 642 hic
1220 609 1359 653 gratus

68 661 347 711 est,rquamvis
367 671 448 700 non
470 660 679 710 expediat,
700 660 796 709 quia
815 664 985 709 oportet.

179 718 302 757 XXV.
329 716 587 766 Propositum
615 721 678 755 est
704 716 822 755 nobis
841 716 1064 755 secundum
1083 725 1217 754 rerum
1244 720 1356 754 natu-
1383 719 1400 753 1

67 784 153 812 ram
172 774 310 812 vivere
330 777 368 811 et
388 773 555 812 deorum
576 773 804 820 exemplum
824 772 961 821 sequi:
987 771 1028 810 di
1048 776 1201 818 autem,
1230 771 1358 820 quod-

69 839 241 879 cumque
268 829 434 876 faciunt,
470 828 510 866 in
547 839 595 867 eo
625 828 723 877 quid
750 833 908 877 praeter
939 828 1069 876 ipsam
1098 827 1270 866 faciendi
1296 838 1360 865 ra-

73 886 222 925 tionem
242 889 490 934 sequuntur?
509 884 586 922 nisi
610 885 711 923 sorte
735 883 826 923 illos
842 884 1048 922 existimas
1070 884 1238 922 fructum
1261 893 1358 931 ope-

67 953 158 980 rum
184 952 352 980 suorum
380 951 432 978 ex
463 942 571 979 fumo
601 944 785 978 extorum
805 943 845 978 et
863 940 962 978 turis
987 940 1113 978 odore
1133 938 1357 988 percipere.

69 998 175 1036 Vide
196 1002 345 1046 quanta
365 996 511 1035 cotidie
532 996 763 1044 moliantur,
786 1000 934 1045 quanta
958 995 1211 1042 distribuant,
1232 1005 1357 1044 quan·
1378 1001 1400 1034 2

71 1053 122 1092 tis
154 1057 281 1092 terras
314 1052 510 1091 fructibus
552 1052 749 1100 inpleant,
793 1063 915 1100 quam
958 1050 1200 1100 opportunis
1245 1055 1284 1090 et
1316 1051 1356 1089 in

71 1119 212 1148 omnes
232 1119 324 1148 oras
344 1108 562 1147 ferentibus
584 1107 714 1146 ventis
733 1108 859 1146 maria
888 1111 1166 1156 permoveant,
1199 1106 1358 1155 quantis

69 1164 263 1205 imbribus
289 1169 456 1213 repente
486 1162 653 1202 deiectis
684 1164 815 1201 solum
844 1163 1022 1202 molliant
1041 1173 1251 1211 venasque
1270 1162 1360 1201 fon-

67 1221 163 1260 tium
181 1225 339 1259 arentes
358 1219 631 1267 redintegrent
645 1223 684 1257 et
702 1218 836 1258 infuso
854 1230 926 1268 per
942 1219 1100 1258 occulta
1118 1218 1358 1257 nutrimento

69 1282 230 1316 novent.
262 1275 402 1314 Omnia
418 1275 494 1314 ista
509 1275 597 1314 sine
616 1275 824 1323 mercede,
846 1275 936 1314 sine
954 1275 1036 1313 ullo
1060 1275 1111 1313 ad
1131 1273 1247 1323 ipsos
1268 1285 1357 1323 per—

68 1332 255 1371 veniente
273 1331 485 1371 commodo
506 1331 667 1370 faciunt.
710 1331 798 1370 Hoc
818 1337 957 1370 nostra
981 1341 1145 1379 quoque
1173 1331 1294 1376 ratio,
1324 1330 1358 1369 si
1379 1335 1400 1369 3

69 1387 119 1426 ab
140 1388 359 1437 exemplari
389 1398 464 1426 suo
494 1398 574 1426 non
596 1387 773 1434 aberrat,
803 1393 958 1435 servet,
986 1397 1038 1424 ne
1067 1386 1119 1424 nd
1145 1397 1212 1424 res
1234 1386 1356 1424 hone—

69 1447 153 1482 stas
181 1444 381 1483 conducta
407 1442 553 1481 veniat.
590 1442 743 1481 Pudeat
762 1443 885 1481 ullum
913 1442 1056 1481 venale
1084 1452 1178 1480 esse
1206 1442 1357 1481 benefi-

70 1500 194 1538 cium:
233 1499 428 1547 gratuitos
447 1498 642 1537 habemus
665 1499 780 1537 deos.

150 1554 290 1592 XXVI.
318 1553 393 1601 „Si
413 1555 533 1600 deos,
566 1553 713 1603 inquit,
743 1552 930 1601 imitaris,
961 1553 1013 1592 da
1043 1558 1082 1592 et
1101 1553 1267 1602 ingratis
1287 1553 1355 1592 be·
1380 1563 1397 1595 1

68 1610 233 1649 neficia:
262 1621 352 1648 nam
382 1614 421 1648 et
442 1610 649 1648 sceleratis
671 1610 733 1649 sol
754 1610 880 1648 oritur
898 1614 938 1648 et
958 1609 1095 1658 piratis
1117 1614 1255 1658 patent
1275 1620 1355 1648 ma-

67 1666 166 1704 ria.“
207 1666 309 1704 Hoc
336 1667 449 1704 loco
481 1666 824 1714 interrogant,
853 1676 911 1704 an
934 1665 1193 1704 virbonus
1213 1665 1357 1704 datu-

67 1733 154 1760 rus
193 1722 260 1760 sit
286 1721 597 1760 beneficium
635 1721 856 1769 ingrato,
899 1721 1075 1760 sciens
1104 1721 1357 1769 ingratum

69 1788 198 1816 esse.
226 1778 407 1826 permitte
434 1776 528 1815 mihi
550 1776 701 1825 aliquid
724 1776 950 1826 interloqui,
972 1787 1022 1815 ne
1043 1777 1356 1825 interrogatione

67 1833 264 1872 insidiosa
293 1832 510 1881 capiamur.
550 1832 661 1871 Duos
690 1843 742 1871 ex
761 1833 1043 1872 constitutione
1059 1832 1197 1871 Stoica
1215 1832 1354 1880 accipe
1375 1840 1396 1873 2

68 1890 268 1937 ingratos:
289 1890 388 1927 alter
403 1892 464 1927 est
478 1888 677 1936 ingratus,
699 1890 792 1937 quia
811 1890 954 1927 stultus
970 1894 1043 1927 est.
1074 1889 1219 1927 stultus
1237 1888 1354 1926 etiam

70 1945 198 1984 malus
219 1950 293 1984 est.
338 1944 433 1994 quia
452 1945 581 1982 malus
602 1949 682 1990 est,
715 1945 824 1983 nullo
844 1944 942 1983 vitio
963 1949 1091 1982 caret:
1119 1954 1216 1992 ergo
1238 1948 1277 1982 et
1298 1943 1355 1981 in·

69 2005 206 2049 gratus
234 2006 308 2040 est.
371 1999 438 2038 Sic
470 2009 611 2038 omnes
642 2000 768 2038 malos
798 2000 991 2046 dicimus,
1031 1998 1354 2047 intemperantes
1395 2034 1402 2041 .

70 2067 237 2103 avaros,
257 2056 489 2095 luxuriosos
501 2086 510 2103 ,
532 2055 750 2103 malignos,
770 2066 849 2094 non
867 2055 963 2105 quia
978 2055 1111 2094 omnia
1126 2055 1202 2094 ista
1219 2055 1355 2104 singu-

69 2111 119 2150 lis
147 2123 293 2160 magna
318 2117 357 2150 et
384 2117 479 2150 nota
503 2111 597 2149 vitia
625 2115 738 2159 sunt,
772 2111 846 2149 sed
867 2111 960 2160 quia
980 2121 1074 2149 esse
1094 2115 1285 2158 possunt:
1318 2116 1356 2150 et

72 2172 182 2213 sunt,
204 2168 358 2207 etiamsi
376 2168 508 2206 latent.
537 2167 650 2205 Alter
668 2171 730 2204 est
746 2165 944 2215 ingratus,
975 2166 1042 2214 qui
1059 2167 1179 2214 volgo
1201 2166 1354 2214 dicitur,

71 2222 111 2260 in
130 2222 207 2262 hoc
227 2224 362 2263 vitium
385 2229 524 2262 natura
545 2232 787 2275 propensus.
826 2222 884 2260 Illi
910 2222 1086 2270 ingrato,
1117 2221 1185 2270 qui
1204 2223 1263 2262 sic
1281 2222 1356 2261 hac
1375 2229 1398 2262 3

74 2278 192 2327 culpa
219 2290 298 2317 non
321 2284 447 2325 caret,
478 2278 683 2327 quomodo
705 2278 812 2316 nulla
833 2282 958 2325 caret,
989 2277 1099 2317 dabit
1116 2277 1355 2316 beneficium

73 2331 135 2371 vit
153 2333 304 2374 bonus:
334 2334 430 2374 nulli
450 2335 553 2373 enim
574 2334 669 2373 dare
689 2333 854 2383 poterit,
879 2333 915 2372 si
933 2334 1034 2373 tales
1054 2333 1236 2373 homines
1260 2333 1355 2373 sub·
