<?xml version="1.0" encoding="UTF-8"?>
<!DOCTYPE html PUBLIC "-//W3C//DTD XHTML 1.0 Transitional//EN"
    "http://www.w3.org/TR/xhtml1/DTD/xhtml1-transitional.dtd">
<html xmlns="http://www.w3.org/1999/xhtml" xml:lang="en" lang="en">
 <head>
  <title>
</title>
<meta http-equiv="Content-Type" content="text/html;charset=utf-8" />
  <meta name='ocr-system' content='tesseract 3.04.00' />
  <meta name='ocr-capabilities' content='ocr_page ocr_carea ocr_par ocr_line ocrx_word'/>
</head>
<body>
  <div class='ocr_page' id='page_1' title='image "./operaquaesupersu01seneuoft_0639.png"; bbox 0 0 1592 2580; ppageno 0'>
   <div class='ocr_carea' id='block_1_1' title="bbox 245 125 1311 196">
    <p class='ocr_par' dir='ltr' id='par_1_1' title="bbox 245 125 1311 196">
     <span class='ocr_line' id='line_1_1' title="bbox 245 125 1311 196; baseline -0.025 -4"><span class='ocrx_word' id='word_1_1' title='bbox 245 150 430 191; x_wconf 80' lang='lat' dir='ltr'><strong>NATUR.</strong></span> <span class='ocrx_word' id='word_1_2' title='bbox 451 143 664 196; x_wconf 82' lang='lat' dir='ltr'>QUAEST.</span> <span class='ocrx_word' id='word_1_3' title='bbox 694 140 789 179; x_wconf 90' lang='lat' dir='ltr'>LlB.</span> <span class='ocrx_word' id='word_1_4' title='bbox 804 137 890 176; x_wconf 89' lang='lat' dir='ltr'>VII.</span> <span class='ocrx_word' id='word_1_5' title='bbox 919 137 1093 175; x_wconf 73' lang='lat'><strong>24—27.</strong></span> <span class='ocrx_word' id='word_1_6' title='bbox 1231 125 1311 167; x_wconf 84' lang='lat'>313</span> 
     </span>
    </p>
   </div>
   <div class='ocr_carea' id='block_1_2' title="bbox 33 229 1390 2362">
    <p class='ocr_par' dir='ltr' id='par_1_2' title="bbox 33 229 1356 1189">
     <span class='ocr_line' id='line_1_2' title="bbox 33 229 1312 310; baseline -0.028 -9"><span class='ocrx_word' id='word_1_7' title='bbox 33 261 202 310; x_wconf 75' lang='lat' dir='ltr'>Iupiter,</span> <span class='ocrx_word' id='word_1_8' title='bbox 233 266 283 294; x_wconf 90' lang='lat' dir='ltr'>an</span> <span class='ocrx_word' id='word_1_9' title='bbox 305 251 526 295; x_wconf 85' lang='lat' dir='ltr'>occideret,</span> <span class='ocrx_word' id='word_1_10' title='bbox 563 257 613 285; x_wconf 87' lang='lat' dir='ltr'>an</span> <span class='ocrx_word' id='word_1_11' title='bbox 641 239 900 290; x_wconf 74' lang='lat' dir='ltr'>retrogradus</span> <span class='ocrx_word' id='word_1_12' title='bbox 921 238 1030 274; x_wconf 89' lang='lat' dir='ltr'>esset</span> <span class='ocrx_word' id='word_1_13' title='bbox 1047 254 1103 260; x_wconf 93' lang='lat'>—</span> <span class='ocrx_word' id='word_1_14' title='bbox 1121 240 1212 269; x_wconf 89' lang='lat' dir='ltr'>nam</span> <span class='ocrx_word' id='word_1_15' title='bbox 1236 229 1312 281; x_wconf 86' lang='lat' dir='ltr'>hoc</span> 
     </span>
     <span class='ocr_line' id='line_1_3' title="bbox 35 283 1310 357; baseline -0.027 -1"><span class='ocrx_word' id='word_1_16' title='bbox 35 317 90 355; x_wconf 81' lang='lat' dir='ltr'>illi</span> <span class='ocrx_word' id='word_1_17' title='bbox 116 322 261 353; x_wconf 88' lang='lat' dir='ltr'>nomen</span> <span class='ocrx_word' id='word_1_18' title='bbox 289 310 505 357; x_wconf 83' lang='lat' dir='ltr'>inposuere</span> <span class='ocrx_word' id='word_1_19' title='bbox 525 299 682 341; x_wconf 83' lang='lat' dir='ltr'>cedenti</span> <span class='ocrx_word' id='word_1_20' title='bbox 700 320 756 326; x_wconf 90' lang='lat'>—</span> <span class='ocrx_word' id='word_1_21' title='bbox 777 299 868 334; x_wconf 87' lang='lat' dir='ltr'>ante</span> <span class='ocrx_word' id='word_1_22' title='bbox 890 300 1042 341; x_wconf 84' lang='lat' dir='ltr'>paucos</span> <span class='ocrx_word' id='word_1_23' title='bbox 1063 296 1191 326; x_wconf 87' lang='lat' dir='ltr'>annos</span> <span class='ocrx_word' id='word_1_24' title='bbox 1211 283 1310 324; x_wconf 79' lang='lat' dir='ltr'>didi-</span> 
     </span>
     <span class='ocr_line' id='line_1_4' title="bbox 37 338 1349 412; baseline -0.027 -1"><span class='ocrx_word' id='word_1_25' title='bbox 37 373 176 412; x_wconf 83' lang='lat' dir='ltr'>cimus.</span> <span class='ocrx_word' id='word_1_26' title='bbox 222 367 374 405; x_wconf 89' lang='lat' dir='ltr'>Inventi</span> <span class='ocrx_word' id='word_1_27' title='bbox 394 365 506 407; x_wconf 89' lang='lat' dir='ltr'>sunt,</span> <span class='ocrx_word' id='word_1_28' title='bbox 537 358 604 407; x_wconf 88' lang='lat' dir='ltr'>qui</span> <span class='ocrx_word' id='word_1_29' title='bbox 624 354 742 394; x_wconf 89' lang='lat' dir='ltr'>nobis</span> <span class='ocrx_word' id='word_1_30' title='bbox 761 352 958 390; x_wconf 82' lang='lat' dir='ltr'>dicerent:</span> <span class='ocrx_word' id='word_1_31' title='bbox 987 343 1176 393; x_wconf 87' lang='lat' dir='ltr'>,‚erratis,</span> <span class='ocrx_word' id='word_1_32' title='bbox 1203 338 1349 389; x_wconf 73' lang='lat' dir='ltr'>quode</span> 
     </span>
     <span class='ocr_line' id='line_1_5' title="bbox 36 399 1313 467; baseline -0.027 -1"><span class='ocrx_word' id='word_1_33' title='bbox 36 428 159 467; x_wconf 86' lang='lat' dir='ltr'>ullam</span> <span class='ocrx_word' id='word_1_34' title='bbox 186 423 342 462; x_wconf 85' lang='lat' dir='ltr'>stellam</span> <span class='ocrx_word' id='word_1_35' title='bbox 374 422 442 456; x_wconf 87' lang='lat' dir='ltr'>aut</span> <span class='ocrx_word' id='word_1_36' title='bbox 474 412 725 463; x_wconf 86' lang='lat' dir='ltr'>supprimere</span> <span class='ocrx_word' id='word_1_37' title='bbox 753 415 915 446; x_wconf 88' lang='lat' dir='ltr'>cursum</span> <span class='ocrx_word' id='word_1_38' title='bbox 937 399 1122 441; x_wconf 86' lang='lat' dir='ltr'>iudicatis</span> <span class='ocrx_word' id='word_1_39' title='bbox 1142 402 1209 436; x_wconf 87' lang='lat' dir='ltr'>aut</span> <span class='ocrx_word' id='word_1_40' title='bbox 1228 405 1313 434; x_wconf 92' lang='lat' dir='ltr'>ver-</span> 
     </span>
     <span class='ocr_line' id='line_1_6' title="bbox 38 452 1318 523; baseline -0.027 -1"><span class='ocrx_word' id='word_1_41' title='bbox 38 490 134 523; x_wconf 90' lang='lat' dir='ltr'>tere.</span> <span class='ocrx_word' id='word_1_42' title='bbox 181 489 260 517; x_wconf 92' lang='lat' dir='ltr'>non</span> <span class='ocrx_word' id='word_1_43' title='bbox 291 477 382 514; x_wconf 90' lang='lat' dir='ltr'>licet</span> <span class='ocrx_word' id='word_1_44' title='bbox 408 478 515 512; x_wconf 88' lang='lat' dir='ltr'>stare</span> <span class='ocrx_word' id='word_1_45' title='bbox 544 464 785 508; x_wconf 85' lang='lat' dir='ltr'>coelestibus</span> <span class='ocrx_word' id='word_1_46' title='bbox 818 471 892 500; x_wconf 84' lang='lat' dir='ltr'>nec</span> <span class='ocrx_word' id='word_1_47' title='bbox 926 455 1076 496; x_wconf 79' lang='lat' dir='ltr'>averti=</span> <span class='ocrx_word' id='word_1_48' title='bbox 1117 452 1318 503; x_wconf 87' lang='lat' dir='ltr'>prodeunt</span> 
     </span>
     <span class='ocr_line' id='line_1_7' title="bbox 39 509 1315 583; baseline -0.027 -6"><span class='ocrx_word' id='word_1_49' title='bbox 39 536 189 583; x_wconf 88' lang='lat' dir='ltr'>omnia,</span> <span class='ocrx_word' id='word_1_50' title='bbox 220 538 263 572; x_wconf 89' lang='lat' dir='ltr'>ut</span> <span class='ocrx_word' id='word_1_51' title='bbox 289 529 413 571; x_wconf 88' lang='lat' dir='ltr'>semel</span> <span class='ocrx_word' id='word_1_52' title='bbox 432 527 555 566; x_wconf 85' lang='lat' dir='ltr'>missa</span> <span class='ocrx_word' id='word_1_53' title='bbox 576 527 687 569; x_wconf 87' lang='lat' dir='ltr'>sunt,</span> <span class='ocrx_word' id='word_1_54' title='bbox 714 518 878 558; x_wconf 89' lang='lat' dir='ltr'>vadunt.</span> <span class='ocrx_word' id='word_1_55' title='bbox 915 515 1021 552; x_wconf 87' lang='lat' dir='ltr'>idem</span> <span class='ocrx_word' id='word_1_56' title='bbox 1040 510 1114 549; x_wconf 89' lang='lat' dir='ltr'>erit</span> <span class='ocrx_word' id='word_1_57' title='bbox 1130 509 1206 547; x_wconf 91' lang='lat' dir='ltr'>illis</span> <span class='ocrx_word' id='word_1_58' title='bbox 1229 517 1315 545; x_wconf 88' lang='lat' dir='ltr'>cur—</span> 
     </span>
     <span class='ocr_line' id='line_1_8' title="bbox 41 562 1319 639; baseline -0.027 -6"><span class='ocrx_word' id='word_1_59' title='bbox 41 604 132 639; x_wconf 92' lang='lat' dir='ltr'>sus,</span> <span class='ocrx_word' id='word_1_60' title='bbox 159 590 227 639; x_wconf 88' lang='lat' dir='ltr'>qui</span> <span class='ocrx_word' id='word_1_61' title='bbox 246 588 307 627; x_wconf 89' lang='lat' dir='ltr'>sui</span> <span class='ocrx_word' id='word_1_62' title='bbox 327 585 432 625; x_wconf 88' lang='lat' dir='ltr'>finis.</span> <span class='ocrx_word' id='word_1_63' title='bbox 461 590 564 631; x_wconf 77' lang='lat' dir='ltr'>opus</span> <span class='ocrx_word' id='word_1_64' title='bbox 580 579 658 617; x_wconf 89' lang='lat' dir='ltr'>hoc</span> <span class='ocrx_word' id='word_1_65' title='bbox 673 580 877 616; x_wconf 89' lang='lat' dir='ltr'>aeternum</span> <span class='ocrx_word' id='word_1_66' title='bbox 893 564 1184 609; x_wconf 88' lang='lat' dir='ltr'>inrevocabiles</span> <span class='ocrx_word' id='word_1_67' title='bbox 1199 562 1319 601; x_wconf 90' lang='lat' dir='ltr'>habet</span> 
     </span>
     <span class='ocr_line' id='line_1_9' title="bbox 41 618 1318 694; baseline -0.027 -6"><span class='ocrx_word' id='word_1_68' title='bbox 41 653 192 688; x_wconf 83' lang='lat' dir='ltr'>motus:</span> <span class='ocrx_word' id='word_1_69' title='bbox 225 644 292 694; x_wconf 91' lang='lat' dir='ltr'>qui</span> <span class='ocrx_word' id='word_1_70' title='bbox 320 641 354 681; x_wconf 90' lang='lat' dir='ltr'>si</span> <span class='ocrx_word' id='word_1_71' title='bbox 378 638 538 688; x_wconf 81' lang='lat' dir='ltr'>quando</span> <span class='ocrx_word' id='word_1_72' title='bbox 560 631 827 676; x_wconf 76' lang='lat' dir='ltr'>constiterint,</span> <span class='ocrx_word' id='word_1_73' title='bbox 857 627 935 666; x_wconf 86' lang='lat' dir='ltr'>alia</span> <span class='ocrx_word' id='word_1_74' title='bbox 953 635 1004 663; x_wconf 88' lang='lat' dir='ltr'>ex</span> <span class='ocrx_word' id='word_1_75' title='bbox 1024 621 1111 661; x_wconf 87' lang='lat' dir='ltr'>aliis</span> <span class='ocrx_word' id='word_1_76' title='bbox 1131 618 1318 664; x_wconf 82' lang='lat' dir='ltr'>incident,</span> 
     </span>
     <span class='ocr_line' id='line_1_10' title="bbox 45 677 1356 754; baseline -0.027 -10"><span class='ocrx_word' id='word_1_77' title='bbox 45 713 149 754; x_wconf 84' lang='lat' dir='ltr'>quae</span> <span class='ocrx_word' id='word_1_78' title='bbox 175 709 281 740; x_wconf 89' lang='lat' dir='ltr'>nunc</span> <span class='ocrx_word' id='word_1_79' title='bbox 306 703 422 737; x_wconf 88' lang='lat' dir='ltr'>tenor</span> <span class='ocrx_word' id='word_1_80' title='bbox 449 698 488 734; x_wconf 85' lang='lat' dir='ltr'>et</span> <span class='ocrx_word' id='word_1_81' title='bbox 513 689 735 739; x_wconf 80' lang='lat' dir='ltr'>aequalitas</span> <span class='ocrx_word' id='word_1_82' title='bbox 764 684 937 725; x_wconf 89' lang='lat' dir='ltr'>servat.“</span> <span class='ocrx_word' id='word_1_83' title='bbox 992 677 1093 727; x_wconf 79' lang='lat' dir='ltr'>Quid</span> <span class='ocrx_word' id='word_1_84' title='bbox 1122 680 1185 714; x_wconf 87' lang='lat' dir='ltr'>est</span> <span class='ocrx_word' id='word_1_85' title='bbox 1211 683 1319 722; x_wconf 86' lang='lat' dir='ltr'>ergo,</span> <span class='ocrx_word' id='word_1_86' title='bbox 1337 679 1356 714; x_wconf 87' lang='lat'>7</span> 
     </span>
     <span class='ocr_line' id='line_1_11' title="bbox 45 729 1320 805; baseline -0.027 -6"><span class='ocrx_word' id='word_1_87' title='bbox 45 771 116 799; x_wconf 88' lang='lat' dir='ltr'>cur</span> <span class='ocrx_word' id='word_1_88' title='bbox 143 758 277 805; x_wconf 87' lang='lat' dir='ltr'>aliqua</span> <span class='ocrx_word' id='word_1_89' title='bbox 302 755 480 792; x_wconf 84' lang='lat' dir='ltr'>resistere</span> <span class='ocrx_word' id='word_1_90' title='bbox 506 747 753 787; x_wconf 70' lang='lat' dir='ltr'>videantur?</span> <span class='ocrx_word' id='word_1_91' title='bbox 796 738 895 779; x_wconf 89' lang='lat' dir='ltr'>solis</span> <span class='ocrx_word' id='word_1_92' title='bbox 923 743 1116 776; x_wconf 79' lang='lat' dir='ltr'>occursus</span> <span class='ocrx_word' id='word_1_93' title='bbox 1144 729 1320 780; x_wconf 90' lang='lat' dir='ltr'>speciem</span> 
     </span>
     <span class='ocr_line' id='line_1_12' title="bbox 43 782 1324 856; baseline -0.027 -1"><span class='ocrx_word' id='word_1_94' title='bbox 43 815 122 855; x_wconf 90' lang='lat' dir='ltr'>illis</span> <span class='ocrx_word' id='word_1_95' title='bbox 142 810 336 852; x_wconf 82' lang='lat' dir='ltr'>tarditatis</span> <span class='ocrx_word' id='word_1_96' title='bbox 358 805 512 856; x_wconf 87' lang='lat' dir='ltr'>inponit</span> <span class='ocrx_word' id='word_1_97' title='bbox 530 807 570 841; x_wconf 90' lang='lat' dir='ltr'>et</span> <span class='ocrx_word' id='word_1_98' title='bbox 591 805 734 839; x_wconf 87' lang='lat' dir='ltr'>natura</span> <span class='ocrx_word' id='word_1_99' title='bbox 751 797 905 835; x_wconf 86' lang='lat' dir='ltr'>viarum</span> <span class='ocrx_word' id='word_1_100' title='bbox 925 790 1245 835; x_wconf 71' lang='lat' dir='ltr'>circulorumque</span> <span class='ocrx_word' id='word_1_101' title='bbox 1265 782 1324 822; x_wconf 85' lang='lat' dir='ltr'>sic</span> 
     </span>
     <span class='ocr_line' id='line_1_13' title="bbox 48 843 1324 920; baseline -0.027 -10"><span class='ocrx_word' id='word_1_102' title='bbox 48 870 288 920; x_wconf 89' lang='lat' dir='ltr'>positorum,</span> <span class='ocrx_word' id='word_1_103' title='bbox 312 869 355 904; x_wconf 93' lang='lat' dir='ltr'>ut</span> <span class='ocrx_word' id='word_1_104' title='bbox 374 867 483 902; x_wconf 89' lang='lat' dir='ltr'>certo</span> <span class='ocrx_word' id='word_1_105' title='bbox 502 865 685 906; x_wconf 88' lang='lat' dir='ltr'>tempore</span> <span class='ocrx_word' id='word_1_106' title='bbox 705 855 902 892; x_wconf 90' lang='lat' dir='ltr'>intuentes</span> <span class='ocrx_word' id='word_1_107' title='bbox 924 847 1078 886; x_wconf 78' lang='lat' dir='ltr'>fallant:</span> <span class='ocrx_word' id='word_1_108' title='bbox 1106 843 1166 882; x_wconf 92' lang='lat' dir='ltr'>sic</span> <span class='ocrx_word' id='word_1_109' title='bbox 1185 849 1324 885; x_wconf 84' lang='lat' dir='ltr'>naves,</span> 
     </span>
     <span class='ocr_line' id='line_1_14' title="bbox 49 894 1328 976; baseline -0.027 -11"><span class='ocrx_word' id='word_1_110' title='bbox 49 924 233 976; x_wconf 84' lang='lat' dir='ltr'>quamvis</span> <span class='ocrx_word' id='word_1_111' title='bbox 257 920 384 971; x_wconf 87' lang='lat' dir='ltr'>plenis</span> <span class='ocrx_word' id='word_1_112' title='bbox 405 917 506 956; x_wconf 91' lang='lat' dir='ltr'>velis</span> <span class='ocrx_word' id='word_1_113' title='bbox 526 917 637 960; x_wconf 90' lang='lat' dir='ltr'>eant,</span> <span class='ocrx_word' id='word_1_114' title='bbox 657 910 841 949; x_wconf 83' lang='lat' dir='ltr'>videntur</span> <span class='ocrx_word' id='word_1_115' title='bbox 857 911 988 945; x_wconf 87' lang='lat' dir='ltr'>tamen</span> <span class='ocrx_word' id='word_1_116' title='bbox 1005 906 1123 940; x_wconf 88' lang='lat' dir='ltr'>stare.</span> <span class='ocrx_word' id='word_1_117' title='bbox 1160 897 1243 935; x_wconf 90' lang='lat' dir='ltr'>Erit</span> <span class='ocrx_word' id='word_1_118' title='bbox 1259 894 1328 945; x_wconf 89' lang='lat' dir='ltr'>qui</span> 
     </span>
     <span class='ocr_line' id='line_1_15' title="bbox 49 954 1327 1024; baseline -0.026 -3"><span class='ocrx_word' id='word_1_119' title='bbox 49 983 296 1021; x_wconf 84' lang='lat' dir='ltr'>demonstret</span> <span class='ocrx_word' id='word_1_120' title='bbox 321 971 557 1024; x_wconf 89' lang='lat' dir='ltr'>aliquando,</span> <span class='ocrx_word' id='word_1_121' title='bbox 587 969 626 1007; x_wconf 90' lang='lat' dir='ltr'>in</span> <span class='ocrx_word' id='word_1_122' title='bbox 655 965 800 1016; x_wconf 89' lang='lat' dir='ltr'>quibus</span> <span class='ocrx_word' id='word_1_123' title='bbox 828 964 1009 1001; x_wconf 81' lang='lat' dir='ltr'>cometae</span> <span class='ocrx_word' id='word_1_124' title='bbox 1036 954 1216 1005; x_wconf 87' lang='lat' dir='ltr'>partibus</span> <span class='ocrx_word' id='word_1_125' title='bbox 1240 961 1327 990; x_wconf 87' lang='lat' dir='ltr'>cur-</span> 
     </span>
     <span class='ocr_line' id='line_1_16' title="bbox 48 1007 1329 1083; baseline -0.027 -6"><span class='ocrx_word' id='word_1_126' title='bbox 48 1042 157 1083; x_wconf 84' lang='lat' dir='ltr'>rant,</span> <span class='ocrx_word' id='word_1_127' title='bbox 181 1045 270 1074; x_wconf 88' lang='lat' dir='ltr'>cum</span> <span class='ocrx_word' id='word_1_128' title='bbox 290 1037 368 1070; x_wconf 89' lang='lat' dir='ltr'>tam</span> <span class='ocrx_word' id='word_1_129' title='bbox 389 1026 544 1069; x_wconf 85' lang='lat' dir='ltr'>seducti</span> <span class='ocrx_word' id='word_1_130' title='bbox 564 1036 588 1063; x_wconf 86' lang='lat' dir='ltr'>a</span> <span class='ocrx_word' id='word_1_131' title='bbox 607 1021 752 1062; x_wconf 85' lang='lat' dir='ltr'>ceteris</span> <span class='ocrx_word' id='word_1_132' title='bbox 767 1021 911 1062; x_wconf 87' lang='lat' dir='ltr'>errent,</span> <span class='ocrx_word' id='word_1_133' title='bbox 935 1017 998 1062; x_wconf 80' lang='lat' dir='ltr'>[et]</span> <span class='ocrx_word' id='word_1_134' title='bbox 1018 1010 1153 1061; x_wconf 87' lang='lat' dir='ltr'>quanti</span> <span class='ocrx_word' id='word_1_135' title='bbox 1170 1007 1329 1057; x_wconf 87' lang='lat' dir='ltr'>quales·</span> 
     </span>
     <span class='ocr_line' id='line_1_17' title="bbox 52 1065 1330 1142; baseline -0.027 -9"><span class='ocrx_word' id='word_1_136' title='bbox 52 1103 130 1142; x_wconf 89' lang='lat' dir='ltr'>que</span> <span class='ocrx_word' id='word_1_137' title='bbox 151 1092 240 1131; x_wconf 91' lang='lat' dir='ltr'>sint.</span> <span class='ocrx_word' id='word_1_138' title='bbox 289 1084 467 1126; x_wconf 87' lang='lat' dir='ltr'>Contenti</span> <span class='ocrx_word' id='word_1_139' title='bbox 487 1083 612 1122; x_wconf 90' lang='lat' dir='ltr'>simus</span> <span class='ocrx_word' id='word_1_140' title='bbox 632 1075 823 1117; x_wconf 79' lang='lat' dir='ltr'>inventis=</span> <span class='ocrx_word' id='word_1_141' title='bbox 855 1069 1005 1120; x_wconf 87' lang='lat' dir='ltr'>aliquid</span> <span class='ocrx_word' id='word_1_142' title='bbox 1027 1065 1181 1106; x_wconf 88' lang='lat' dir='ltr'>veritati</span> <span class='ocrx_word' id='word_1_143' title='bbox 1201 1068 1240 1102; x_wconf 89' lang='lat' dir='ltr'>et</span> <span class='ocrx_word' id='word_1_144' title='bbox 1259 1071 1330 1110; x_wconf 93' lang='lat' dir='ltr'>po-</span> 
     </span>
     <span class='ocr_line' id='line_1_18' title="bbox 53 1145 387 1189; baseline -0.027 0"><span class='ocrx_word' id='word_1_145' title='bbox 53 1148 148 1189; x_wconf 89' lang='lat' dir='ltr'>steri</span> <span class='ocrx_word' id='word_1_146' title='bbox 169 1145 387 1186; x_wconf 82' lang='lat' dir='ltr'>conferant.</span> 
     </span>
    </p>

    <p class='ocr_par' dir='ltr' id='par_1_3' title="bbox 55 1174 1378 1921">
     <span class='ocr_line' id='line_1_19' title="bbox 135 1174 1369 1246; baseline -0.025 -5"><span class='ocrx_word' id='word_1_147' title='bbox 135 1202 274 1242; x_wconf 88' lang='lat' dir='ltr'>XXVI.</span> <span class='ocrx_word' id='word_1_148' title='bbox 317 1198 417 1246; x_wconf 89' lang='lat' dir='ltr'>„Per</span> <span class='ocrx_word' id='word_1_149' title='bbox 444 1194 600 1238; x_wconf 78' lang='lat' dir='ltr'>stellas,</span> <span class='ocrx_word' id='word_1_150' title='bbox 631 1187 778 1237; x_wconf 89' lang='lat' dir='ltr'>inquit,</span> <span class='ocrx_word' id='word_1_151' title='bbox 807 1182 996 1223; x_wconf 86' lang='lat' dir='ltr'>ulteriora</span> <span class='ocrx_word' id='word_1_152' title='bbox 1019 1189 1099 1217; x_wconf 92' lang='lat' dir='ltr'>non</span> <span class='ocrx_word' id='word_1_153' title='bbox 1122 1174 1333 1220; x_wconf 87' lang='lat' dir='ltr'>cernimus,</span> <span class='ocrx_word' id='word_1_154' title='bbox 1352 1177 1369 1210; x_wconf 82' lang='lat'>1</span> 
     </span>
     <span class='ocr_line' id='line_1_20' title="bbox 55 1228 1334 1310; baseline -0.027 -10"><span class='ocrx_word' id='word_1_155' title='bbox 55 1271 127 1310; x_wconf 90' lang='lat' dir='ltr'>per</span> <span class='ocrx_word' id='word_1_156' title='bbox 155 1259 331 1297; x_wconf 87' lang='lat' dir='ltr'>cometas</span> <span class='ocrx_word' id='word_1_157' title='bbox 360 1252 486 1291; x_wconf 83' lang='lat' dir='ltr'>aciem</span> <span class='ocrx_word' id='word_1_158' title='bbox 514 1243 856 1287; x_wconf 85' lang='lat' dir='ltr'>transmittimus.“</span> <span class='ocrx_word' id='word_1_159' title='bbox 903 1235 1076 1275; x_wconf 86' lang='lat' dir='ltr'>Primum</span> <span class='ocrx_word' id='word_1_160' title='bbox 1103 1232 1137 1271; x_wconf 89' lang='lat' dir='ltr'>si</span> <span class='ocrx_word' id='word_1_161' title='bbox 1159 1231 1204 1270; x_wconf 87' lang='lat' dir='ltr'>fit</span> <span class='ocrx_word' id='word_1_162' title='bbox 1224 1228 1334 1274; x_wconf 92' lang='lat' dir='ltr'>illud,</span> 
     </span>
     <span class='ocr_line' id='line_1_21' title="bbox 55 1286 1336 1359; baseline -0.027 -4"><span class='ocrx_word' id='word_1_163' title='bbox 55 1327 136 1355; x_wconf 90' lang='lat' dir='ltr'>non</span> <span class='ocrx_word' id='word_1_164' title='bbox 165 1314 204 1352; x_wconf 89' lang='lat' dir='ltr'>in</span> <span class='ocrx_word' id='word_1_165' title='bbox 232 1322 280 1350; x_wconf 87' lang='lat' dir='ltr'>ea</span> <span class='ocrx_word' id='word_1_166' title='bbox 309 1314 421 1359; x_wconf 84' lang='lat' dir='ltr'>parte</span> <span class='ocrx_word' id='word_1_167' title='bbox 449 1306 512 1352; x_wconf 86' lang='lat' dir='ltr'>fit,</span> <span class='ocrx_word' id='word_1_168' title='bbox 543 1314 623 1352; x_wconf 86' lang='lat' dir='ltr'>qua</span> <span class='ocrx_word' id='word_1_169' title='bbox 648 1300 760 1339; x_wconf 89' lang='lat' dir='ltr'>sidus</span> <span class='ocrx_word' id='word_1_170' title='bbox 788 1297 920 1345; x_wconf 88' lang='lat' dir='ltr'>ipsum</span> <span class='ocrx_word' id='word_1_171' title='bbox 940 1295 1002 1330; x_wconf 88' lang='lat' dir='ltr'>est</span> <span class='ocrx_word' id='word_1_172' title='bbox 1021 1288 1144 1338; x_wconf 87' lang='lat' dir='ltr'>spissi</span> <span class='ocrx_word' id='word_1_173' title='bbox 1165 1286 1268 1334; x_wconf 88' lang='lat' dir='ltr'>ignis</span> <span class='ocrx_word' id='word_1_174' title='bbox 1289 1294 1336 1321; x_wconf 88' lang='lat' dir='ltr'>ac</span> 
     </span>
     <span class='ocr_line' id='line_1_22' title="bbox 58 1339 1335 1416; baseline -0.028 -5"><span class='ocrx_word' id='word_1_175' title='bbox 58 1370 197 1416; x_wconf 88' lang='lat' dir='ltr'>solidi,</span> <span class='ocrx_word' id='word_1_176' title='bbox 228 1366 302 1406; x_wconf 91' lang='lat' dir='ltr'>sed</span> <span class='ocrx_word' id='word_1_177' title='bbox 332 1374 412 1413; x_wconf 86' lang='lat' dir='ltr'>qua</span> <span class='ocrx_word' id='word_1_178' title='bbox 437 1371 551 1399; x_wconf 82' lang='lat' dir='ltr'>rarus</span> <span class='ocrx_word' id='word_1_179' title='bbox 582 1355 776 1406; x_wconf 87' lang='lat' dir='ltr'>splendor</span> <span class='ocrx_word' id='word_1_180' title='bbox 804 1347 978 1389; x_wconf 80' lang='lat' dir='ltr'>excurrit</span> <span class='ocrx_word' id='word_1_181' title='bbox 1004 1347 1043 1384; x_wconf 79' lang='lat' dir='ltr'>et&#39;</span> <span class='ocrx_word' id='word_1_182' title='bbox 1061 1344 1100 1382; x_wconf 91' lang='lat' dir='ltr'>in</span> <span class='ocrx_word' id='word_1_183' title='bbox 1127 1343 1257 1381; x_wconf 89' lang='lat' dir='ltr'>crines</span> <span class='ocrx_word' id='word_1_184' title='bbox 1278 1339 1335 1378; x_wconf 91' lang='lat' dir='ltr'>di-</span> 
     </span>
     <span class='ocr_line' id='line_1_23' title="bbox 59 1395 1338 1476; baseline -0.028 -9"><span class='ocrx_word' id='word_1_185' title='bbox 59 1425 277 1476; x_wconf 83' lang='lat' dir='ltr'>spergitur,</span> <span class='ocrx_word' id='word_1_186' title='bbox 308 1430 380 1469; x_wconf 88' lang='lat' dir='ltr'>per</span> <span class='ocrx_word' id='word_1_187' title='bbox 407 1415 615 1456; x_wconf 87' lang='lat' dir='ltr'>intervalla</span> <span class='ocrx_word' id='word_1_188' title='bbox 641 1409 809 1459; x_wconf 84' lang='lat' dir='ltr'>ignium,</span> <span class='ocrx_word' id='word_1_189' title='bbox 846 1415 927 1443; x_wconf 90' lang='lat' dir='ltr'>non</span> <span class='ocrx_word' id='word_1_190' title='bbox 963 1411 1034 1450; x_wconf 86' lang='lat' dir='ltr'>per</span> <span class='ocrx_word' id='word_1_191' title='bbox 1066 1399 1182 1448; x_wconf 89' lang='lat' dir='ltr'>ipsos</span> <span class='ocrx_word' id='word_1_192' title='bbox 1208 1395 1338 1434; x_wconf 84' lang='lat' dir='ltr'>vides.</span> 
     </span>
     <span class='ocr_line' id='line_1_24' title="bbox 59 1449 1378 1531; baseline -0.025 -9"><span class='ocrx_word' id='word_1_193' title='bbox 59 1481 252 1531; x_wconf 87' lang='lat' dir='ltr'>„Stellae‚</span> <span class='ocrx_word' id='word_1_194' title='bbox 273 1474 418 1524; x_wconf 89' lang='lat' dir='ltr'>inquit,</span> <span class='ocrx_word' id='word_1_195' title='bbox 441 1480 580 1512; x_wconf 89' lang='lat' dir='ltr'>omnes</span> <span class='ocrx_word' id='word_1_196' title='bbox 599 1465 795 1506; x_wconf 88' lang='lat' dir='ltr'>rotundae</span> <span class='ocrx_word' id='word_1_197' title='bbox 815 1465 927 1506; x_wconf 85' lang='lat' dir='ltr'>sunt,</span> <span class='ocrx_word' id='word_1_198' title='bbox 948 1461 1128 1496; x_wconf 84' lang='lat' dir='ltr'>cometae</span> <span class='ocrx_word' id='word_1_199' title='bbox 1148 1449 1320 1502; x_wconf 88' lang='lat' dir='ltr'>porrecti</span> <span class='ocrx_word' id='word_1_200' title='bbox 1333 1464 1341 1486; x_wconf 72' lang='grc' dir='ltr'>ι</span> <span class='ocrx_word' id='word_1_201' title='bbox 1356 1456 1378 1489; x_wconf 84' lang='lat'><strong>2</strong></span> 
     </span>
     <span class='ocr_line' id='line_1_25' title="bbox 62 1505 1342 1586; baseline -0.028 -8"><span class='ocrx_word' id='word_1_202' title='bbox 62 1549 113 1578; x_wconf 82' lang='lat' dir='ltr'>ex</span> <span class='ocrx_word' id='word_1_203' title='bbox 130 1547 210 1586; x_wconf 89' lang='lat' dir='ltr'>quo</span> <span class='ocrx_word' id='word_1_204' title='bbox 231 1533 398 1581; x_wconf 85' lang='lat' dir='ltr'>adparet</span> <span class='ocrx_word' id='word_1_205' title='bbox 415 1528 550 1567; x_wconf 87' lang='lat' dir='ltr'>stellas</span> <span class='ocrx_word' id='word_1_206' title='bbox 566 1534 646 1563; x_wconf 92' lang='lat' dir='ltr'>non</span> <span class='ocrx_word' id='word_1_207' title='bbox 664 1521 796 1559; x_wconf 88' lang='lat' dir='ltr'>esse.“</span> <span class='ocrx_word' id='word_1_208' title='bbox 843 1515 938 1564; x_wconf 82' lang='lat' dir='ltr'>Quis</span> <span class='ocrx_word' id='word_1_209' title='bbox 954 1512 1058 1551; x_wconf 87' lang='lat' dir='ltr'>enim</span> <span class='ocrx_word' id='word_1_210' title='bbox 1073 1507 1259 1549; x_wconf 91' lang='lat' dir='ltr'>concedit</span> <span class='ocrx_word' id='word_1_211' title='bbox 1272 1505 1342 1544; x_wconf 84' lang='lat' dir='ltr'>tibi</span> 
     </span>
     <span class='ocr_line' id='line_1_26' title="bbox 63 1567 1342 1635; baseline -0.028 -2"><span class='ocrx_word' id='word_1_212' title='bbox 63 1596 240 1633; x_wconf 89' lang='lat' dir='ltr'>cometas</span> <span class='ocrx_word' id='word_1_213' title='bbox 261 1590 404 1635; x_wconf 88' lang='lat' dir='ltr'>longos</span> <span class='ocrx_word' id='word_1_214' title='bbox 425 1586 544 1622; x_wconf 64' lang='lat' dir='ltr'>esse?</span> <span class='ocrx_word' id='word_1_215' title='bbox 583 1587 753 1628; x_wconf 92' lang='lat' dir='ltr'>quorum</span> <span class='ocrx_word' id='word_1_216' title='bbox 772 1578 912 1612; x_wconf 86' lang='lat' dir='ltr'>natura</span> <span class='ocrx_word' id='word_1_217' title='bbox 928 1568 1108 1618; x_wconf 87' lang='lat' dir='ltr'>quidem,</span> <span class='ocrx_word' id='word_1_218' title='bbox 1129 1569 1174 1604; x_wconf 90' lang='lat' dir='ltr'>ut</span> <span class='ocrx_word' id='word_1_219' title='bbox 1192 1567 1342 1601; x_wconf 88' lang='lat' dir='ltr'>cetero-</span> 
     </span>
     <span class='ocr_line' id='line_1_27' title="bbox 62 1618 1343 1688; baseline -0.028 1"><span class='ocrx_word' id='word_1_220' title='bbox 62 1659 152 1688; x_wconf 90' lang='lat' dir='ltr'>rum</span> <span class='ocrx_word' id='word_1_221' title='bbox 182 1646 385 1688; x_wconf 89' lang='lat' dir='ltr'>siderum,</span> <span class='ocrx_word' id='word_1_222' title='bbox 424 1638 568 1688; x_wconf 85' lang='lat' dir='ltr'>globus</span> <span class='ocrx_word' id='word_1_223' title='bbox 603 1638 691 1680; x_wconf 90' lang='lat' dir='ltr'>est,</span> <span class='ocrx_word' id='word_1_224' title='bbox 734 1634 910 1669; x_wconf 84' lang='lat' dir='ltr'>ceterum</span> <span class='ocrx_word' id='word_1_225' title='bbox 943 1624 1074 1671; x_wconf 82' lang='lat' dir='ltr'>fulgor</span> <span class='ocrx_word' id='word_1_226' title='bbox 1105 1618 1343 1659; x_wconf 86' lang='lat' dir='ltr'>extenditur.</span> 
     </span>
     <span class='ocr_line' id='line_1_28' title="bbox 66 1673 1345 1754; baseline -0.028 -9"><span class='ocrx_word' id='word_1_227' title='bbox 66 1699 407 1754; x_wconf 82' lang='lat' dir='ltr'>Quemadmodum</span> <span class='ocrx_word' id='word_1_228' title='bbox 428 1695 491 1734; x_wconf 91' lang='lat' dir='ltr'>sol</span> <span class='ocrx_word' id='word_1_229' title='bbox 509 1691 647 1732; x_wconf 86' lang='lat' dir='ltr'>radios</span> <span class='ocrx_word' id='word_1_230' title='bbox 667 1697 767 1727; x_wconf 90' lang='lat' dir='ltr'>suos</span> <span class='ocrx_word' id='word_1_231' title='bbox 782 1685 901 1732; x_wconf 86' lang='lat' dir='ltr'>longe</span> <span class='ocrx_word' id='word_1_232' title='bbox 916 1681 1076 1728; x_wconf 85' lang='lat' dir='ltr'>lateque</span> <span class='ocrx_word' id='word_1_233' title='bbox 1092 1673 1260 1720; x_wconf 88' lang='lat' dir='ltr'>dimittit,</span> <span class='ocrx_word' id='word_1_234' title='bbox 1281 1682 1345 1710; x_wconf 90' lang='lat' dir='ltr'>ce-</span> 
     </span>
     <span class='ocr_line' id='line_1_29' title="bbox 66 1727 1346 1806; baseline -0.028 -6"><span class='ocrx_word' id='word_1_235' title='bbox 66 1767 191 1800; x_wconf 89' lang='lat' dir='ltr'>terum</span> <span class='ocrx_word' id='word_1_236' title='bbox 220 1756 299 1806; x_wconf 91' lang='lat' dir='ltr'>ipsi</span> <span class='ocrx_word' id='word_1_237' title='bbox 328 1754 405 1792; x_wconf 86' lang='lat' dir='ltr'>alia</span> <span class='ocrx_word' id='word_1_238' title='bbox 433 1755 495 1789; x_wconf 90' lang='lat' dir='ltr'>est</span> <span class='ocrx_word' id='word_1_239' title='bbox 523 1750 670 1792; x_wconf 84' lang='lat' dir='ltr'>forma,</span> <span class='ocrx_word' id='word_1_240' title='bbox 709 1742 787 1781; x_wconf 86' lang='lat' dir='ltr'>alia</span> <span class='ocrx_word' id='word_1_241' title='bbox 811 1738 868 1786; x_wconf 87' lang='lat' dir='ltr'>ei,</span> <span class='ocrx_word' id='word_1_242' title='bbox 907 1735 1017 1785; x_wconf 87' lang='lat' dir='ltr'>quod</span> <span class='ocrx_word' id='word_1_243' title='bbox 1045 1744 1096 1771; x_wconf 81' lang='lat' dir='ltr'>ex</span> <span class='ocrx_word' id='word_1_244' title='bbox 1130 1731 1220 1780; x_wconf 88' lang='lat' dir='ltr'>ipso</span> <span class='ocrx_word' id='word_1_245' title='bbox 1248 1727 1346 1774; x_wconf 89' lang='lat' dir='ltr'>fluit,</span> 
     </span>
     <span class='ocr_line' id='line_1_30' title="bbox 68 1785 1348 1855; baseline -0.027 0"><span class='ocrx_word' id='word_1_246' title='bbox 68 1814 229 1855; x_wconf 76' lang='lat' dir='ltr'>lumini=</span> <span class='ocrx_word' id='word_1_247' title='bbox 272 1810 331 1850; x_wconf 89' lang='lat' dir='ltr'>sic</span> <span class='ocrx_word' id='word_1_248' title='bbox 374 1810 616 1846; x_wconf 85' lang='lat' dir='ltr'>cometarum</span> <span class='ocrx_word' id='word_1_249' title='bbox 663 1807 812 1846; x_wconf 90' lang='lat' dir='ltr'>corpus</span> <span class='ocrx_word' id='word_1_250' title='bbox 851 1795 984 1843; x_wconf 88' lang='lat' dir='ltr'>ipsum</span> <span class='ocrx_word' id='word_1_251' title='bbox 1021 1785 1348 1829; x_wconf 85' lang='lat' dir='ltr'>conrotundatur,</span> 
     </span>
     <span class='ocr_line' id='line_1_31' title="bbox 69 1841 1349 1921; baseline -0.028 -10"><span class='ocrx_word' id='word_1_252' title='bbox 69 1869 261 1921; x_wconf 87' lang='lat' dir='ltr'>splendor</span> <span class='ocrx_word' id='word_1_253' title='bbox 281 1870 410 1905; x_wconf 88' lang='lat' dir='ltr'>autem</span> <span class='ocrx_word' id='word_1_254' title='bbox 430 1860 585 1908; x_wconf 86' lang='lat' dir='ltr'>longior</span> <span class='ocrx_word' id='word_1_255' title='bbox 602 1866 722 1906; x_wconf 84' lang='lat' dir='ltr'>quam</span> <span class='ocrx_word' id='word_1_256' title='bbox 737 1857 960 1891; x_wconf 89' lang='lat' dir='ltr'>ceterorum</span> <span class='ocrx_word' id='word_1_257' title='bbox 976 1845 1153 1884; x_wconf 83' lang='lat' dir='ltr'>siderum</span> <span class='ocrx_word' id='word_1_258' title='bbox 1169 1841 1349 1890; x_wconf 86' lang='lat' dir='ltr'>adparet.</span> 
     </span>
    </p>

    <p class='ocr_par' dir='ltr' id='par_1_4' title="bbox 70 1899 1390 2362">
     <span class='ocr_line' id='line_1_32' title="bbox 150 1899 1384 1967; baseline -0.028 -3"><span class='ocrx_word' id='word_1_259' title='bbox 150 1922 308 1964; x_wconf 83' lang='lat' dir='ltr'><strong>XXVII.</strong></span> <span class='ocrx_word' id='word_1_260' title='bbox 348 1918 567 1967; x_wconf 58' lang='lat' dir='ltr'>„Quarev‘</span> <span class='ocrx_word' id='word_1_261' title='bbox 598 1910 745 1960; x_wconf 87' lang='lat' dir='ltr'>inquis.</span> <span class='ocrx_word' id='word_1_262' title='bbox 792 1906 864 1946; x_wconf 90' lang='lat' dir='ltr'>Dic</span> <span class='ocrx_word' id='word_1_263' title='bbox 885 1910 927 1943; x_wconf 92' lang='lat' dir='ltr'>tu</span> <span class='ocrx_word' id='word_1_264' title='bbox 949 1901 1043 1940; x_wconf 85' lang='lat' dir='ltr'>mihi</span> <span class='ocrx_word' id='word_1_265' title='bbox 1064 1899 1197 1948; x_wconf 89' lang='lat' dir='ltr'>prius,</span> <span class='ocrx_word' id='word_1_266' title='bbox 1226 1904 1350 1945; x_wconf 88' lang='lat' dir='ltr'>quare</span> <span class='ocrx_word' id='word_1_267' title='bbox 1367 1904 1384 1936; x_wconf 87' lang='lat'>1</span> 
     </span>
     <span class='ocr_line' id='line_1_33' title="bbox 70 1952 1352 2021; baseline -0.027 1"><span class='ocrx_word' id='word_1_268' title='bbox 70 1985 163 2021; x_wconf 89' lang='lat' dir='ltr'>luna</span> <span class='ocrx_word' id='word_1_269' title='bbox 190 1974 496 2019; x_wconf 88' lang='lat' dir='ltr'>dissimillimum</span> <span class='ocrx_word' id='word_1_270' title='bbox 524 1969 600 2009; x_wconf 84' lang='lat' dir='ltr'>soli</span> <span class='ocrx_word' id='word_1_271' title='bbox 628 1969 759 2006; x_wconf 89' lang='lat' dir='ltr'>lumen</span> <span class='ocrx_word' id='word_1_272' title='bbox 791 1959 978 2009; x_wconf 87' lang='lat' dir='ltr'>accipiat,</span> <span class='ocrx_word' id='word_1_273' title='bbox 1018 1966 1107 1995; x_wconf 87' lang='lat' dir='ltr'>cum</span> <span class='ocrx_word' id='word_1_274' title='bbox 1136 1952 1306 2000; x_wconf 86' lang='lat' dir='ltr'>accipiat</span> <span class='ocrx_word' id='word_1_275' title='bbox 1328 1960 1352 1987; x_wconf 82' lang='lat' dir='ltr'>a</span> 
     </span>
     <span class='ocr_line' id='line_1_34' title="bbox 73 2006 1351 2083; baseline -0.027 -6"><span class='ocrx_word' id='word_1_276' title='bbox 73 2038 172 2077; x_wconf 87' lang='lat' dir='ltr'>sole.</span> <span class='ocrx_word' id='word_1_277' title='bbox 217 2043 341 2083; x_wconf 82' lang='lat' dir='ltr'>quare</span> <span class='ocrx_word' id='word_1_278' title='bbox 371 2029 490 2068; x_wconf 92' lang='lat' dir='ltr'>modo</span> <span class='ocrx_word' id='word_1_279' title='bbox 519 2025 677 2069; x_wconf 87' lang='lat' dir='ltr'>rubeat,</span> <span class='ocrx_word' id='word_1_280' title='bbox 707 2019 828 2058; x_wconf 92' lang='lat' dir='ltr'>modo</span> <span class='ocrx_word' id='word_1_281' title='bbox 858 2015 1015 2065; x_wconf 87' lang='lat' dir='ltr'>palleat.</span> <span class='ocrx_word' id='word_1_282' title='bbox 1062 2020 1184 2059; x_wconf 85' lang='lat' dir='ltr'>quare</span> <span class='ocrx_word' id='word_1_283' title='bbox 1205 2006 1351 2046; x_wconf 89' lang='lat' dir='ltr'>lividus</span> 
     </span>
     <span class='ocr_line' id='line_1_35' title="bbox 74 2060 1390 2132; baseline -0.027 0"><span class='ocrx_word' id='word_1_284' title='bbox 74 2094 128 2132; x_wconf 91' lang='lat' dir='ltr'>illi</span> <span class='ocrx_word' id='word_1_285' title='bbox 148 2097 187 2131; x_wconf 91' lang='lat' dir='ltr'>et</span> <span class='ocrx_word' id='word_1_286' title='bbox 206 2095 290 2129; x_wconf 87' lang='lat' dir='ltr'>ater</span> <span class='ocrx_word' id='word_1_287' title='bbox 311 2089 422 2126; x_wconf 89' lang='lat' dir='ltr'>color</span> <span class='ocrx_word' id='word_1_288' title='bbox 442 2084 511 2128; x_wconf 91' lang='lat' dir='ltr'>sit,</span> <span class='ocrx_word' id='word_1_289' title='bbox 534 2091 622 2120; x_wconf 86' lang='lat' dir='ltr'>cum</span> <span class='ocrx_word' id='word_1_290' title='bbox 644 2078 868 2124; x_wconf 85' lang='lat' dir='ltr'>conspectu</span> <span class='ocrx_word' id='word_1_291' title='bbox 881 2071 979 2109; x_wconf 89' lang='lat' dir='ltr'>solis</span> <span class='ocrx_word' id='word_1_292' title='bbox 996 2065 1230 2106; x_wconf 87' lang='lat' dir='ltr'>excluditur.</span> <span class='ocrx_word' id='word_1_293' title='bbox 1282 2060 1353 2101; x_wconf 86' lang='lat' dir='ltr'>Dic</span> <span class='ocrx_word' id='word_1_294' title='bbox 1368 2069 1390 2102; x_wconf 84' lang='lat'><strong>2</strong></span> 
     </span>
     <span class='ocr_line' id='line_1_36' title="bbox 75 2118 1354 2195; baseline -0.027 -7"><span class='ocrx_word' id='word_1_295' title='bbox 75 2148 188 2194; x_wconf 88' lang='lat' dir='ltr'>mihi,</span> <span class='ocrx_word' id='word_1_296' title='bbox 224 2154 349 2195; x_wconf 89' lang='lat' dir='ltr'>quare</span> <span class='ocrx_word' id='word_1_297' title='bbox 377 2149 516 2186; x_wconf 86' lang='lat' dir='ltr'>omnes</span> <span class='ocrx_word' id='word_1_298' title='bbox 546 2136 684 2175; x_wconf 89' lang='lat' dir='ltr'>stellae</span> <span class='ocrx_word' id='word_1_299' title='bbox 715 2132 816 2170; x_wconf 91' lang='lat' dir='ltr'>inter</span> <span class='ocrx_word' id='word_1_300' title='bbox 843 2138 888 2167; x_wconf 91' lang='lat' dir='ltr'>se</span> <span class='ocrx_word' id='word_1_301' title='bbox 916 2122 1150 2164; x_wconf 86' lang='lat' dir='ltr'>dissimilem</span> <span class='ocrx_word' id='word_1_302' title='bbox 1181 2118 1354 2159; x_wconf 85' lang='lat' dir='ltr'>habeant</span> 
     </span>
     <span class='ocr_line' id='line_1_37' title="bbox 77 2171 1355 2252; baseline -0.027 -8"><span class='ocrx_word' id='word_1_303' title='bbox 77 2204 329 2252; x_wconf 84' lang='lat' dir='ltr'>aliquatenus</span> <span class='ocrx_word' id='word_1_304' title='bbox 361 2188 522 2241; x_wconf 82' lang='lat' dir='ltr'>faciem,</span> <span class='ocrx_word' id='word_1_305' title='bbox 552 2187 869 2230; x_wconf 88' lang='lat' dir='ltr'>diversissimam</span> <span class='ocrx_word' id='word_1_306' title='bbox 896 2181 984 2221; x_wconf 93' lang='lat' dir='ltr'>soli.</span> <span class='ocrx_word' id='word_1_307' title='bbox 1030 2175 1234 2227; x_wconf 88' lang='lat' dir='ltr'>quomodo</span> <span class='ocrx_word' id='word_1_308' title='bbox 1258 2171 1355 2211; x_wconf 89' lang='lat' dir='ltr'>nihil</span> 
     </span>
     <span class='ocr_line' id='line_1_38' title="bbox 82 2227 1356 2308; baseline -0.027 -9"><span class='ocrx_word' id='word_1_309' title='bbox 82 2258 263 2308; x_wconf 83' lang='lat' dir='ltr'>prohibet</span> <span class='ocrx_word' id='word_1_310' title='bbox 288 2257 364 2294; x_wconf 87' lang='lat' dir='ltr'>ista</span> <span class='ocrx_word' id='word_1_311' title='bbox 390 2252 524 2291; x_wconf 88' lang='lat' dir='ltr'>sidera</span> <span class='ocrx_word' id='word_1_312' title='bbox 552 2256 665 2293; x_wconf 91' lang='lat' dir='ltr'>esse,</span> <span class='ocrx_word' id='word_1_313' title='bbox 696 2240 879 2292; x_wconf 78' lang='lat' dir='ltr'>quumvis</span> <span class='ocrx_word' id='word_1_314' title='bbox 908 2235 1052 2276; x_wconf 90' lang='lat' dir='ltr'>similia</span> <span class='ocrx_word' id='word_1_315' title='bbox 1070 2231 1267 2278; x_wconf 85' lang='lat' dir='ltr'>nonsint,</span> <span class='ocrx_word' id='word_1_316' title='bbox 1297 2227 1356 2266; x_wconf 88' lang='lat' dir='ltr'>sic</span> 
     </span>
     <span class='ocr_line' id='line_1_39' title="bbox 82 2284 1357 2362; baseline -0.026 -8"><span class='ocrx_word' id='word_1_317' title='bbox 82 2314 174 2353; x_wconf 85' lang='lat' dir='ltr'>nihil</span> <span class='ocrx_word' id='word_1_318' title='bbox 206 2311 389 2362; x_wconf 84' lang='lat' dir='ltr'>prohibet</span> <span class='ocrx_word' id='word_1_319' title='bbox 415 2309 591 2346; x_wconf 84' lang='lat' dir='ltr'>cometas</span> <span class='ocrx_word' id='word_1_320' title='bbox 619 2305 804 2340; x_wconf 86' lang='lat' dir='ltr'>aeternos</span> <span class='ocrx_word' id='word_1_321' title='bbox 832 2304 926 2334; x_wconf 87' lang='lat' dir='ltr'>esse</span> <span class='ocrx_word' id='word_1_322' title='bbox 954 2296 993 2332; x_wconf 90' lang='lat' dir='ltr'>et</span> <span class='ocrx_word' id='word_1_323' title='bbox 1021 2287 1140 2329; x_wconf 89' lang='lat' dir='ltr'>sortis</span> <span class='ocrx_word' id='word_1_324' title='bbox 1164 2284 1357 2329; x_wconf 87' lang='lat' dir='ltr'>eiusdem,</span> 
     </span>
    </p>
   </div>
  </div>
 </body>
</html>
