1624 2626
289 155 370 197 294
660 157 703 195 L.
729 156 918 196 ANNAEI
948 157 1172 199 SENECAE

291 262 329 296 et
355 260 449 295 vota
465 264 555 294 'non
585 254 659 294 sub
680 256 846 295 custode
865 257 1212 306 nuncupantibus?
1249 259 1283 297 si
1302 260 1462 308 paulum
1481 272 1549 300 va-

290 311 414 349 litudo
434 309 632 358 titubavit,
653 321 732 349 non
749 321 862 359 spem
876 311 1075 354 hominum
1091 313 1272 360 excitari,
1292 315 1364 351 sed
1379 321 1551 354 metum?

290 364 387 403 nihil
415 374 507 403 esse
535 365 717 414 cuiquam
739 370 818 404 tam
838 366 1072 414 pretiosum,
1103 367 1211 415 quod
1231 378 1309 405 non
1331 379 1403 416 pro
1425 372 1550 409 salute

253 426 275 461 8
291 419 487 468 praesidis
508 419 569 457 sui
589 424 863 458 commutatum
881 420 1002 458 velit?
1039 420 1068 458 Ο
1083 431 1158 459 nae
1176 421 1263 469 illo,
1284 423 1345 461 cui
1362 425 1551 472 contingit

290 472 375 500 *¹⁰⁵*
395 474 469 512 sibi
490 484 651 522 quoque
670 474 805 512 vivere
828 474 981 512 debeat.
1010 474 1048 512 in
1068 474 1149 514 hoc·
1163 475 1343 515 adsiduis
1362 477 1548 517 bonitatis

290 527 530 577 argumentis
552 529 733 576 probavit
751 538 828 564 non
848 528 1128 576 rempublicam
1149 540 1261 568 suam
1283 542 1393 577 esse,
1417 533 1487 570 sed
1505 543 1549 571 se

290 582 543 631 reipublicae.
589 583 683 629 Quis
699 581 790 619 huic
805 582 948 620 audeat
963 588 1114 622 struere
1130 585 1290 633 aliquod
1306 586 1550 634 periculum?

292 638 382 685 quis
410 636 459 674 ab
485 637 562 675 hoc
589 647 688 683 non,
714 635 750 674 si
778 631 926 684 possit',
960 638 1155 677 fortunam
1184 651 1345 688 quoque
1372 646 1549 680 avertere

289 691 405 738 velit,
435 691 509 730 sub
531 701 609 739 quo
632 689 797 738 iustitia,
827 701 925 739 an,
954 691 1162 740 pudicitia,
1192 695 1403 744 securitas,
1425 696 1548 744 digni—

288 751 352 785 tas
386 745 527 784 florent
542 776 551 793 ,
589 745 663 783 sub
699 755 778 793 quo
811 746 999 794 opulenta
1029 747 1168 786 civitas
1201 750 1318 797 copia
1353 750 1549 788 bonorum

253 806 275 840 9
292 799 463 839 omnium
491 800 695 838 abundat?
732 799 813 838 Nec
833 800 909 839 alio
929 801 1058 840 animo
1074 807 1269 842 rectorem
1290 814 1404 842 suum
1425 805 1548 843 intue-

288 859 368 902 tur,
400 865 517 903 quam
538 854 572 892 si
593 854 632 892 di
648 854 874 893 inmortales
891 860 1126 904 potestatem
1141 859 1298 907 visendi
1315 858 1376 897 sui
1392 858 1546 898 faciant.

290 910 525 960 [intueamur
549 914 786 948 venerantes
813 910 1099 962 nolentesque]
1150 912 1250 959 Quid
1276 917 1434 952 autem?
1468 924 1548 953 non

288 964 512 1013 proximum
531 963 614 1002 illis
640 965 773 1002 locum
799 967 904 1003 tenet
921 965 975 1013 is,
1006 966 1073 1014 qui
1093 976 1138 1004 se
1157 977 1207 1005 ex
1226 968 1388 1006 deorum
1408 973 1549 1007 natura

286 1019 388 1066 gerit
411 1018 617 1056 beneficus
646 1028 694 1056 ac
719 1018 854 1066 largus
881 1023 921 1058 et
946 1020 984 1057 in
1003 1020 1143 1059 melius
1163 1027 1333 1070 potens?
1372 1023 1458 1062 Hoc
1479 1023 1545 1062 ad-

289 1074 456 1120 sectare,
485 1072 561 1110 hoc
580 1071 722 1110 imitari
741 1073 872 1121 decet,
903 1075 1115 1114 maximum
1134 1076 1188 1115 ita
1208 1077 1364 1126 haberi,
1392 1082 1435 1116 ut
1449 1078 1546 1127 opti-

288 1137 377 1164 mus
397 1126 512 1164 simul
530 1126 713 1164 habeare.

253 1191 273 1223 1
368 1180 450 1219 XX.
473 1181 722 1219 Aduabus
743 1181 913 1219 causis
935 1155 1129 1230 punire
1135 1185 1375 1234 princeps
1396 1185 1544 1224 solet:

291 1236 356 1283 [si]
377 1239 461 1273 aut
487 1245 540 1274 se
558 1235 787 1273 vindicat
805 1240 886 1274 aut
904 1237 1061 1275 alium.
1092 1239 1234 1286 prius
1254 1239 1312 1277 de
1332 1250 1387 1277 ea
1406 1245 1546 1288 parte

290 1290 557 1337 disseram,
597 1300 722 1338 quae
757 1290 920 1338 ipsum
948 1292 1220 1340 contingit:
1260 1293 1457 1332 difficilius
1486 1300 1547 1334 est

289 1345 392 1382 enim
406 1343 615 1390 moderari,
636 1344 702 1383 ubi
716 1344 842 1382 dolori
855 1345 1020 1384 debetur
1031 1347 1125 1385 ultio
1138 1358 1254 1395 quam
1269 1349 1335 1386 ubi
1349 1350 1544 1397 exemplo.

254 1399 587 1447 2Supervacuum
615 1403 676 1437 est
701 1399 778 1437 hoc
804 1399 1156 1450 loco‘admonere,
1185 1413 1235 1441 ne
1263 1403 1378 1440 facile
1398 1403 1545 1452 credat,

286 1459 331 1492 ut
349 1464 485 1492 verum
507 1454 696 1501 excutiat,
722 1458 765 1492 ut
783 1453 1030 1494 innocentiae
1050 1457 1180 1494 faveat
1199 1461 1255 1504 (et
1270 1462 1312 1495 ut
1327 1457 1545 1506 adpareat),

287 1513 331 1546 ut
357 1518 435 1546 non
462 1508 651 1546 minorem
675 1507 739 1556 agi
757 1518 838 1545 rem
860 1509 1114 1556 periclitantis
1135 1522 1254 1559 quam
1273 1511 1413 1551 iudicis
1434 1513 1544 1552 sciat.

287 1562 365 1601 hoc
385 1562 488 1601 enim
508 1563 559 1601 ad
576 1563 773 1610 iustitiam,
793 1573 872 1600 non
892 1565 943 1602 ad
963 1565 1206 1604 clementiam
1225 1566 1412 1615 pertincte
1440 1577 1545 1618 nunc

287 1617 395 1656 illum
412 1617 631 1666 hortamur,
659 1622 702 1656 ut
727 1618 935 1657 manifeste
955 1620 1087 1659 laesus
1103 1621 1274 1659 animum
1293 1621 1332 1659 in
1351 1626 1545 1670 potestate

286 1671 431 1711 habeat
463 1677 501 1712 et
533 1683 704 1721 poenam
719 1702 728 1719 ‚
766 1673 800 1711 si
827 1677 909 1712 tuto
938 1674 1100 1722 poterit,
1140 1676 1277 1724 donet,
1314 1675 1374 1714 sin
1401 1676 1544 1723 minus,

285 1731 479 1774 temperet
500 1727 698 1776 longeque
717 1726 768 1766 sit
787 1727 826 1764 in
847 1728 930 1767 suis
952 1740 1070 1777 quam
1090 1730 1128 1767 in
1149 1730 1286 1769 alienis
1306 1729 1455 1768 iniuriis
1475 1741 1543 1768 ex·

247 1791 269 1826 3
288 1781 485 1820 orabiiior.
529 1782 625 1820 Nam
648 1782 979 1830 quemadmodum
999 1795 1079 1823 non
1099 1790 1160 1824 est
1177 1780 1308 1832 magni
1327 1785 1454 1832 animi,
1476 1785 1543 1833 qui

286 1836 336 1874 de
355 1836 483 1874 alieno
503 1836 676 1875 liberalis
697 1841 776 1884 est,
797 1838 868 1875 sed
888 1837 953 1876 ille
973 1839 1040 1886 qui
1060 1840 1168 1902 quod
1187 1839 1296 1877 alteri
1315 1839 1446 1887 donat,
1467 1840 1543 1877 sibi

285 1890 473 1939 detrahit,
509 1892 562 1929 ita
588 1889 818 1929 clementem
843 1893 1000 1933 vocabo
1023 1904 1100 1932 non
1121 1894 1159 1932 in
1180 1894 1307 1932 alieno
1328 1894 1465 1932 dolore
1483 1895 1541 1931 fa-

286 1943 418 1992 cilem,
448 1946 521 1984 sed
549 1956 658 1993 eum,
688 1946 754 1994 qui
782 1957 871 1984 cum
900 1947 984 1986 suis
1009 1949 1175 1987 stimulis
1197 1942 1431 2010 exagitetur,
1460 1959 1541 1986 non

283 1975 456 2047 prosilit,
479 2001 545 2049 qui
564 1998 752 2048 intellegit
773 2002 905 2050 magni
919 2003 1036 2041 animi
1051 2013 1143 2040 esse
1157 1999 1317 2040 iniurias
1333 2003 1371 2040 in
1389 2013 1541 2040 summa

282 2055 459 2101 potentia
486 2055 569 2104 pati
596 2066 670 2094 nec
699 2056 911 2111 quicquam
937 2067 1029 2096 esse
1050 2057 1259 2105 gloriosius
1282 2057 1461 2105 principe
1483 2057 1540 2095 in-

284 2117 391 2156 pune
412 2109 533 2148 laeso

247 2171 270 2206 1
365 2162 464 2201 XXI.
492 2164 596 2203 Ultio
617 2164 716 2202 duas
735 2175 801 2203 res
822 2169 1025 2212 praestare
1045 2166 1163 2213 solet,
1183 2169 1250 2203 aut
1269 2166 1449 2204 solatium
1471 2165 1538 2204 ad-

284 2216 360 2254 fert
375 2217 430 2264 ei,
453 2219 520 2266 qui
538 2216 692 2267 accepit
706 2219 905 2268 iniuriam,
925 2220 1044 2258 autin
1058 2220 1250 2267 reliquum
1268 2220 1537 2261 securitatem:

283 2271 474 2321 principis
500 2273 625 2311 maior
650 2279 711 2313 est
730 2275 906 2325 fortuna,
938 2284 1055 2324 quam
1075 2278 1116 2313 ut
1136 2274 1276 2314 solatio
1297 2279 1428 2324 egeat,
1457 2284 1538 2312 ma-
