1592 2580
323 203 390 244 DE
417 202 698 243 BENEFICIIS
726 202 822 242 LIB.
838 202 906 242 IV.
935 207 1110 244 38—30.
1306 200 1361 242 85

77 313 138 347 tas
159 306 265 354 eius,
295 305 370 352 cui>
388 305 531 344 debeo.
573 303 670 353 quid
699 305 803 343 enim
821 303 908 353 regi
928 316 1102 355 pauper,
1135 305 1231 355 quid
1251 306 1363 346 diviti
1381 309 1403 343 2

75 362 261 410 reddam,
281 361 420 410 utique
436 371 526 399 cum
544 361 706 409 quidam
725 362 906 410 recipere
923 361 1163 401 beneficium
1179 363 1363 401 iniuriam

76 418 250 457 indicent
282 422 322 456 et
351 416 550 455 beneficia
584 416 756 454 subinde
790 416 878 455 aliis
915 416 1124 456 beneficiis
1163 422 1364 457 onerent?

77 473 174 523 quid
192 473 362 521 amplius
382 473 420 511 in
441 472 584 511 horum
602 482 777 520 persona
796 483 964 521 possum
985 483 1104 522 quarn
1123 474 1252 512 velle?
1287 483 1363 512 nec

75 529 179 568 enim
206 528 298 567 ideo
326 528 566 567 beneficium
595 539 743 567 novum
768 528 922 566 reicere
951 528 1103 576 debeo,
1135 529 1233 577 quia
1261 540 1362 568 non-

75 585 171 623 dum
198 584 309 633 prius
328 582 500 622 reddidi.
542 583 750 632 Accipiam
773 589 851 623 tam
872 584 1041 622 libenter
1061 595 1182 632 quam
1200 584 1362 624 dabitur

75 646 114 680 et
146 639 349 689 praebebo
383 650 447 678 me
479 639 606 678 amico
642 649 732 677 meo
766 640 1019 678 exercendae
1044 638 1234 679 bonitatis
1262 651 1363 679 suae

75 706 265 744 capacem
286 696 502 734 materiam.
540 695 609 743 qui
630 705 735 733 nova
754 694 939 744 accipere
957 706 1038 734 non
1060 696 1161 744 vult,
1183 697 1361 745 acceptis

75 751 303 791 offenditur.
343 751 430 790 Non
465 752 596 789 refero
625 750 810 798 gratiam:
841 751 939 799 quid
966 751 1019 789 ad
1048 756 1161 789 rem?
1193 762 1274 790 non
1301 757 1364 791 est
1382 756 1405 791 3

74 818 149 856 per
168 817 231 845 me
251 817 383 852 mora,
406 807 440 845 si
460 811 527 846 aut
547 805 710 845 occasio
730 806 825 844 mihi
846 807 960 845 deest
980 811 1048 845 aut
1067 807 1249 846 facultas.
1293 807 1363 847 Ille

75 862 272 912 praestitit
291 861 406 909 mihi,
436 872 583 911 nempe
603 872 693 900 cum
714 861 972 901 occasionem
991 861 1175 911 haberet,
1197 873 1285 901 cum
1304 863 1362 902 fa-

75 919 280 957 cultatem:
322 923 453 957 utrum
486 918 618 957 bonus
648 917 707 955 vir
735 922 798 956 est
817 929 867 955 an
887 919 1045 956 malus?
1085 919 1194 967 apud
1212 919 1364 958 bonum

74 974 203 1013 virum
217 973 366 1013 bonam
387 984 550 1012 causam
570 973 720 1022 habeo,
748 973 858 1022 apud
876 974 1022 1012 malum
1042 985 1123 1013 non
1147 985 1237 1023 ago.
1280 974 1363 1013 Nec
1381 979 1405 1013 4

74 1029 172 1068 illud
188 1030 348 1078 quidem
364 1029 550 1068 existimo
570 1029 815 1076 faciendum,
833 1033 877 1067 ut
891 1029 1042 1068 referre
1057 1030 1224 1078 gratiam
1243 1030 1364 1070 etiam

73 1083 207 1124 invitis
235 1084 319 1132 his,
356 1084 502 1133 quibus
521 1085 710 1131 refertur,
745 1094 1010 1133 properemus
1030 1090 1069 1124 et
1087 1086 1279 1125 instemus
1299 1097 1362 1125 re·

76 1140 312 1180 cedentibus
329 1155 338 1176 =
377 1151 458 1179 non
479 1146 542 1180 est
560 1141 711 1178 referre
731 1141 898 1188 gratiam
913 1169 923 1187 ,
954 1141 1065 1189 quod
1083 1143 1227 1180 volens
1247 1151 1363 1181 acee-

72 1195 203 1245 per1s,
238 1197 387 1235 nolenti
415 1196 599 1235 reddere.
645 1195 834 1244 Quidam,
869 1205 960 1234 cum
981 1197 1146 1246 aliquod
1167 1197 1246 1236 illis
1267 1197 1362 1236 mis-

73 1262 162 1290 sum
185 1256 248 1291 est
273 1253 572 1300 munusculum,
601 1251 775 1290 subinde
803 1251 911 1290 aliud
929 1252 1209 1302 intempestive
1229 1253 1364 1292 remit-

72 1312 159 1347 tunt
191 1313 231 1347 et
263 1307 359 1346 nihil
393 1319 438 1347 se
467 1308 615 1346 debere
647 1311 871 1346 testantur:
914 1308 1106 1347 reiciendi
1137 1319 1267 1357 genus
1299 1315 1363 1348 est

73 1363 258 1412 protinus
286 1363 394 1402 aliud
421 1364 592 1404 invicem
613 1362 767 1401 mittere
794 1367 833 1401 et
851 1374 997 1402 munus
1018 1375 1183 1403 munere
1205 1375 1361 1414 expun-

74 1428 182 1468 gere.
211 1419 440 1467 Aliquando
461 1424 500 1458 et
514 1430 592 1459 non
614 1419 782 1457 reddam
796 1418 1057 1467 beneficium,
1079 1431 1170 1458 cum
1191 1421 1359 1469 possim.
1380 1429 1402 1463 5

77 1475 269 1523 quando?
309 1475 342 1513 si
370 1476 460 1524 plus
487 1474 583 1514 mihi
609 1475 860 1514 detracturus
889 1484 958 1513 ero
980 1486 1100 1524 quam
1119 1475 1175 1514 illi
1196 1477 1360 1516 collatu-

76 1540 167 1576 rus,
198 1531 232 1568 si
259 1530 324 1568 ille
345 1542 423 1569 non
444 1532 518 1570 erit
538 1541 733 1569 sensurus
754 1530 875 1568 ullam
898 1531 1174 1570 accessionem
1195 1537 1361 1581 recepto

77 1595 146 1632 eo,
184 1596 263 1634 quo
299 1586 456 1627 reddito
493 1585 588 1625 mihi
629 1587 796 1625 multum
831 1586 1119 1626 abscessurum
1152 1588 1238 1627 erit.
1288 1588 1361 1636 Qui

78 1641 241 1680 festinat
266 1641 406 1690 utique
433 1642 624 1689 reddere,
656 1653 735 1680 non
764 1640 885 1680 habet
914 1642 1086 1682 animum
1114 1643 1215 1692 grati
1234 1642 1361 1683 homi-

77 1696 161 1744 nis,
182 1697 256 1735 sed
275 1697 489 1746 debitoris,
509 1703 548 1736 et
565 1702 610 1736 ut
627 1697 820 1745 breviter,
841 1697 910 1746 qui
925 1697 1042 1738 nimis
1062 1699 1174 1748 cupit
1188 1700 1360 1748 solvere,

76 1752 223 1792 invitus
248 1752 379 1794 debet.
425 1753 494 1804 qui
512 1753 659 1793 invitus
680 1753 820 1802 debet,
840 1753 1019 1803 ingratus
1039 1759 1114 1794 est.
