1592 2580
731 105 761 133 ᾔ

271 194 351 234 202
644 192 689 231 L.
717 192 904 230 ANNAEI
932 192 1155 231 SENECAE

267 299 306 332 et
333 293 384 331 ob
411 291 489 330 hoc
516 295 722 339 separetur
741 301 766 329 a
784 289 1027 338 consiliario,
1057 291 1260 340 quiaillud
1282 291 1422 330 suadet
1439 291 1518 330 dis—

267 347 507 395 suadetque,
540 346 617 384 hoc
645 347 770 384 solam
797 345 1046 384 evitationem
1077 346 1325 394 inpendentIS
1357 346 1519 393 periculi

268 401 458 449 continet,
492 405 535 439 ut
563 411 651 438 cum
677 400 857 438 timemus
886 399 1041 447 ignem,
1064 401 1239 439 fraudem
1268 412 1291 439 a
1317 400 1518 448 proxim1s‚

229 455 432 496 4insidias
463 466 486 493 a
513 455 654 494 servis.
699 454 928 492 Etiamnunc
956 460 1082 493 tamen
1108 455 1210 493 illam
1231 455 1521 494 distinctionem

266 511 402 548 video:
431 509 696 548 consiliarium
713 514 792 556 est,
814 509 924 557 quod
940 510 1122 557 cogitanti
1142 510 1284 548 factum
1301 515 1378 557 est,
1397 509 1520 547 moni-

265 566 424 611 torium,
459 565 566 612 quod
596 564 689 602 nihil
715 564 911 611 cogitanti.
948 564 1064 602 habet
1096 569 1224 602 autem
1257 569 1424 612 utraque
1454 573 1520 601 res

266 630 379 659 suam
398 619 697 668 proprietatemf
731 618 919 658 suadetur
937 618 1240 658 deliberantibus
1260 623 1298 657 et
1317 620 1418 657 ultro
1436 629 1519 658 mo·

266 679 419 713 nentur.

230 736 248 768 1
343 729 422 767 XL.
452 727 579 766 Primo
608 727 780 767 omniurn
806 738 884 766 non
913 732 1005 766 sunt
1024 726 1231 766 ¹fulminum
1253 737 1417 775 genera,
1448 726 1521 764 sed

266 783 607 832 significationum.
645 793 749 820 nam
777 783 1029 821 fulminum
1058 792 1243 830 genera
1271 786 1385 819 sunt
1412 781 1519 820 illa:

267 838 398 887 quod
416 837 662 884 terebrat,
693 837 825 886 quod
845 837 1075 883 discutit,
1106 837 1236 885 quod
1251 836 1365 874 urit.
1387 849 1389 854 ¹
1408 835 1521 882 Quod

265 893 435 932 terebrat
455 892 596 930 subtile
617 896 678 930 est
699 897 738 930 et
756 892 998 939 flammeum,
1029 892 1092 930 cui
1111 902 1182 940 per
1202 891 1521 939 'angustissimum

230 953 251 985 2
267 949 358 995 fuga
377 952 438 985 est
456 947 506 985 ob
522 946 632 984 since
680 955 718 984 m
733 953 772 985 et
786 957 924 995 puram
939 946 1120 984 flammae
1133 947 1371 984 tenuitatem.
1408 944 1522 992 Quod

266 1002 434 1050 dissipat
460 1001 654 1048 congloba
701 1012 736 1039 m
758 1006 819 1040 est
837 1005 875 1039 et
893 1001 1238 1053 habetadmixtam
1262 1001 1340 1038 vim
1361 1000 1520 1047 spir-itus

265 1056 392 1095 coacti
421 1066 468 1094 ac
491 1057 715 1103 procellosi.
752 1055 885 1104 itaque
903 1056 996 1094 illud
1017 1057 1160 1094 fulmen
1183 1065 1254 1103 per
1273 1055 1313 1093 id
1331 1055 1520 1100 foramen,

266 1111 375 1159 quod
393 1110 613 1158 ingressum
633 1115 711 1157 est,
734 1110 834 1148 redit
854 1115 891 1148 et
906 1111 1048 1149 evadit.
1081 1110 1197 1148 huius
1213 1111 1288 1148 late
1304 1119 1445 1157 sparsa
1458 1109 1519 1146 vis

227 1169 250 1202 3
266 1170 344 1203 est:
372 1163 517 1212 rumpit
532 1164 627 1210 icta,
646 1175 725 1203 non
742 1165 926 1212 perforat.
967 1165 1134 1203 Tertium
1149 1164 1244 1202 illud
1258 1174 1395 1211 genus,
1413 1163 1521 1211 quod

266 1220 358 1266 urit,
395 1220 558 1257 multum
586 1219 731 1256 terreni
762 1219 880 1257 habet
906 1223 944 1256 et
976 1219 1133 1266 igneum
1165 1218 1289 1266 magis
1323 1222 1383 1256 est
1403 1228 1521 1265 quam

265 1273 500 1312 flammeum.
536 1273 668 1320 itaque
694 1273 880 1321 relinquit
904 1280 1067 1321 magnas
1090 1273 1236 1321 ignium
1256 1277 1387 1319 notas,
1418 1281 1521 1319 quae

263 1327 470 1376 percussis
498 1327 739 1367 inhaereant.
783 1329 931 1366 nullum
960 1328 1118 1379 quidem
1145 1328 1230 1365 sine
1255 1327 1346 1375 igne
1374 1327 1520 1364 fulmen

263 1383 389 1430 venit,
419 1382 492 1420 sed
512 1387 639 1419 tamen
658 1382 734 1420 hoc
756 1383 916 1430 proprie
935 1382 1091 1430 igneum
1110 1381 1295 1429 dicimus,
1317 1381 1423 1429 quod
1440 1391 1519 1417 ma-

263 1438 408 1475 nifesta
429 1436 582 1474 ardoris
601 1437 769 1484 vestigia
786 1437 975 1484 inprimit,
997 1437 1102 1484 quod
1121 1441 1188 1474 aut
1206 1436 1282 1474 urit
1301 1440 1367 1474 aut
1381 1435 1519 1472 fuscat.

226 1497 250 1531 4
264 1491 390 1530 tribus
410 1491 538 1529 modis
557 1491 652 1528 urit:
681 1496 748 1530 aut
765 1490 889 1529 adflat
906 1497 944 1529 et
963 1491 1039 1528 levi
1059 1491 1196 1529 iniuria
1211 1489 1330 1528 laedit
1344 1494 1411 1527 aut
1427 1499 1520 1533 con-

264 1547 367 1584 burit
386 1550 451 1584 aut
468 1545 660 1583 accendit.
691 1546 820 1584 omnia
838 1546 912 1583 ista
928 1550 1062 1592 urunt,
1088 1545 1164 1583 sed
1184 1554 1326 1592 genere
1345 1549 1383 1582 et
1401 1543 1519 1581 modo

265 1600 462 1639 differunt.
499 1600 779 1648 quodcumque
807 1600 1041 1638 conbustum
1069 1601 1149 1647 est,
1176 1600 1313 1647 utique
1333 1603 1372 1636 et
1390 1602 1520 1636 ustum

229 1662 250 1695 5
266 1659 338 1693 est.
375 1660 415 1693 at
434 1654 543 1703 quod
561 1659 692 1692 ustum
711 1658 789 1702 est,
817 1666 895 1693 non
916 1655 1053 1703 utique
1073 1654 1306 1692 conbustum
1326 1658 1398 1691 est.
1428 1652 1519 1690 item

266 1709 375 1757 quod
402 1719 614 1747 accensum
635 1713 712 1747 est:
743 1713 874 1757 potest
892 1708 1108 1747 enim.illud
1127 1708 1215 1756 ipso
1235 1708 1400 1746 transitu
1418 1706 1519 1754 ignis

264 1764 432 1802 ussisse.
464 1763 553 1811 quis
573 1764 699 1801 nescit
716 1764 776 1801 uri
797 1764 1010 1812 quaedam,
1036 1774 1115 1801 non
1135 1763 1364 1808 ardescere,
1383 1761 1434 1799 nil
1452 1771 1519 1798 au-

263 1823 341 1856 tem
361 1818 517 1864 ardere,
539 1818 646 1866 quod
662 1828 740 1856 non
756 1823 915 1856 uratur?
941 1819 1068 1856 Unum
1083 1818 1159 1856 hoc
1177 1817 1361 1855 adiciam:
1386 1819 1520 1863 potest

266 1872 414 1921 aliquid
439 1882 531 1910 esse
552 1872 786 1910 conbustum
806 1883 878 1910 nec
898 1883 1128 1918 accensum,
1159 1875 1290 1919 potest
1308 1879 1520 1908 accensum

228 1937 250 1970 6
266 1937 359 1965 esse
377 1936 452 1964 nec
471 1926 719 1965 conbustum.
760 1927 870 1965 Nunc
890 1928 940 1965 ad
959 1927 999 1964 id
1017 1937 1143 1974 genus
1163 1925 1517 1969 fulministranseo,

266 1992 345 2028 quo
364 1981 442 2019 icta
458 1981 677 2019 fuscantur:
706 1980 783 2019 hoc
797 1986 864 2019 aut
879 1982 1079 2020 decolorat
1094 1985 1159 2019 aut
1174 1981 1334 2019 colorat.
1362 1978 1519 2025 utrique

265 2036 554 2075 distinctionem
575 2046 685 2074 suam
703 2036 879 2074 reddam.
920 2037 1177 2074 Decoloratur
1196 2035 1255 2081 id,
1276 2033 1388 2071 cuius
1409 2033 1519 2070 color

265 2090 438 2136 vitiatur,
468 2101 547 2129 non
574 2094 753 2128 mutatur.
790 2091 986 2128 coloratur
1012 2090 1070 2137 id,
1100 2090 1220 2128 cuius.
1239 2087 1313 2126 alia
1339 2088 1382 2126 fit
1400 2097 1518 2135 quam

266 2145 336 2182 fuit
355 2145 497 2191 facies,
527 2151 724 2193 tamquam
746 2145 927 2182 caerulea
947 2146 1008 2183 vel
1027 2143 1139 2192 nigra
1156 2143 1220 2181 vel
1238 2143 1398 2190 pallida.

230 2204 248 2236 1
344 2199 439 2237 XLI.
476 2200 619 2238 Haec
644 2199 802 2238 adhuc
829 2199 1059 2238 Etruscis
1091 2197 1516 2245 philosophisque

266 2255 544 2292 communia
584 2252 710 2292 sunt.
750 2254 797 2291 in
840 2254 962 2291 illud
1004 2251 1337 2298 dissentiunt,
1386 2250 1516 2298 quod

265 2308 449 2346 fulmen
484 2319 509 2347 a
545 2309 661 2348 Iove
686 2309 858 2347 dicunt
885 2307 1010 2346 mitti
1038 2312 1083 2346 et
1111 2312 1212 2345 tres
1246 2306 1321 2344 illi
1349 2315 1514 2344 manu·
