1624 2626
278 170 413 210 DIAL.
438 170 489 209 V.
519 169 586 209 DE
613 169 704 208 IRA
731 168 827 208 LIB.
854 166 920 208 ΠΙ.
949 171 1107 209 25—28.
1249 164 1330 208 101

54 277 198 315 notas?
227 271 453 321 pestilentia
471 275 546 310 est.
576 270 819 320 placidiores
840 269 976 320 itaque
994 270 1165 309 invicem
1186 269 1331 310 simus:

21 355 23 365 ,
52 329 145 370 mali
178 329 280 368 inter
311 328 440 367 malos
471 327 657 366 vivimus.
699 337 780 365 una
810 337 886 367 nos
918 337 985 366 res
1013 327 1146 365 facere
1175 326 1332 376 quietos

21 391 22 394 ’
56 390 198 436 potest,
221 389 382 423 mutuae
401 382 599 422 facilitatis
620 381 846 422 conventio.
884 382 955 421 Ille
974 382 1052 421 iam
1071 382 1164 421 mihi
1187 382 1333 429 nocuit,
1348 387 1370 421 5

51 452 129 491 ego
151 442 206 480 illi
224 440 416 479 nondum.
459 439 532 478 sed
554 438 631 477 iam
653 439 824 488 aliquem
850 438 1024 478 fortasse
1052 438 1217 478 laesisti.
1259 438 1335 477 sed

51 498 205 536 laedes.
233 496 315 534 noli
335 495 548 534 aestimare
567 495 671 533 hanc
690 494 829 535 horam
848 499 915 534 aut
933 494 1039 539 hunc
1061 494 1179 532 diem.
1209 499 1335 534 totum

52 553 208 602 inspice
233 552 377 590 mentis
405 556 497 590 tuae
525 550 722 590 habitum:
758 549 913 590 etiamsi
940 550 1036 590 nihil
1071 550 1164 589 mali
1191 551 1334 599 fecisti,

53 615 170 659 potes
191 609 338 646 facere.

129 664 287 703 XXVII.
327 663 482 711 Quanto
509 662 635 701 satius
665 666 727 701 est
757 661 889 701 sanari
918 662 1100 702 iniuriam
1130 673 1250 711 quam
1276 663 1330 701 ul·
1353 671 1373 705 ι

51 721 175 760 cisci?
213 720 378 758 Multum
405 718 598 767 temporis
626 718 723 757 ultio
740 718 930 766 absumit,
956 719 1090 758 multis
1111 729 1157 758 se
1181 717 1336 757 iniuriis

51 777 184 823 obicit,
206 776 300 814 dum
320 786 402 813 una
421 775 542 813 dolet.
573 774 722 813 diutius
742 774 951 813 irascimur
964 785 1103 814 omnes
1122 785 1240 824 quam
1256 775 1337 813 lae-

51 833 203 871 dimur:
247 836 397 880 quanto
432 831 574 869 melius
606 834 669 869 est
702 830 813 868 abire
841 829 880 868 in
910 830 1114 869 diversum
1141 840 1217 869 nec
1242 829 1339 868 vitia

50 888 158 927 vitiis
186 891 423 936 opponere?
462 887 562 925 Num
593 886 684 935 quis
706 886 804 925 satis
825 891 1012 925 constare
1040 886 1117 925 sibi
1142 886 1338 934 videatur,

52 943 90 982 si
113 943 260 982 mulam
278 942 457 989 calcibus
478 947 633 990 repetat
651 947 690 980 et
705 951 847 980 canem
861 947 1028 981 morsu?
1050 943 1169 990 ‚,lsta‚
1189 941 1338 991 inquis,

54 1009 227 1049 peccare
251 1009 298 1038 se
320 998 544 1037 nesciunt.“
582 997 756 1035 Primum
778 1008 896 1046 quam
923 997 1086 1047 iniquus
1113 1002 1194 1045 est,
1229 998 1336 1047 apud
1354 1008 1376 1042 2

54 1066 172 1104 quem
213 1054 413 1094 hominem
453 1063 548 1092 esse
589 1053 642 1091 ad
681 1052 961 1101 inpetrandam
1002 1054 1158 1092 veniam
1194 1058 1340 1093 nocet?

52 1111 208 1151 Deinde
238 1110 273 1149 si
302 1114 436 1148 cetera
455 1107 640 1147 animalia
667 1107 746 1147 hoc
765 1109 850 1148 irae
869 1114 962 1148 tuae
983 1109 1192 1156 subducit,
1229 1109 1337 1159 quod

53 1165 223 1206 consilio
258 1170 414 1214 carent,
455 1165 599 1203 eodem
640 1165 732 1204 loco
765 1165 836 1204 tibi
865 1166 918 1204 sit
951 1165 1136 1215 quisquis
1172 1166 1340 1205 consilio

53 1227 175 1262 caret.
215 1221 312 1272 quid
341 1222 445 1259 enim
472 1221 594 1259 refert
622 1231 672 1259 an
700 1220 778 1259 alia
806 1221 925 1260 mutis
947 1221 1156 1260 dissimilia
1183 1221 1340 1269 habeat,

54 1279 90 1317 si
109 1278 187 1318 hoc
207 1278 317 1327 quod
336 1277 376 1315 in
396 1276 505 1316 omni
526 1281 692 1325 peccato
713 1282 822 1315 muta
842 1277 1039 1324 defendit,
1062 1278 1190 1316 simile
1209 1276 1342 1325 habet,

55 1334 266 1383 caliginem
298 1333 471 1371 mentis?
521 1331 728 1371 Peccavit:
770 1332 848 1372 hoc
880 1332 984 1372 enim
1018 1334 1217 1382 primum?
1263 1333 1380 1374 hocs

13 1433 15 1436 y
55 1391 162 1429 enirn
179 1393 428 1429 extremum?
464 1399 543 1427 non
564 1392 626 1427 est
647 1388 758 1437 quod
775 1389 830 1427 illi
852 1389 1016 1436 credas,
1046 1389 1202 1429 etiamsi
1222 1389 1342 1430 dixit:

55 1445 198 1485 iterum
225 1456 307 1484 non
334 1444 490 1483 faciam.
528 1449 568 1483 et
595 1443 673 1483 iste
699 1444 884 1493 peccabit
911 1450 950 1483 et
975 1444 1014 1484 in
1043 1446 1161 1485 istum
1182 1445 1285 1485 alius
1304 1450 1344 1485 et

57 1505 140 1540 tota
160 1500 243 1539 vita
268 1501 369 1538 inter
390 1510 550 1539 errores
569 1499 824 1539 volutabitur.
860 1500 1070 1540 Mansuete
1090 1502 1343 1541 inmansueta

57 1556 266 1595 tractanda
283 1561 388 1594 sunt.
425 1555 542 1603 Quod
560 1555 600 1594 in
621 1557 731 1594 luctu
749 1556 829 1595 dici
852 1557 956 1596 solet
973 1557 1276 1606 efficacissime,
1304 1563 1343 1596 et
1356 1564 1379 1598 4

12 1657 13 1663 ¹
57 1612 99 1650 in
122 1611 181 1650 ira
199 1611 368 1650 dicetur:
392 1617 522 1650 utrum
540 1611 757 1661 aliquando
778 1612 940 1652 desines
961 1624 1012 1652 an
1033 1617 1281 1662 numquam?
1308 1614 1342 1652 si

11 1682 13 1698 ÷
58 1666 297 1716 aliquando,
330 1671 478 1715 quanto
515 1667 640 1707 satius
667 1673 731 1707 est
764 1668 866 1707 iram
891 1668 1118 1718 relinquere
1146 1679 1266 1718 quam
1292 1669 1342 1708 ab

11 1719 13 1737 ³
58 1722 119 1762 ira
137 1722 336 1770 relinqui?
365 1733 414 1760 an
436 1732 595 1771 semper
611 1722 712 1762 haec
727 1724 914 1773 cogitatio
933 1725 1207 1773 permanebit·.²
1231 1725 1343 1764 vides

61 1790 183 1827 quam
209 1778 435 1827 inpacatam
463 1777 532 1816 tibi
559 1778 769 1818 denunties
797 1780 940 1819 vitamz
976 1781 1106 1830 qualis
1135 1782 1240 1820 enim
1271 1782 1345 1820 erit

60 1845 222 1883 semper
249 1834 466 1872 tumentis?
504 1833 632 1872 Adice
659 1846 782 1882 nunc,
812 1836 919 1885 quod
949 1847 1038 1876 cum
1066 1837 1169 1876 bene
1184 1842 1223 1875 te
1252 1837 1342 1885 ipse
1359 1841 1380 1874 5

61 1890 322 1929 succenderis
342 1895 381 1929 et
399 1889 569 1928 subinde
600 1900 764 1939 causas,
795 1892 941 1941 quibus
964 1892 1199 1941 stimuleris,
1225 1903 1343 1933 reno-

60 1946 242 1992 vaveris,
269 1955 345 1984 sua
372 1949 518 1994 sponte
544 1945 604 1984 ira
623 1946 804 1985 discedet
822 1952 861 1986 et
877 1948 985 1987 vires
1004 1948 1059 1987 illi
1080 1949 1168 1988 dies
1187 1948 1343 1988 subtra—

10 2014 11 2021 ¹
59 2001 146 2040 het=
177 2006 326 2050 quanto
347 2002 474 2040 satius
496 2007 558 2040 est
576 2011 600 2039 a
618 2006 657 2040 te
677 2002 781 2041 illam
798 2004 903 2042 vinci
925 2015 1044 2053 quam
1064 2015 1088 2042 a
1108 2009 1182 2043 se?

10 2061 11 2066 ’
142 2057 319 2096 XXVllL
358 2057 461 2095 Huic
491 2057 698 2104 irasceris,
734 2058 879 2098 deinde
904 2060 971 2098 illi.
1012 2059 1164 2108 servis,
1197 2059 1379 2102 deindel

61 2113 227 2152 libertis.
258 2112 510 2161 parentibus,
531 2113 676 2151 deinde
695 2111 844 2154 liberis.
872 2115 998 2162 notis,
1019 2115 1164 2156 deinde
1176 2116 1341 2166 ignotis.

60 2168 212 2217 ubique
240 2167 344 2206 enim
373 2178 522 2207 causae
547 2173 784 2217 supersunt,
818 2170 894 2209 nisi
923 2171 1160 2219 deprecator
1180 2173 1341 2213 animus

63 2223 250 2263 accessit.
278 2223 371 2262 hinc
388 2229 428 2263 te
447 2225 514 2263 illo
535 2225 645 2263 furor
661 2223 802 2273 rapiet,
821 2226 927 2264 illinc
945 2227 1037 2274 alio,
1059 2232 1098 2266 et
1115 2228 1232 2268 novis
1247 2229 1341 2269 sub-

62 2279 158 2318 inde
186 2279 448 2319 inritamentis
483 2280 700 2319 orientibus
735 2282 1027 2322 continuabitur
1057 2284 1210 2324 rabies:
1253 2296 1341 2334 age,

64 2333 223 2384 infelix,
253 2336 464 2385 ecquando
495 2335 676 2376 amabis?
712 2347 735 2376 o
758 2348 875 2387 quam
897 2337 1045 2379 bonum
1061 2343 1222 2391 tempus
1239 2341 1279 2380 in
1300 2351 1342 2380 re
