1624 2626
302 176 370 216 DE
394 175 831 226 TRANQUILLITATE
858 175 1018 216 ANIMI.
1047 183 1080 218 1.
1096 182 1132 217 2.
1275 174 1356 218 175

62 289 114 318 sa
132 278 234 325 sunt,
261 277 359 318 ethi
385 277 454 327 qui
474 277 632 317 levitate
650 280 847 316 vexantur
865 287 913 316 ac
941 274 1074 317 taedio
1099 275 1355 327 adsiduaque

63 334 284 373 mutatione
309 332 529 382 propositi,
558 333 704 382 quibus
735 342 898 382 semper
925 333 1052 381 magis
1081 334 1215 382 placet
1242 334 1353 382 quod

59 389 318 439 reliquerunt,
348 388 472 437 etilli,
503 389 572 438 qui
592 393 771 428 marcent
791 393 832 428 et
849 388 1083 428 oscitantur.
1120 389 1236 428 adice
1262 399 1349 437 eos,

60 445 129 494 qui
149 456 230 484 non
251 444 364 484 aliter
393 455 513 493 quam
533 444 680 494 quibus
700 443 874 483 difficilis
895 454 1063 483 somnus
1092 449 1166 492 est,
1187 450 1352 484 versant

59 510 107 539 se
126 506 166 539 et
184 500 261 540 hoc
281 505 403 548 atque
423 501 490 539 illo
511 500 632 539 modo
655 505 900 548 conponunt,
921 500 1054 538 donec
1074 500 1247 549 quietem
1269 501 1349 539 las-

58 556 235 595 situdine
253 556 474 595 inveniant:
505 561 652 595 statum
677 556 782 594 vitae
809 559 908 594 suae
935 555 1146 595 formando
1177 555 1351 595 subinde

56 611 98 650 in
117 621 166 650 eo
187 611 410 651 novissime
429 616 598 659 manent,
619 610 659 650 in
681 623 763 660 quo
781 610 872 650 illos
894 621 975 650 non
996 611 1174 651 mutandi
1198 612 1347 661 odium,

57 667 132 706 sed
153 672 342 707 senectus
354 667 408 706 ad
422 668 653 714 novandum
669 667 784 716 pigra
799 666 1024 716 deprendit.
1053 667 1168 706 adice
1183 672 1222 707 et
1240 666 1345 715 illos,

58 723 127 772 qui
143 733 224 762 non
241 722 535 762 inconstantiae
551 723 648 762 vitio
665 733 806 771 parum
818 723 936 761 ¹leves
953 728 1058 771 sunt,
1079 723 1154 762 sed
1167 723 1345 771 inertiae,

57 783 98 817 et
113 778 253 818 vivunt
266 789 350 818 non
371 779 576 828 quomodo
602 779 754 824 volunt,
784 778 859 817 sed
879 779 1084 827 quomodo
1112 784 1345 828 coeperunt.

55 833 368 873 Innumerabiles
391 833 585 883 deinceps
608 834 878 883 proprietates
893 839 998 882 sunt,
1023 834 1097 874 sed
1119 845 1224 873 unus
1249 834 1344 874 effe·
1360 836 1382 873 7

57 894 147 928 ctus
166 889 263 937 vitii,
284 889 359 928 sibi
380 889 609 938 displicere.
646 890 734 929 Hoc
759 890 884 929 oritur
899 890 949 928 ab
969 889 1205 939 intemperie
1224 890 1345 929 animi

56 950 97 984 et
116 944 397 994 cupiditatibus
417 945 564 984 timidis
586 950 654 984 aut
669 956 809 994 parum
828 946 1059 995 prosperis:
1089 944 1157 984 ubi
1177 951 1244 985 aut
1262 957 1344 986 non

56 1001 214 1049 audent,
237 1006 429 1049 quantum
448 1001 753 1049 concupiscunt,
781 1004 949 1040 autnon
973 1006 1278 1050 consequuntur
1305 1007 1345 1041 et

55 1056 95 1095 in
125 1066 239 1105 spem
270 1057 342 1095 toti
371 1056 616 1105 prominent,
656 1066 818 1106 semper
849 1056 1058 1096 instabiles
1091 1057 1344 1106 mobilesque

55 1117 159 1160 sunt,
181 1112 292 1161 quod
312 1122 484 1151 necesse
503 1116 566 1150 est
587 1112 772 1151 accidere
789 1112 1059 1161 pendentibus
1074 1112 1127 1151 ad
1139 1117 1235 1151 vota
1254 1123 1342 1152 sua.

57 1166 166 1207 omni
183 1167 250 1206 via
269 1173 440 1217 peryunt
466 1173 506 1207 et
523 1167 735 1207 inhonesta
760 1178 806 1207 se
825 1178 874 1207 ac
893 1167 1071 1207 difficilia
1097 1168 1248 1208 docent
1274 1179 1342 1208 co·

54 1229 244 1272 guntque,
266 1229 304 1263 ct
322 1223 390 1263 ubi
410 1223 497 1262 sine
516 1223 694 1272 praemio
714 1223 829 1263 labor
848 1228 922 1270 est,
952 1228 1112 1273 torquet
1138 1224 1228 1263 illos
1247 1223 1341 1263 inri-

54 1284 138 1318 tum
157 1280 349 1327 dedecus,
377 1289 452 1318 nec
473 1279 609 1319 dolent
630 1290 756 1328 prava
784 1289 841 1327 se,
862 1280 960 1327 [sed]
979 1281 1126 1319 frustra
1144 1280 1339 1320 voluisse.

53 1334 163 1374 Tunc
180 1334 272 1374 illos
301 1340 340 1374 et
366 1335 608 1384 poenitentia
635 1333 768 1384 coepti
794 1339 904 1374 tenet
929 1340 968 1375 et
986 1334 1203 1385 incipiendi
1222 1336 1340 1375 timor
1357 1341 1381 1377 8

55 1390 315 1440 subrepitque
334 1390 401 1429 illa
410 1389 528 1429 animi
544 1390 701 1430 iactatio
716 1401 797 1429 non
812 1389 1051 1431 invenientis
1062 1392 1222 1440 exitum,
1243 1393 1340 1441 quia

55 1455 130 1484 nec
149 1446 346 1494 imperare
365 1446 648 1495 cupiditatibus
668 1447 752 1485 suis
783 1457 858 1485 nec
885 1447 1056 1496 obsequi
1086 1452 1270 1496 possunt,
1298 1453 1339 1486 et

55 1501 252 1540 cunctatio
271 1502 375 1541 vitae
395 1513 535 1551 parum
549 1513 596 1541 se
610 1502 848 1551 explicantis
868 1507 907 1542 et
924 1503 1026 1542 inter
1041 1503 1229 1543 destituta
1242 1508 1338 1542 vota

53 1555 250 1604 torpentis
270 1556 388 1596 animi
404 1558 519 1596 situs.
553 1569 656 1606 quae
677 1558 810 1598 omnia
825 1559 1013 1607 graviora
1032 1564 1136 1608 sunt,
1155 1558 1225 1599 ubi
1240 1558 1334 1598 odio
1351 1572 1374 1607 9

54 1611 296 1651 infelicitatis
316 1623 515 1661 operosae
533 1614 585 1652 ad
605 1614 728 1653 otium
748 1615 1010 1663 perfugerunt
1028 1619 1068 1653 et
1094 1615 1147 1654 ad
1178 1619 1337 1654 secreta

55 1666 198 1714 studia,
235 1678 339 1716 quae
374 1667 455 1716 pati
481 1679 560 1707 non
591 1675 724 1718 potest
751 1670 907 1709 animus
933 1671 987 1709 ad
1014 1669 1145 1710 civilia
1177 1675 1335 1710 erectus

54 1722 282 1772 agendique
306 1722 477 1772 cupidus
493 1729 532 1762 et
550 1730 690 1764 natura
709 1726 877 1774 inquies,
902 1737 1042 1775 parum
1059 1726 1214 1766 scilicet
1230 1727 1271 1765 in
1289 1736 1336 1765 se

54 1778 288 1818 solatiorum
314 1778 488 1818 habens:
518 1778 610 1819 ideo
639 1781 826 1820 detractis
855 1781 1200 1830 oblectationibus,
1231 1792 1333 1831 quas

54 1835 169 1883 ipsae
189 1835 475 1883 occupationes
496 1834 809 1875 discurrentibus
830 1837 1036 1886 praebent,
1064 1839 1238 1886 domum,
1267 1849 1332 1877 so-

54 1890 270 1938 litudinem,
291 1890 464 1939 parietes
485 1901 564 1929 non
586 1892 670 1939 fert,
698 1891 847 1932 invitus
874 1893 1047 1942 adspicit
1066 1904 1112 1932 se
1139 1893 1216 1932 sibi
1242 1893 1331 1932 reli-

55 1949 173 1984 ctum.
212 1946 313 1985 Hinc
343 1946 441 1985 illud
461 1952 522 1985 est
540 1947 713 1985 taedium
741 1952 780 1987 et
805 1948 1059 1997 displicentia
1086 1949 1150 1988 sui
1173 1953 1212 1987 et
1237 1959 1387 1992 nus-10

55 2011 175 2050 quam
201 2001 415 2041 residentis
444 2002 564 2040 animi
590 2003 779 2042 volutatio
807 2009 846 2043 et
873 2003 941 2042 otii
970 2004 1033 2043 sui
1059 2002 1183 2043 tristis
1211 2009 1330 2054 atque

53 2066 175 2104 aegra
190 2057 389 2106 patientia,
409 2057 547 2106 utique
561 2058 630 2097 ubi
646 2068 790 2097 causas
810 2058 924 2098 fateri
938 2060 1063 2108 pudet
1081 2064 1120 2098 et
1135 2064 1331 2100 tormenta

53 2111 249 2152 introrsus
269 2114 348 2161 egit
369 2113 621 2162 verecundia,
649 2114 688 2152 in
717 2116 991 2165 angustomue]
1010 2115 1188 2154 inclusae
1216 2115 1326 2166 cupi-

53 2167 195 2206 ditates
213 2168 300 2206 sine
320 2169 428 2208 exitu
448 2179 494 2208 se
516 2168 631 2218 ipsae
641 2171 905 2218 strangulant:
934 2169 1028 2209 inde
1047 2181 1204 2211 moeror
1223 2182 1327 2211 mar-

54 2232 204 2271 corque
231 2229 269 2262 et
295 2224 402 2263 mille
424 2223 570 2264 fluctus
603 2225 745 2264 mentis
772 2225 959 2273 incertae,
990 2237 1109 2275 quam
1136 2237 1233 2276 spes
1265 2228 1323 2266 in-

54 2275 381 2319 choataehabent
399 2291 651 2330 suspensam,
671 2281 930 2330 deploratam,
956 2281 1117 2321 tristem.
1145 2282 1239 2322 inde
1257 2282 1325 2322 ille

55 2332 235 2375 adlectus
269 2335 392 2376 otium
419 2347 535 2378 suum
560 2337 839 2378 detestantium
874 2337 1203 2390 querentiumque
1227 2338 1324 2378 nihil
