1592 2580
305 179 359 220 54
678 179 720 216 L.
746 178 935 217 ANNAEI
963 178 1190 218 SENECAE

307 288 379 326 per
406 286 451 315 se
470 276 620 315 intuere
641 277 757 324 quale
776 276 844 314 sit:
877 276 1154 316 animadvertis
1174 277 1356 325 exiguum
1378 283 1416 317 et
1433 278 1557 316 incer-

306 338 387 371 tum
412 337 451 370 et
477 331 572 369 boni
598 331 769 379 malique
798 341 1041 370 communem
1068 332 1286 379 materiam,
1324 333 1410 371 sine
1436 332 1556 372 dubio

308 387 475 435 primum
492 386 543 423 ad
555 386 684 424 omnia
698 386 873 433 gradum,
891 386 964 424 sed
977 396 1055 424 non
1066 387 1155 425 ideo
1167 387 1353 425 maiorem
1365 388 1558 435 omnibus,

269 446 291 479 3
308 442 400 489 quia
419 441 569 488 primus
589 445 660 479 est.
705 440 869 478 Servavi
889 444 1036 488 patrem
1054 445 1093 479 et
1111 441 1162 479 ad
1182 452 1372 479 summam
1394 442 1559 489 provexi

306 495 534 543 dignitatem
550 501 589 534 et
604 495 820 543 principem
834 495 945 533 urbis
961 505 1059 534 suae
1073 496 1160 533 feci.
1189 506 1262 534 nec
1277 500 1424 534 tantum
1439 496 1558 535 rebus

306 561 330 588 a
355 560 418 587 me
444 550 568 598 gestis
595 548 816 597 nobilitavi,
849 550 922 588 sed
948 549 1025 598 ipsi
1045 560 1206 598 quoque
1224 551 1482 598 gerendarum
1503 551 1558 588 in-

306 610 462 653 gentem
481 615 528 642 ac
549 604 702 642 facilem
721 614 795 642 nec
813 609 933 643 tutam
952 605 1080 643 minus
1101 615 1218 652 quam
1237 605 1449 652 gloriosam
1469 605 1560 642 dedi

305 660 520 697 materiam.
558 658 750 706 honores,
775 669 894 707 opes,
923 658 1112 707 quicquid
1131 659 1323 697 humanos
1344 660 1394 697 ad
1413 669 1458 697 se
1478 659 1558 697 ani-

304 725 393 752 mos
413 714 536 761 rapit,
564 713 767 761 congessi:
804 718 842 753 et
861 723 950 752 cum
971 724 1092 761 supra
1113 723 1250 752 omnes
1271 718 1432 759 starem,
1460 713 1561 751 infra

268 769 414 807 4illum
441 768 544 806 steti.
590 768 660 806 Dic
679 778 802 806 nunc=
838 768 939 815 „hoc
966 767 1115 815 ipsum,
1155 768 1264 816 quod
1290 767 1366 805 ista
1388 767 1559 815 potuisti,

305 823 428 871 patris
449 833 592 860 munus
613 825 713 860 est.“
749 823 1003 870 respondebo
1023 822 1111 860 tibi:
1141 827 1228 870 „est
1249 832 1432 870 prorsuS,
1457 822 1491 860 si
1510 821 1561 860 ad

305 879 382 916 ista
410 878 592 916 facienda
620 878 731 915 nasci
760 878 856 916 satis
884 883 956 916 est.
991 878 1064 916 sed
1092 876 1126 914 si
1155 878 1204 915 ad
1232 878 1332 915 bene
1349 877 1561 914 vivendum

304 932 464 970 minima
492 933 619 980 portio
648 937 710 971 est
736 931 869 970 vivere
897 937 935 970 et
953 932 994 970 id
1013 931 1202 977 tribuisti,
1231 932 1339 980 quod
1360 941 1447 970 cum
1467 929 1560 968 feris

303 987 397 1025 mihi
417 991 456 1024 et
474 987 708 1024 animalibus
726 986 962 1034 quibusdam
980 987 1169 1033 minimis,
1191 986 1426 1034 quibusdam
1446 985 1562 1023 etiam

303 1041 545 1079 foedissimis
573 1051 780 1080 commune
807 1046 887 1079 est:
921 1041 1001 1079 noli
1021 1040 1090 1078 tibi
1116 1041 1322 1090 adserere,
1356 1040 1465 1088 quod
1483 1048 1562 1078 non

305 1105 357 1133 ex
376 1095 454 1133 tuis
474 1095 698 1142 beneficiis,
727 1096 842 1134 etiam
863 1094 950 1134 sine
967 1096 1044 1134 tuis
1065 1095 1228 1133 oritur.“

269 1158 287 1189 1
382 1149 518 1189 ΧΧΧΙ.
547 1149 644 1188 Puta
663 1159 726 1187 me
740 1150 858 1188 vitam
875 1161 948 1197 pro
965 1149 1042 1188 vita
1056 1150 1299 1187 reddidisse:
1329 1150 1387 1188 sic
1401 1159 1561 1198 quoque

304 1214 448 1242 munus
476 1208 583 1241 tuum
608 1204 703 1250 vici,
735 1214 823 1241 cum
841 1214 915 1252 ego
937 1203 1112 1242 dederim
1133 1203 1333 1249 sentienti,
1365 1214 1451 1241 cum
1472 1213 1561 1242 sen-

303 1259 405 1297 tiens
425 1268 488 1295 me
507 1259 622 1305 dare,
651 1268 738 1295 cum
759 1258 876 1296 vitam
895 1258 964 1296 tibi
983 1269 1062 1296 non
1084 1258 1295 1306 voluptatis
1311 1268 1422 1296 meae
1439 1267 1562 1296 causa

231 1363 233 1365 q
305 1319 372 1351 aut
399 1318 504 1350 certe
531 1323 601 1361 per
627 1313 868 1360 voluptatem
898 1312 1094 1360 dederim,
1125 1322 1211 1350 cum
1238 1317 1345 1351 tanto
1364 1313 1491 1350 maius
1512 1312 1563 1349 sit

276 1381 283 1388 ¹
304 1367 472 1405 retinere
493 1366 670 1415 spiritum
691 1377 807 1414 quam
827 1366 1029 1414 accipere,
1051 1371 1197 1415 quanto
1219 1367 1344 1405 levius
1360 1366 1458 1405 mori
1473 1370 1563 1404 ante

269 1426 290 1458 2
305 1422 440 1460 mortis
469 1427 627 1460 metum.-
672 1421 757 1469 Ego
777 1422 895 1459 vitam
916 1422 1008 1460 dedi
1028 1422 1158 1460 statim
1176 1422 1242 1459 illa
1260 1430 1404 1459 usuro:
1431 1425 1474 1459 tu
1492 1430 1559 1458 ne·

306 1477 452 1527 scituro
480 1486 530 1513 an
556 1476 719 1514 viveret.
763 1486 837 1523 ego
867 1477 985 1514 vitam
1009 1475 1101 1514 dedi
1127 1481 1290 1514 mortem
1318 1474 1485 1513 timenti=
1520 1478 1562 1512 tu

305 1530 425 1569 vitam
452 1530 614 1578 dedisti,
644 1535 686 1569 ut
703 1531 802 1568 mori
822 1541 997 1578 possem.
1035 1540 1109 1578 ego
1129 1530 1248 1568 vitam
1267 1530 1335 1568 tibi
1359 1529 1449 1567 dedi
1469 1539 1561 1567 con-

307 1590 557 1631 summatam,
590 1586 823 1633 perfectam:
851 1590 893 1623 tu
907 1595 970 1623 me
985 1589 1189 1633 expertem
1203 1585 1365 1631 rationis
1380 1582 1561 1631 genuisti,

269 1644 290 1676 3
307 1650 408 1679 onus
429 1640 611 1678 alienum.
655 1639 728 1678 Vis
750 1640 872 1687 scire,
901 1650 1019 1687 quam
1039 1649 1119 1677 non
1140 1639 1190 1677 sit
1207 1649 1389 1686 magnum
1414 1638 1561 1676 benefi-

307 1695 409 1733 cium
436 1694 553 1732 vitam
581 1694 639 1732 sic
667 1694 789 1732 dare?
831 1695 1115 1742 exposuisses:
1153 1704 1295 1742 nempe
1321 1693 1460 1730 iniuria
1482 1696 1563 1729 erat

306 1749 505 1797 genuisse.
550 1748 635 1795 Quo
657 1748 816 1797 quidem
837 1750 978 1796 colligo
997 1749 1197 1787 minimum
1217 1758 1308 1786 esse
1328 1747 1562 1785 beneficium

307 1804 428 1851 patris
455 1803 671 1851 matrisque
701 1803 968 1850 concubitum,
998 1803 1073 1842 nisi
1100 1802 1341 1840 accesserint
1364 1801 1440 1839 alia
1460 1810 1563 1848 quae

306 1863 644 1906 prosequerentur
663 1858 739 1896 hoc
758 1857 904 1895 initium
927 1857 1098 1896 muneris
1120 1862 1158 1895 et
1175 1857 1260 1894 aliis
1276 1856 1417 1894 officiis
1433 1860 1560 1893 ratum

268 1915 491 1951 4facerent.
538 1913 623 1951 Non
653 1916 714 1950 est
738 1912 1065 1962 bonumvv1vere,
1103 1911 1176 1949 se'd
1203 1911 1305 1948 bene
1330 1910 1484 1947 vivere:
1523 1914 1563 1947 at

308 1967 408 2005 bene
427 1967 541 2014 vivo,
569 1967 643 2005 sed
663 1967 771 2014 potui
791 1972 831 2004 et
848 1967 968 2004 male:
1005 1966 1059 2004 ita
1084 1965 1160 2003 hoc
1187 1968 1335 2003 tantum
1355 1968 1416 2002 est
1439 1967 1560 2011 tuum,

307 2021 417 2069 quod
437 2022 543 2060 vivo.
588 2020 631 2059 Si
647 2021 766 2058 vitam
786 2020 944 2068 inputas
964 2020 1057 2058 mihi
1079 2030 1150 2068 per
1163 2029 1226 2066 se,
1255 2019 1418 2064 nudam,
1444 2027 1562 2065 egen-

306 2081 385 2113 tem
405 2076 558 2116 consilii
578 2079 616 2114 et
632 2076 672 2113 id
687 2080 729 2114 ut
745 2085 926 2122 magnum
941 2075 1087 2113 bonum
1101 2074 1243 2111 iactas:
1273 2073 1401 2119 cogita
1415 2072 1560 2126 tegmihi

271 2136 292 2168 5
309 2129 487 2177 inputare
514 2124 1019 2176 inuscarum¹ae‚vermiuin
1038 2129 1196 2167 bonum.
1238 2127 1389 2164 Deinde
1406 2131 1448 2163 ut
1466 2126 1561 2165 nihil

309 2185 414 2222 aliud
435 2185 561 2222 dicam
583 2195 700 2232 quam
720 2185 834 2222 bonis
858 2183 1004 2222 artibus
1023 2193 1086 2221 me
1101 2181 1322 2228 studuisse,
1348 2185 1390 2219 ut
1404 2190 1560 2219 cursum

309 2238 359 2275 ad
374 2243 521 2276 rectum
537 2239 608 2277 iter
624 2239 725 2277 vitae
742 2238 966 2286 dirigerem,
986 2238 1022 2276 in
1038 2238 1127 2285 ipso
1144 2236 1335 2274 beneficio
1351 2240 1417 2273 tuo
1433 2236 1559 2273 maius

308 2302 425 2340 quam
453 2293 561 2341 quod
589 2294 758 2333 dederas
785 2292 998 2341 recepistis
1023 2296 1065 2331 tu
1092 2291 1195 2329 enim
1221 2301 1283 2329 me
1303 2290 1396 2329 mihi
1420 2289 1559 2328 rudem
