1592 2580
363 159 546 200 NATUR.
568 161 780 210 QUAEST.
808 162 903 201 LIB.
919 164 969 203 V.
1001 169 1056 205 18.
1267 166 1350 222 269

72 271 153 300 non
174 261 351 301 emittere
370 262 535 311 aliquod
555 273 670 302 suum
690 263 835 302 malum
858 263 1005 313 possit:
1034 265 1142 304 unde
1162 266 1268 315 scio,
1298 279 1349 307 an

71 328 179 356 nunc
206 316 351 366 aliquis
380 328 548 366 magnae
576 318 706 367 gentis
723 319 773 367 Tssin
800 319 934 362 abdito
955 321 1140 360 dominus
1165 323 1348 362 fortunae

70 373 317 422 indulgentia
336 378 491 411 tumens
510 384 591 427 non
608 375 807 413 contineat
826 375 926 414 intra
945 376 1134 415 terminos
1155 388 1275 426 arma,
1297 389 1348 417 an

66 433 184 478 paret
204 429 358 467 classes
379 429 514 477 ignota
535 429 732 468 moliens?
758 426 867 468 unde
886 431 991 480 scio,
1018 432 1082 471 hic
1101 433 1194 471 mihi
1213 443 1263 471 an
1282 434 1348 472 ille

66 489 212 524 ventus
238 484 385 522 bellum
411 484 600 533 invehet?
635 495 779 534 magna
797 497 892 536 pars
913 491 998 526 erat
1016 487 1215 538 humanae
1235 490 1349 538 pacis

65 538 193 578 maria
220 539 437 588 praecludi.
491 539 580 578 Non
608 544 761 588 tamen,
798 546 842 580 ut
873 543 994 591 paulo
1016 543 1119 582 'ante
1154 544 1346 592 dicebam,
1362 549 1402 583 13

69 595 182 643 queri
210 606 428 643 possumus
456 595 507 634 de
530 600 693 634 auctore
712 597 840 635 nostri
861 597 958 646 deo,
989 599 1023 637 si
1042 598 1239 638 beneficia
1260 600 1346 639 eius

68 651 319 699 corrupimus
347 655 386 689 et
410 656 454 690 ut
481 657 620 690 essent
647 652 845 691 contraria
873 652 1089 692 effecimus.
1143 655 1261 694 Dedit
1281 655 1347 694 ille

65 710 210 744 ventos
231 706 283 744 ad
304 707 607 746 custodiendam
623 707 723 745 coeli
738 712 1014 758 terrarumque
1029 710 1271 758 temperiem,
1295 711 1348 749 ad

67 762 296 801 evocandas
320 762 711 811 supprimendasque
731 773 880 812 aquas,
911 765 962 802 ad
982 766 1150 804 alendos
1171 769 1346 804 satorum

67 822 189 866 atque
215 817 403 856 arborum
431 818 601 865 fructuS,
641 828 744 866 quos
773 818 825 856 ad
852 820 1114 859 maturitatem
1141 830 1232 858 cum
1259 822 1345 859 aliis

68 873 203 911 causis
224 873 385 912 adducit
404 874 495 921 ipsa
513 873 670 912 iactatio
689 874 904 913 adtrahens
925 876 1055 914 cibum
1078 876 1117 914 in
1138 887 1292 914 summa
1308 882 1348 915 et

66 938 118 966 ne
144 933 328 977 torpeant
356 939 611 977 permovens.
656 929 767 967 dedit
791 935 934 969 ventos
969 931 1021 969 ad
1053 932 1242 970 ulteriora
1275 936 1399 970 n0-14

67 984 237 1022 scenda:
268 984 410 1023 suisset
430 984 533 1022 enim
553 983 763 1033 inperitum
783 986 928 1024 animal
948 991 987 1025 et
1006 986 1094 1025 sine
1112 997 1256 1035 magna
1277 997 1345 1025 ex-

66 1039 263 1088 perientia
286 1049 419 1078 rerum
448 1039 588 1087 homo,
619 1040 654 1078 si
681 1039 1075 1080 circumscriberetur
1099 1043 1241 1080 natalis
1270 1043 1345 1081 soli

66 1095 159 1142 fine.
190 1095 299 1133 dedit
317 1100 479 1143 ventos,
504 1100 547 1134 ut
566 1095 778 1134 commoda
798 1096 996 1145 cuiusque
1013 1097 1190 1145 regionis
1206 1097 1348 1135 fierent

67 1151 312 1199 communia,
338 1161 417 1189 non
446 1155 488 1190 ut
510 1150 691 1199 legiones
711 1151 967 1200 equitemque
985 1157 1190 1200 gestarent
1209 1162 1284 1190 nec
1302 1158 1347 1191 ut

65 1205 295 1255 perniciosa
315 1206 488 1254 gentium
509 1215 620 1244 arma
637 1206 953 1246 transveherent.
1001 1207 1043 1246 Si
1061 1208 1258 1246 beneficia
1277 1219 1344 1246 na·
1356 1210 1398 1243 15

65 1265 179 1300 turae
206 1262 396 1300 utentium
425 1262 619 1310 pravitate
647 1262 952 1311 perpendimus,
983 1263 1078 1300 nihil
1106 1274 1184 1301 non
1206 1268 1343 1302 nostro

46 1317 172 1355 ‘malo
195 1317 447 1365 accepimuse
479 1317 543 1355 cui
563 1317 700 1355 videre
720 1317 913 1365 expedit?
939 1318 1002 1356 cui
1018 1318 1154 1365 loqui?
1183 1318 1247 1356 cui
1263 1329 1344 1356 non

66 1372 149 1411 vita
170 1377 407 1411 tormentum
428 1376 518 1410 est?
544 1372 639 1411 nihil
659 1371 839 1413 invenies
860 1378 937 1411 tam
957 1374 1190 1411 manifestae
1205 1374 1345 1411 utilita-

65 1428 136 1474 tis,
167 1428 275 1476 quod
301 1439 381 1466 non
410 1427 449 1465 in
476 1423 718 1465 contrarium
746 1432 922 1466 transeat
949 1429 1087 1476 culpa:
1124 1429 1182 1466 sic
1203 1433 1343 1467 ventos

70 1493 232 1531 quoque
252 1488 393 1522 natura
412 1483 542 1521 bonos
562 1483 715 1520 futuros
735 1482 959 1521 invenerat:
988 1483 1067 1531 ipsi
1085 1483 1176 1521 illos
1191 1488 1343 1523 contra-

66 1537 151 1576 rios
171 1538 351 1577 fecimus.
383 1547 523 1577 omnes
546 1539 585 1575 in
605 1538 770 1586 aliquod
790 1549 867 1576 nos
885 1539 1030 1576 malum
1052 1539 1213 1576 ducunt.
1259 1539 1342 1577 Non
1359 1543 1399 1578 16

68 1593 209 1631 eadem
229 1597 292 1632 est
309 1593 372 1632 his
392 1598 431 1632 et
450 1593 527 1632 illis
551 1603 676 1631 causa
695 1593 896 1638 solvendi,
928 1594 1002 1632 sed
1022 1593 1128 1632 iusta
1148 1592 1254 1632 nulli.
1285 1594 1341 1632 di-

66 1649 197 1687 versis
212 1650 316 1687 enim
338 1648 596 1687 inritamentis
617 1648 668 1686 ad
688 1649 959 1697 temptandum
979 1659 1088 1687 mare
1106 1649 1342 1697 inpellimur.

66 1704 206 1753 utique
233 1704 349 1743 alicui
378 1704 470 1743 vitio
504 1704 724 1752 navigatur.
778 1704 948 1752 Egregie
982 1704 1092 1742 Plato
1126 1704 1236 1752 dicit,
1276 1703 1343 1752 qui

67 1759 185 1799 nobis
209 1758 315 1798 circa
338 1760 484 1798 exitum
514 1759 591 1797 iam
610 1759 767 1798 testium
788 1760 878 1798 loco
899 1759 1056 1797 dandus
1078 1764 1158 1806 est,
1186 1761 1343 1799 minima

66 1827 169 1863 esse,
199 1827 299 1864 quae
324 1816 493 1854 homines
520 1819 650 1853 emant
674 1817 762 1853 vila.
809 1815 952 1862 Immo,
981 1814 1105 1854 Lucili
1125 1814 1341 1861 carissime,

67 1871 103 1910 si
126 1871 230 1910 bene
247 1869 402 1909 illorum
422 1871 596 1910 furorem
616 1870 910 1916 aestimaveris,
940 1870 980 1908 id
999 1874 1061 1908 est
1075 1874 1272 1915 nostrum,
1301 1869 1342 1908 in

69 1926 210 1965 eadem
239 1927 342 1964 enim
371 1927 486 1965 turba
514 1926 749 1970 volutamur,
779 1924 906 1972 magis
927 1925 1095 1972 ridebis,
1126 1935 1213 1964 cum
1235 1925 1340 1973 cogi-

65 1983 215 2023 taveris
234 1981 338 2021 vitae
358 1982 508 2032 parari,
539 1981 579 2020 in
600 1990 704 2030 quae
725 1981 806 2019 vita
827 1980 1082 2019 consumitur.
