1624 2626
335 167 401 208 DE
423 165 714 207 BREVITATE
732 164 902 204 VITAE.
929 169 986 204 13.
1007 169 1062 205 14.
1265 162 1346 204 211

65 271 258 323 praebuit,
279 275 362 310 tum
381 269 541 308 demum
562 267 763 307 intellecta
782 267 888 306 inani
910 267 1125 307 iactatione
1142 267 1347 316 cognomi-

57 326 127 368 'nis
148 327 224 367 sui.
270 326 352 365 Sed
371 330 415 364 ut
433 325 500 363 illo
519 329 720 370 revertar,
750 323 858 362 unde
877 323 1060 372 decessi,
1085 328 1125 362 et
1144 323 1184 361 in
1205 323 1348 361 eadem
1362 332 1386 368 8

64 383 231 424 materia
250 381 459 422 ostendam
481 390 775 429 supervacuam
795 379 1061 427 quorumdam
1082 379 1347 427 diligentiam:

64 442 168 480 idern
191 438 377 478 narrabat
394 436 594 475 Metellum
610 435 726 474 victis
742 435 781 473 in
794 434 1085 474 SiciliaPoenis
1101 434 1348 483 triumphan-

63 501 144 536 tem
170 506 294 534 unum
322 492 496 532 omnium
517 492 790 530 Romanorum
818 495 910 529 ante
939 501 1100 529 currum
1130 496 1290 529 centum
1311 494 1351 528 et

63 550 204 600 viginti
224 549 405 599 captivos
426 547 664 596 elephantos
685 547 866 586 duxisse.
898 546 1050 586 Sullam
1068 547 1249 585 ultimum
1267 547 1349 584 Ro—

63 617 272 648 manorum
293 603 513 654 protulisse
532 603 797 652 pomoerium,
819 603 930 651 quod
950 613 1167 651 numquam
1186 602 1350 651 provin-

65 663 174 711 ciali,
202 662 276 701 sed
295 660 431 699 Italico
460 670 558 708 agro
580 658 784 707 adquisito
805 659 987 708 proferre
1006 659 1130 697 moris
1151 657 1261 707 apud
1281 669 1351 696 an-

63 720 200 768 tiquos
227 717 311 756 suit.
353 716 441 754 Hoc
469 715 574 754 scire
594 714 723 763 magis
743 714 930 763 prodest,
968 725 1088 764 quam
1107 714 1352 752 Aventinum

65 779 238 814 montem
267 777 380 811 extra
402 771 652 821 pomoerium
682 781 796 819 esse,
824 775 868 809 ut
886 770 952 808 ille
971 769 1228 817 adfirmabat,
1258 780 1351 818 pro-

65 836 154 880 pter
173 829 337 868 alteram
358 838 408 866 ex
429 826 586 866 duabus
608 826 758 873 causis,
783 831 852 865 aut
872 825 981 875 quod
1003 825 1120 874 plebs
1143 835 1192 864 eo
1214 835 1351 863 seces—

66 886 212 932 sisset,
233 888 302 922 aut
321 883 431 932 quod
452 883 578 921 Remo
599 882 837 931 auspicante
856 882 924 920 illo
946 882 1038 920 loco
1059 892 1157 920 aves
1179 892 1258 919 non
1281 881 1350 919 ad-

65 941 278 981 dixissent.
320 939 413 978 Alia
440 937 635 987 deinceps
663 937 988 985 innumerabilia,
1017 948 1122 986 quae
1150 942 1218 976 aut
1232 939 1390 985 parias

66 1002 160 1037 sunt
186 995 407 1034 mendaciis
436 1000 506 1033 aut
531 994 685 1032 similia.
727 1005 820 1031 nam
839 998 883 1032 ut
901 994 1105 1032 concedas
1126 994 1260 1031 omnia
1280 1003 1352 1031 eos

66 1054 148 1092 fide
180 1053 288 1091 bona
320 1051 474 1097 dicere,
506 1054 551 1088 ut
577 1049 628 1088 ad
656 1049 968 1097 praestationem
991 1048 1187 1087 scribant:
1220 1053 1352 1086 tamen

67 1109 182 1148 cuius
209 1108 287 1146 ista
313 1116 473 1144 errores
500 1105 704 1143 minuent?
733 1105 848 1143 cuius
877 1104 1120 1153 cupiditates
1143 1108 1356 1152 prement?

68 1174 187 1214 quem
217 1163 441 1209 fortiorem,
465 1172 584 1210 quem
603 1161 833 1209 iustiorem,
864 1170 982 1209 quem
1000 1160 1272 1199 liberaliorem
1296 1161 1352 1198 sa-

66 1220 200 1259 cient?
238 1218 428 1258 Dubitare
457 1228 503 1256 se
530 1217 687 1256 interim
711 1216 915 1255 Fabianus
944 1222 1084 1255 noster
1112 1216 1264 1263 aiebat,
1301 1226 1353 1253 an

68 1275 195 1315 satius
216 1278 327 1314 esset
349 1273 469 1312 nullis
490 1273 634 1312 studiis
656 1272 865 1311 admoveri
887 1283 1008 1321 quam
1027 1271 1091 1310 his
1111 1271 1309 1320 inplicari.

148 1331 252 1370 XIV.
283 1329 390 1369 Soli
409 1329 625 1369 omnium
647 1328 803 1367 otiosi
824 1333 943 1367 sunt
958 1326 1384 1376 quisapientiae]

68 1391 275 1426 vacant:
297 1386 395 1425 soli
419 1385 608 1429 vivunt.
652 1395 728 1423 nec
748 1384 854 1422 enim
875 1394 991 1423 suam
1010 1388 1162 1422 tantum
1183 1387 1353 1422 aetatem

67 1443 172 1482 bene
184 1447 358 1481 tuentur:
376 1451 493 1480 omne
502 1451 644 1479 aevum
654 1451 728 1479 suo
742 1440 933 1478 adiciunt.
953 1439 1147 1488 quicquid
1158 1449 1355 1477 annorum

69 1503 161 1537 ante
177 1498 265 1536 illos
282 1502 413 1536 actum
437 1501 510 1544 est,
531 1496 607 1535 illis
629 1496 874 1544 adquisitum
891 1500 966 1534 est.
995 1495 1079 1533 Nisi
1096 1494 1353 1543 ingratissimi

70 1563 224 1600 sumuS,
242 1552 297 1601 tui
307 1552 517 1590 clarissimi
528 1562 734 1590 sacrarum
747 1551 980 1600 opinionum
994 1551 1225 1590 conditores
1237 1548 1355 1588 nobis

68 1610 150 1649 nati
162 1613 266 1655 sunt,
282 1608 400 1646 nobis
409 1607 528 1646 vitam
539 1612 895 1656 praeparaverunt.
924 1607 975 1645 ad
986 1617 1052 1646 res
1065 1606 1355 1655 pulcherrimas

70 1677 123 1705 ex
153 1664 329 1704 tenebris
362 1664 414 1702 ad
447 1663 576 1701 lucem
603 1667 736 1701 erutas
771 1662 900 1702 alieno
934 1662 1074 1701 labore
1106 1661 1355 1700 deducimur.

70 1721 180 1760 nullo
210 1719 327 1759 nobis
355 1720 493 1757 seculo
515 1718 768 1757 interdictum
786 1723 867 1765 est,
902 1717 941 1756 in
964 1719 1097 1757 omnia
1117 1718 1358 1756 admittimur

70 1782 130 1825 et,
164 1776 199 1815 si
231 1774 506 1823 magnitudine
535 1774 656 1812 animi
683 1773 822 1822 egredi
854 1773 1055 1812 humanae
1087 1773 1356 1812 inbecillitatis

72 1832 277 1881 angustias
298 1831 415 1877 libet,
450 1831 635 1877 multum,
670 1839 744 1878 per
765 1829 876 1877 quod
902 1830 1139 1878 spatiemur,
1163 1828 1356 1876 temporis

70 1893 146 1928 est.
175 1887 390 1936 Disputare
411 1896 501 1924 cum
518 1885 684 1925 Socrate
703 1884 806 1931 licet,
829 1885 1012 1924 dubitare
1032 1896 1123 1923 eum
1140 1883 1356 1931 Carneade,
1373 1888 1395 1921 2

73 1955 164 1983 cum
192 1943 366 1992 Epicuro
403 1942 631 1990 quiescere,
665 1940 838 1980 hominis
872 1946 1055 1980 naturam
1089 1951 1178 1978 cum
1210 1939 1356 1978 Stoicis

74 2000 256 2046 vincere,
286 2008 376 2037 cum
397 1997 558 2048 Cynicis
588 1996 806 2043 excedere,
844 2008 966 2044 quum
993 2007 1127 2035 rerum
1157 2000 1299 2034 natura
1316 1995 1357 2033 in

75 2054 323 2095 consortium
347 2053 477 2092 omnis
498 2052 588 2092 aevi
608 2051 781 2101 patiatur
797 2051 999 2090 incedere.
1045 2051 1189 2099 Quidni
1208 2050 1260 2090 ab
1278 2050 1356 2089 hoc

74 2111 222 2160 exiguo
242 2115 283 2149 et
301 2109 456 2148 caduco
475 2108 668 2158 temporis
689 2107 859 2146 transitu
877 2107 916 2145 in
937 2108 1005 2146 illa
1021 2112 1105 2146 toto
1122 2118 1198 2146 nos
1213 2106 1355 2145 demus

74 2166 228 2213 animo,
249 2175 354 2215 quae
372 2165 574 2212 inmensa,
598 2173 702 2212 quae
722 2167 885 2201 aeterna
905 2167 1017 2210 sunt,
1043 2173 1147 2211 quae
1166 2173 1256 2202 cum
1273 2172 1355 2200 me—

0 2259 2 2263 ,
76 2222 242 2262 lioribus
264 2220 517 2260 communia?
555 2220 644 2267 Isti,
674 2219 743 2267 qui
763 2228 836 2266 per
856 2218 992 2257 officia
1011 2218 1258 2266 discursant,
1289 2218 1395 2266 qui3

0 2276 11 2324 Ξ
51 2287 124 2322 ,se
150 2277 333 2326 aliosque
359 2276 601 2326 inquietant,
623 2285 725 2314 -cum
753 2273 857 2312 bene
876 2274 1128 2322 insanierint,
1163 2285 1253 2313 cuni
1273 2284 1356 2313 om-

0 2330 15 2382 Ξ
78 2332 185 2372 nium
203 2333 338 2373 limina
358 2332 503 2373 cotidie
523 2330 889 2383 perambulaverint
907 2339 982 2369 nec
1000 2330 1102 2370 ullas
1117 2334 1277 2380 apertas
1298 2330 1355 2368 fo-

5 2391 6 2394 ’
1068 2386 1138 2425 14*
