1592 2580
311 164 498 205 NATUR.
526 163 738 213 QUAEST.
769 165 865 204 LIB.
886 165 952 204 111.
983 171 1154 206 15-18.
1293 164 1377 205 223

91 278 211 317 quam
243 267 456 306 aberravit.v
499 271 634 305 aestas
666 277 740 306 sno
769 271 952 316 tempore
983 266 1158 305 incaluit.
1201 266 1377 306 autumni

87 324 299 372 verisque,
319 327 362 361 ut
374 323 497 370 solet,
517 323 621 361 sacta
640 322 803 362 mutatio
820 327 894 361 est.
924 328 1004 362 tam
1020 322 1235 361 solstitium
1256 332 1376 371 quam

85 377 383 428 aequinoctium
414 389 512 416 suos
539 377 626 417 dies
648 378 791 418 retulit.
831 378 932 418 Sunt
956 383 996 417 et
1023 378 1099 417 sub
1119 384 1225 417 terra
1245 378 1375 416 minus
1397 383 1421 418 4

87 435 205 474 nobis
229 439 325 473 nota
344 435 430 472 iura
451 438 638 480 naturae,
670 435 743 473 sed
764 445 843 473 non
864 435 995 474 minus
1017 438 1146 473 certa:
1176 434 1296 472 crede
1317 433 1375 472 in—

85 492 165 538 fra,
191 490 381 539 quicquid
401 490 516 528 vides
538 501 674 538 supra.
704 490 806 529 Sunt
823 494 862 528 et
881 490 959 529 illic
976 501 1128 539 specus
1148 490 1264 537 vasti,
1286 494 1378 528 sunt
1393 504 1400 513 ’-

85 546 268 594 ingentes
288 556 479 584 recessus
500 556 547 584 ac
569 546 700 594 spatia
715 545 929 594 suspensis
949 546 1041 584 hinc
1064 551 1103 585 et
1121 546 1215 584 inde
1234 546 1375 585 monti-

86 602 165 640 bus
187 603 289 640 laxa.
326 606 420 640 sunt
446 601 606 650 abrupti
627 602 664 639 in
688 601 883 640 infinitum
902 602 1055 650 hiatus,
1085 602 1151 650 qni
1173 611 1298 650 saepe
1319 601 1376 639 in·

85 658 224 706 lapsas
253 657 376 696 urbes
405 663 646 706 receperunt
666 663 705 696 et
723 656 923 706 ingentem
945 658 1102 696 ruinam
1121 657 1160 695 in
1181 659 1260 696 alto
1282 667 1375 695 con-

87 714 287 752 diderunt.
333 713 443 752 Haec
479 713 624 762 spiritu
652 714 772 761 plena
799 719 904 752 sunt.
949 713 1046 752 nihil
1073 713 1176 751 enim
1205 724 1376 762 usquam
1398 719 1419 753 5

86 770 206 807 inane
222 775 302 815 est,
325 770 442 808 etiam
459 774 601 817 stagna
619 768 794 808 obsessa
809 769 986 808 tenebris
1007 774 1046 808 et
1061 768 1081 791 *
1097 770 1199 808 loeis
1219 769 1377 817 amplis.

87 825 275 863 animalia
294 835 459 874 quoque
479 825 554 863 illis
574 824 855 873 innascuntur,
886 826 960 863 sed
981 825 1096 863 tarda
1123 829 1162 863 et
1180 825 1376 870 informia}

87 887 131 920 ut
158 880 197 919 in
227 883 321 920 aere
349 891 472 919 caeco
500 880 722 929 pinguique
754 886 951 930 concepta
980 885 1019 919 et
1047 881 1165 929 aquis
1186 881 1377 929 torpenti-

35 936 46 946 ·
87 936 164 975 bus
192 937 282 975 situ.
322 938 516 986 pleraque
547 947 598 975 ex
628 936 690 976 liis
720 947 863 985 caeca,
894 942 934 975 ut
962 937 1095 986 talpae
1118 941 1157 975 et
1176 936 1377 975 subterra—

88 993 154 1031 nei
179 1003 334 1039 mures,
369 992 515 1041 quibus
546 993 663 1031 deest
686 993 836 1040 lumen,
869 993 964 1041 quia
984 1002 1282 1041 supervacuum
1304 997 1377 1031 est.

87 1048 206 1095 Inde,
236 1054 280 1087 ut
297 1048 599 1098 Theophrastus
622 1049 827 1096 adfirmat,
855 1048 992 1098 pisces
1015 1048 1256 1097 quibusdam
1277 1049 1377 1087 locis

87 1109 292 1143 eruuntur.

171 1161 293 1199 XVII.
330 1160 454 1198 Multa
478 1159 557 1199 hoc
581 1161 671 1199 loeo
692 1160 760 1198 tibi
790 1160 829 1198 in
859 1164 1031 1198 mentem
1059 1160 1242 1207 veniunt,
1275 1170 1381 1208 quae
1402 1163 1421 1197 1

86 1216 240 1255 urbane
268 1221 311 1255 ut
338 1216 377 1254 in
406 1226 450 1253 re
470 1216 693 1254 incredibili
714 1215 920 1266 [fabulam]
942 1215 1075 1254 dicas:
1107 1226 1185 1253 non
1209 1226 1298 1254 cum
1318 1226 1379 1254 re·

87 1271 194 1311 tibus
215 1271 390 1320 aliquem
412 1282 487 1310 nec
507 1282 596 1310 cum
612 1271 761 1319 hamis,
784 1272 855 1310 sed
880 1282 969 1310 cum
987 1271 1155 1310 dolabra
1171 1271 1227 1309 ire
1248 1271 1378 1319 pisca-

89 1333 185 1367 tum.
216 1332 433 1376 exspecto‚
460 1333 503 1367 ut
531 1328 676 1376 aliquis
704 1327 743 1366 in
765 1327 863 1365 mari
885 1332 1063 1365 venetur.
1103 1326 1206 1374 Quid
1228 1331 1290 1365 est
1310 1338 1377 1366 au‘

87 1389 186 1431 tem,
210 1394 335 1432 quare
352 1395 433 1422 non
454 1383 589 1432 pisces
611 1384 651 1421 in
671 1388 817 1422 terram
836 1387 1062 1428 transeant,
1085 1383 1120 1422 si
1142 1393 1217 1421 nos
1237 1383 1276 1420 in
1297 1394 1378 1421 ma-

87 1440 149 1478 ria
175 1438 420 1478 transimus?
462 1439 773 1487 permutavimus
804 1439 939 1477 sedes.
984 1439 1070 1477 Hoc
1098 1437 1254 1476 miraris
1275 1438 1378 1476 acci-
1399 1439 1422 1473 2

90 1496 214 1533 dere?
235 1500 384 1544 quanto
399 1495 696 1533 incredibiliora
712 1498 804 1534 sunt
821 1504 945 1543 opera
962 1495 1171 1532 luxuriae?
1191 1495 1378 1542 quotiens

91 1556 270 1589 naturam
297 1555 365 1589 aut
391 1550 578 1589 mentitur
605 1555 672 1588 aut
693 1550 840 1588 vincit?
882 1550 925 1587 ln
947 1550 1065 1588 cubili
1087 1554 1223 1589 natant
1242 1550 1379 1599 pisces

90 1611 130 1645 et
149 1606 224 1645 sub
244 1606 334 1655 ipsa
353 1616 494 1644 mensa
515 1606 670 1655 capitur
691 1607 758 1654 qui
777 1606 908 1644 statim
929 1606 1191 1644 transferatur
1210 1606 1249 1644 in
1269 1616 1378 1644 men—

91 1672 190 1700 sam.
236 1672 374 1711 parum
398 1662 558 1700 videtur
576 1672 720 1700 recens
741 1662 906 1708 mullus,
932 1662 1005 1700 nisi
1030 1662 1097 1710 qui
1118 1661 1158 1699 in
1182 1662 1380 1700 convivae

90 1728 213 1756 manu
233 1717 411 1756 moritur.
439 1717 578 1755 vitreis
601 1718 690 1755 ollis
711 1717 854 1756 inclusi
875 1717 1109 1756 adseruntur
1129 1723 1167 1755 et
1187 1718 1377 1756 observa-

90 1779 154 1813 tur
182 1773 433 1812 morientium
461 1773 592 1820 color,
624 1784 743 1822 quem
772 1774 810 1811 in
840 1774 985 1812 multas
1006 1773 1246 1812 mutationes
1269 1784 1377 1812 mors

92 1830 265 1868 luctante
294 1829 436 1878 spiritu
466 1828 601 1867 vertit:
635 1829 736 1868 alios
765 1834 910 1868 necant
939 1829 977 1867 in
999 1839 1097 1878 garo
1128 1834 1167 1867 et
1187 1829 1379 1868 condiunt

93 1885 220 1924 vivos.
262 1885 312 1923 Hi
340 1889 434 1924 sunt
461 1885 530 1933 qui
558 1884 714 1923 fabulas
737 1890 896 1933 putant,
927 1886 1079 1933 piscem
1103 1895 1226 1932 posse
1243 1886 1378 1924 vivere
1398 1892 1421 1928 3

94 1941 172 1980 sub
191 1946 299 1980 terra
317 1947 356 1980 et
375 1940 524 1986 effodi,
541 1950 622 1979 non
645 1940 762 1989 capi?
794 1951 914 1989 quam
933 1940 1168 1978 incredibile
1188 1941 1248 1979 eis
1268 1941 1376 1980 vide—

90 2002 218 2043 retur,
239 1997 273 2036 si
294 1997 478 2035 audirent
492 2001 630 2034 natare
650 1996 688 2034 in
706 2006 804 2044 garo
824 1997 976 2045 piscem
994 2007 1067 2034 nec
1083 2006 1235 2035 coenae
1255 2007 1380 2036 causa

92 2053 296 2092 occidisse
321 2063 445 2101 super
473 2062 660 2099 coenam,
690 2062 781 2091 cum
808 2053 974 2091 multum
1002 2051 1042 2090 in
1071 2051 1227 2091 deliciis
1249 2053 1321 2091 suit
1340 2059 1379 2092 et

92 2109 234 2148 oculos
254 2115 346 2148 ante
368 2119 487 2157 quam
508 2108 641 2155 gulam
661 2106 783 2156 pavit.

174 2163 314 2203 XVIII.
358 2164 599 2202 Permitte
631 2162 750 2201 mihi
795 2163 1105 2212 quaestione
1146 2165 1379 2213 seposita
1398 2172 1418 2206 1

93 2218 355 2269 castigare
382 2219 650 2258 luxuriam.
678 2218 813 2266 „Nihil
833 2224 912 2266 est,
933 2218 1080 2268 inquit,
1102 2220 1223 2259 mullo
1242 2221 1377 2270 exspi-

92 2278 206 2314 rante
232 2275 310 2314 illic
339 2275 569 2315 formosius.
617 2274 707 2324 ipsa
733 2274 1013 2313 colluctatione
1032 2275 1188 2315 animae
1207 2286 1300 2316 sese
1320 2279 1377 2315 af-

93 2330 239 2380 sle'qenti
265 2332 389 2371 rubor
408 2330 596 2381 primum,
625 2330 772 2370 deinde
797 2331 927 2379 pallor
954 2330 1228 2372 subfunditur:
1258 2343 1378 2382 quam
