1592 2580
312 160 392 201 312
684 163 725 200 L.
754 164 942 202 ANNAEI
970 165 1193 205 SENECAE

311 260 574 310 pulcherrimo
604 272 772 310 corpore
803 264 903 301 inter
936 265 1236 306 innumerabiles
1272 269 1425 315 stellas,
1463 281 1566 318 quae

311 321 466 354 noctem
494 316 639 355 decore
667 318 774 354 vario
799 318 1060 366 distinguunt,
1090 331 1191 367 quae
1211 324 1303 360 aera
1323 323 1479 362 minime
1499 336 1566 363 va-

311 381 427 408 cuum
449 375 487 408 et
506 371 666 409 inertem
689 382 780 410 esse
802 373 1018 420 patiuntur,
1040 374 1212 422 quinque
1232 382 1338 415 solas
1358 388 1461 424 esse,
1483 380 1567 427 qui-

309 424 385 462 bus
406 434 592 463 exercere
611 436 656 464 se
675 426 807 474 liceat,
838 432 989 466 ceteras
1010 433 1135 475 stare,
1155 429 1276 468 fixum
1293 436 1330 469 et
1344 431 1567 471 inmobilem

312 480 528 527 populum?
861 499 864 501 -

276 540 292 571 1
388 533 507 571 XXV.
550 533 591 572 Si
620 534 708 582 quis
736 534 813 573 hoc
839 536 927 574 loco
955 546 1018 574 me
1050 537 1369 586 interrogaverit:
1413 553 1565 590 quare

308 598 425 637 ergo
455 599 568 635 non,
600 589 1010 636 quemadmodum
1037 593 1255 641 quinque
1285 595 1562 643 stellarum,

310 643 377 681 ita
406 643 572 681 harum
603 643 907 683 observatus
937 650 1014 683 est
1043 651 1274 686 cursus?“
1301 648 1391 686 huic
1410 660 1483 698 ego
1502 662 1560 688 re—

309 698 539 745 spondebo:
578 699 697 736 multa
723 703 832 746 sunt,
870 709 972 747 quae
999 711 1090 738 esse
1126 701 1397 741 concedimus:
1434 705 1563 752 qualia

271 760 291 791 2
309 756 416 798 sunt,
455 751 695 800 ignoramus.
749 753 905 791 Habere
932 765 1006 793 nos
1033 756 1222 802 animum,
1261 757 1372 810 cuius
1398 757 1562 806 imperio

307 806 529 854 inpellimur
555 811 592 845 et
617 817 857 854 revocamur,
890 819 1026 847 omnes
1050 810 1289 852 fatebuntur=
1320 812 1414 860 quid
1435 817 1560 851 tamen

307 862 356 898 sit
383 861 535 899 animus
564 861 627 898 ille
646 865 774 900 rector
794 863 1057 911 dominusque
1077 866 1221 913 nostri,
1251 876 1329 904 non
1351 866 1474 914 magis
1495 868 1562 905 tibi

306 916 513 963 quisquam
534 916 734 963 expediet,
768 927 883 965 quam
903 918 969 956 ubi
989 919 1057 956 sit:
1085 920 1183 958 alius
1205 919 1311 958 illum
1327 921 1429 959 dicet
1449 922 1560 970 spiri-

306 974 387 1007 tum
406 981 518 1016 esse,
549 971 648 1008 alius
670 976 902 1009 concentum
924 973 1151 1019 quemdam,
1173 975 1272 1012 alius
1291 975 1368 1012 vim
1390 975 1561 1014 divinam

305 1029 343 1062 et
369 1025 432 1062 dei
460 1029 630 1072 partem,
658 1026 757 1063 alius
785 1026 1055 1065 tenuissimum
1075 1039 1225 1074 aerem,
1255 1030 1353 1067 alius
1378 1029 1559 1084 incorpo-

302 1080 423 1116 ralem
453 1079 678 1127 potentiam.
716 1091 793 1118 non
822 1081 964 1128 deerit¹
997 1083 1062 1129 qui
1092 1083 1323 1131 sanguinem
1343 1084 1465 1135 dicat,
1495 1085 1561 1133 qui

304 1134 494 1171 calorem:
523 1134 623 1172 adeo
644 1135 773 1172 animo
792 1145 867 1172 non
890 1141 1020 1183 potest
1038 1137 1189 1184 liquere
1206 1137 1256 1175 de
1272 1137 1412 1176 ceteris
1428 1139 1558 1187 rebus,

261 1190 282 1224 3
302 1192 343 1225 ut
369 1187 498 1225 adhuc
526 1187 614 1235 ipsc
642 1199 686 1226 se
708 1195 881 1236 quaerat.
924 1189 1023 1236 Quid
1052 1202 1145 1239 ergo
1167 1192 1351 1230 miramur
1372 1198 1558 1241 cometas,

302 1246 380 1278 tam
405 1252 534 1279 rarum
563 1243 695 1279 mundi
724 1245 1012 1290 spectaculum,
1046 1246 1221 1283 nondum
1255 1246 1378 1284 teneri
1404 1248 1557 1295 legibus

304 1296 419 1333 certis
446 1307 518 1333 nec
546 1296 654 1334 initia
681 1297 834 1335 illorum
862 1299 1043 1346 finesque
1066 1305 1291 1347 notescere,
1322 1312 1487 1350 quorum
1507 1313 1557 1340 ex

301 1349 522 1397 ingentibus
550 1351 763 1390 intervallis
791 1362 978 1391 recursus
1007 1358 1099 1392 est?
1142 1355 1323 1393 Nondum
1351 1361 1442 1394 sunt
1466 1357 1556 1394 anni

301 1405 405 1443 mille
425 1405 643 1452 quingenti,
672 1416 723 1444 ex
744 1418 822 1454 quo
844 1407 1008 1445 Graecia

428 1489 430 1491 .
507 1466 513 1467 ’
588 1462 705 1499 stellis
722 1473 898 1500 numeros
916 1467 952 1500 ec
969 1464 1123 1501 nomina
1138 1463 1245 1510 fecit.

300 1515 443 1552 multae
459 1514 658 1563 hodieque
678 1521 769 1554 sunt
783 1521 940 1564 gentes,
971 1528 1071 1565 quae
1089 1523 1233 1556 tantum
1251 1519 1349 1556 facie
1363 1529 1556 1558 noverunt

301 1569 472 1615 coelum,
502 1580 602 1616 quae
631 1570 806 1608 nondum
834 1571 980 1616 sciunt,
1015 1582 1083 1610 cur
1109 1573 1201 1610 luna
1228 1573 1400 1620 deficiat,
1432 1585 1555 1621 quare

300 1623 562 1662 obumbretur.
602 1623 701 1662 haec
729 1626 832 1672 apud
865 1636 939 1664 nos
961 1636 1120 1675 quoque
1140 1637 1266 1674 nuper
1282 1628 1379 1666 ratio
1400 1628 1448 1665 ad
1470 1639 1552 1666 cer-

262 1683 285 1717 4
302 1683 378 1716 tum
408 1678 602 1726 perduxit.
658 1680 837 1717 Veniet
878 1685 1088 1729 tempus,
1132 1692 1224 1729 quo
1268 1682 1383 1727 ista,
1428 1692 1553 1730 quae

299 1743 423 1770 nunc
461 1733 636 1779 latent,
675 1734 721 1771 in
759 1735 914 1772 lucem
955 1735 1063 1774 dies
1100 1736 1332 1774 extrahat
1364 1741 1410 1774 et
1444 1737 1551 1775 lon-

297 1787 456 1834 gioris
492 1788 602 1825 aevi
640 1788 921 1836 diligentia.
964 1791 1012 1827 ad
1041 1790 1332 1838 inquisitionem
1358 1796 1550 1830 tantorum

297 1846 404 1880 aetas
432 1853 511 1880 una
538 1853 616 1880 non
645 1844 808 1888 sufficit,
840 1849 881 1882 ut
906 1849 987 1882 tota
1006 1846 1117 1883 coelo
1136 1850 1261 1883 vacet.
1299 1846 1411 1894 quid,
1442 1846 1549 1893 quod

295 1902 373 1934 tam
393 1906 543 1944 paucos
564 1907 689 1935 annos
705 1898 804 1936 inter
820 1899 949 1937 studia
964 1909 1009 1936 ac
1023 1900 1116 1938 vitia
1129 1911 1206 1937 non
1225 1910 1353 1948 aequa
1370 1900 1549 1947 portione

296 1951 532 1989 dividimus?
562 1951 695 1999 itaque
725 1963 795 2000 per
820 1954 1098 1992 successiones
1125 1954 1200 1992 ista
1219 1955 1356 2002 longas
1377 1953 1546 2001 explica-

258 2013 278 2045 5
294 2005 447 2043 buntur.
498 2005 640 2044 Veniet
665 2012 840 2055 tempus,
878 2019 956 2055 quo
987 2008 1135 2056 posteri
1162 2010 1283 2048 nostri
1308 2013 1385 2046 tam
1411 2013 1548 2055 aperta

294 2070 367 2098 nos
395 2060 573 2098 nescisse
597 2061 792 2099 mirentur.
839 2063 984 2100 Harum
1006 2063 1178 2111 quinque
1197 2064 1413 2108 stellarum,
1445 2073 1562 2111 quae,

294 2124 338 2152 se
358 2114 540 2161 ingerunt
559 2115 692 2162 nobis,
724 2127 828 2164 quae
849 2117 925 2155 alio
949 2122 1068 2165 atque
1088 2119 1164 2156 alio
1185 2122 1436 2156 occurrentes
1456 2118 1545 2156 loco

293 2167 474 2206 curiosos
493 2180 567 2207 nos
588 2180 679 2208 esse
699 2176 863 2219 cogunt,
890 2172 955 2219 qui
975 2173 1150 2210 matutini
1170 2172 1462 2220 vespertinique
1483 2183 1545 2210 or-

290 2227 353 2260 tus
370 2223 463 2270 sint,
486 2234 588 2272 quae
602 2225 811 2272 stationes,
829 2227 987 2274 quando
1005 2227 1042 2264 in
1058 2231 1203 2264 rectum
1221 2226 1403 2274 serantur,
1424 2235 1546 2274 quare

292 2282 455 2323 agantur
474 2283 597 2326 retro,
627 2280 744 2318 modo
767 2280 969 2329 coepimus
990 2281 1103 2319 scire.
1150 2280 1285 2319 Utrum
1305 2285 1546 2328 mergeretur
