1592 2580
319 162 386 202 DE
410 127 700 201 ermaricus=
719 159 896 199 LIB.v1.
925 164 1098 201 28—-31-
1266 156 1347 199 125

9 312 10 315 Ἴ
71 274 162 304 esse
188 263 270 311 vis,
300 261 365 302 cui
391 262 603 311 plurimum
623 261 749 300 debes
773 260 992 308 [beatumJ2
1033 259 1131 310 quid
1151 261 1276 307 enim,
1305 265 1350 299 ut

9 317 10 320 ’
69 320 172 368 dixi,
197 323 306 357 vetat
323 322 363 356 te
377 318 528 356 referre
543 318 661 356 etiam
676 327 832 355 summa
846 316 1032 356 felicitate
1050 315 1242 365 praeditis
1258 326 1344 364 gra-

69 375 187 414 tiam?
221 374 334 413 cuius
363 375 483 422 plena
502 367 578 411 tibi
608 377 791 412 occurret
809 377 849 411 et
877 372 986 411 varia
1005 371 1181 411 materia.
1221 371 1346 420 quid?

68 437 109 470 tu
135 431 269 470 neseis
289 428 464 468 debitum
484 429 600 467 etiam
620 428 888 477 locupletibus
909 428 1039 468 solvi?
1084 427 1165 465 Nec
1186 433 1224 467 te
1245 426 1343 465 invi·
1359 435 1383 470 3

67 491 148 526 tum
169 485 421 534 distringam:
453 485 585 524 omnia
605 495 703 523 sane
722 483 939 523 excluserit
954 485 1143 532 opulenta
1162 483 1344 530 felicitas,

67 541 300 581 monstrabo
321 540 410 587 tibi,
440 541 555 579 cuius
574 540 632 579 rei
652 540 789 589 inopia
805 540 989 579 laborent
1009 550 1153 589 magna
1173 538 1344 586 fastigia,

68 597 164 647 quid
192 597 325 636 omnia
353 596 655 645 possidentibus
682 596 804 635 desit:
831 595 984 635 scilicet
1002 594 1086 642 ille,
1119 596 1185 644 qui
1205 596 1346 634 verum
1391 627 1395 630 ,

67 653 174 692 dicat
209 657 249 691 et
283 653 484 691 hominem
518 652 620 690 inter
646 652 881 692 mentientes
919 656 1147 700 stupentem
1173 651 1347 700 ipsaque

67 708 359 748 consuetudine
389 719 462 757 pro
489 708 610 746 rectis
632 707 781 746 blanda
799 708 986 746 audiendi
1011 707 1063 746 ad
1082 707 1347 756 ignorantiam

67 764 153 803 veri
178 765 416 814 perductum
441 763 620 803 vindicet
645 774 669 802 a
694 774 899 802 consensu
926 768 1203 812 concentuque
1224 763 1346 801 salso—

66 831 168 859 rum.
214 820 299 858 Non
322 820 459 868 vides,
488 819 825 868 quemadmodum
851 819 942 858 illos
970 819 1009 857 in
1037 829 1236 867 praeceps
1256 822 1386 866 agat4

68 875 264 915 exstincta
284 874 446 914 libertas
467 881 507 914 et
528 875 630 914 fides
650 875 690 913 in
707 874 947 924 obsequium
967 875 1113 913 servile
1131 873 1346 922 submissa,

69 932 164 971 dum
190 942 308 970 nemo
336 942 387 969 ex
414 930 535 969 animi
563 931 625 970 sui
652 931 847 970 sententia
875 930 1018 970 suadet
1045 929 1346 979 dissuadetque,

69 987 143 1027 sed
171 987 359 1026 adulandi
389 992 588 1025 certamen
617 991 679 1026 est
704 991 744 1026 et
769 998 891 1026 unum
918 987 1135 1025 amicorum
1171 986 1347 1025 omnium

69 1043 265 1089 officium,
295 1054 376 1082 una
404 1043 623 1089 contentio,
655 1043 744 1091 quis
771 1042 1033 1081 blandissime
1054 1042 1190 1081 sallat?
1230 1043 1345 1090 Igno·
1362 1054 1384 1088 5

67 1109 209 1137 ravere
236 1099 342 1137 vires
366 1109 462 1137 suas
484 1104 540 1146 et,
570 1099 663 1136 dum
684 1109 730 1136 se
749 1094 828 1137 tam
850 1108 1019 1146 magnos
1041 1108 1161 1146 quam
1182 1098 1348 1136 audiunt

69 1154 254 1202 credunt,
291 1154 502 1192 adtraxere
534 1164 789 1202 supervacua
823 1159 861 1192 et
892 1154 931 1191 in
967 1154 1181 1192 discrimen
1213 1164 1347 1192 rerum

68 1210 242 1250 omnium
270 1209 512 1258 perventura
539 1209 655 1248 bella.
694 1209 829 1248 utilem
851 1214 889 1248 et
908 1209 1180 1248 necessariam
1199 1219 1348 1257 rupere

67 1266 336 1305 concordiam.
380 1266 508 1304 secuti
534 1265 652 1312 iram,
691 1276 810 1314 quam
842 1275 959 1303 nemo
989 1265 1215 1313 revocavit,
1248 1265 1346 1303 mul-

63 1327 196 1361 torum
216 1321 452 1369 sanguinem
472 1320 694 1360 hauserunt
708 1321 836 1360 fusuri
856 1320 1075 1359 novissime
1095 1332 1231 1367 suum,
1252 1320 1347 1359 dum

64 1377 270 1416 'vindicant
296 1377 548 1425 inexplorata
575 1387 652 1439 pro
678 1377 796 1415 certis
817 1376 1006 1426 flectique
1026 1386 1108 1415 non
1127 1377 1258 1415 minus
1279 1386 1346 1414 ex—

65 1433 243 1472 istimant
268 1438 383 1480 turpe
404 1443 524 1480 quam
552 1432 654 1470 vinci
682 1437 721 1471 et
749 1437 944 1481 perpetua
963 1432 1150 1478 credunt,
1183 1434 1344 1480 quaein

70 1499 266 1527 summum
291 1488 484 1536 perducta
502 1488 673 1526 maxime
694 1493 843 1527 nutant.
891 1488 1071 1535 Ingentia
1092 1498 1228 1547 super
1235 1498 1280 1526 se
1300 1498 1347 1526 ac
1363 1495 1385 1530 6

69 1553 168 1584 suos
189 1553 315 1591 regna
332 1543 534 1591 fregerunt
552 1553 626 1582 nec
645 1543 924 1583 intellexerunt
942 1544 982 1581 in
1001 1543 1068 1581 illa
1088 1553 1212 1581 scena
1223 1534 1347 1582 'vanis

70 1605 110 1638 et
128 1598 205 1638 cito
226 1597 497 1637 diffluentibus
518 1598 636 1638 bonis
654 1600 876 1648 refulgente
896 1609 948 1637 ex
967 1609 1016 1638 eo
1038 1604 1216 1647 tempore
1233 1598 1347 1647 ipsos

70 1654 166 1693 nihil
193 1664 272 1692 non
299 1653 459 1692 adversi
480 1660 718 1703 exspectare
737 1654 946 1702 debuisse,
973 1664 1024 1693 ex
1046 1666 1125 1703 quo
1148 1654 1242 1693 nihil
1265 1655 1348 1692 veri

72 1710 211 1749 audire
233 1714 457 1758 potuerunt.

152 1765 289 1804 XXXI.
329 1765 425 1803 Cum
452 1765 599 1804 bellum
627 1765 817 1804 Giaeciae
843 1766 1036 1804 indiceret
1057 1767 1234 1814 Xerxes,
1266 1767 1346 1804 ani-
1366 1770 1384 1803 1

71 1832 176 1860 mum
191 1825 404 1860 tumentem
421 1820 664 1870 oblitumque
680 1831 799 1869 quam
815 1821 978 1860 caducis
996 1822 1216 1861 confideret
1230 1833 1348 1860 nemo

72 1888 151 1916 non
173 1876 324 1926 inpulit.
371 1875 487 1915 Alius
507 1876 638 1915 aiebat
657 1887 737 1915 non
757 1877 908 1916 laturos
928 1878 1104 1916 nuntium
1126 1877 1217 1916 belli
1239 1868 1279 1917 'et
1297 1878 1347 1916 ad

73 1933 237 1982 primam
258 1932 454 1972 adventus
474 1932 617 1970 famam
638 1937 746 1981 terga
770 1943 972 1972 versuros.
1019 1933 1120 1972 alius
1141 1933 1238 1972 nihil
1258 1943 1349 1972 esse
1365 1937 1389 1970 2

74 1988 202 2035 dubii,
232 1987 327 2037 quin
346 1988 412 2026 illa
430 1988 535 2026 mole
553 1998 634 2026 non
653 1988 758 2026 vinci
780 1989 910 2027 solum
931 1989 1117 2037 Graecia,
1141 1988 1215 2027 sed
1235 1988 1349 2028 obrui

66 2049 236 2092 posset:
274 2043 401 2092 magis
429 2043 646 2082 verendum
674 2054 724 2082 ne
752 2055 904 2083 vacuas
934 2044 1198 2092 desertasque
1226 2045 1348 2084 urbes

74 2100 296 2138 invenirent
321 2104 360 2138 et
386 2099 568 2148 profugis
596 2098 780 2139 hostibus
809 2104 948 2138 vastae
975 2099 1212 2139 solitudines
1232 2101 1347 2139 relin-

75 2163 292 2204 querentur
318 2166 399 2194 non
426 2154 636 2203 habituris,
670 2155 738 2194 ubi
764 2159 894 2194 tantas
915 2154 1024 2194 vires
1045 2166 1234 2194 exercere
1253 2167 1348 2205 pos-

75 2216 176 2249 sent.
215 2210 317 2249 alius
336 2210 404 2249 vix
422 2211 478 2250 illi
498 2221 630 2248 rerum
648 2215 828 2250 naturam
845 2211 1051 2259 sulficere,
1071 2216 1242 2260 angusta
1257 2222 1349 2251 esse
1362 2217 1386 2252 3

77 2265 274 2305 classibus
300 2265 445 2314 maria,
482 2266 593 2305 militi
621 2271 773 2315 castra,
813 2267 1062 2316 explicandis
1093 2267 1347 2316 equestribus

78 2321 205 2369 copiis
233 2322 492 2372 campestria,
522 2323 589 2362 vix
610 2327 748 2372 patere
769 2323 925 2363 coelum
946 2323 1041 2363 satis
1063 2322 1114 2362 ad
1136 2323 1349 2364 emittenda
