1624 2626
110 178 244 220 DIAL.
267 178 336 217 lv.
361 178 409 215 V.
440 176 507 216 DE
528 176 620 216 IRA
639 175 735 215 LIB.
760 175 807 215 ΙΙ.
829 180 888 216 35.
910 179 969 216 36.
997 175 1091 215 LIB.
1111 175 1176 216 ΙΙΙ.
1202 182 1235 216 1
1291 173 1347 218 79

26 279 142 322 deri
169 279 321 320 volunt.
347 277 478 326 Magis
506 276 606 316 illud
629 275 847 316 videndum
875 280 956 326 est,
986 287 1106 326 quam
1127 277 1262 317 multis
1285 277 1346 316 ira
1362 276 1382 310 4

57 347 130 387 per
150 347 196 375 se
218 335 411 375 nocuerit.
437 331 517 372 Alii
540 332 662 372 nimio
688 333 845 372 fervore
865 343 1014 381 rupere
1035 343 1164 372 venas
1187 338 1227 373 et
1251 343 1343 373 san-

24 399 26 403 *
54 392 216 441 guinem
251 400 376 439 supra
410 389 518 428 vires
555 389 684 428 elatus
721 389 870 428 clamor
906 388 1057 437 egessit
1085 394 1124 429 et
1151 388 1345 429 luminum

53 447 235 487 subfudit
263 446 391 486 aciem
419 444 460 483 in
491 445 632 483 oculos
654 443 930 483 vehementius
951 443 1094 485 humor
1115 450 1282 493 egestus
1306 450 1346 484 et

53 503 94 542 in
118 503 283 542 morbos
307 500 416 549 aegri
437 500 629 539 recidere.
658 500 774 539 Nulla
795 500 964 540 celerior
985 500 1038 538 ad
1059 501 1256 540 insaniam
1279 502 1346 540 via
1360 501 1382 535 ὂ

53 564 128 598 est.
156 558 268 598 multi
295 557 432 605 itaque
459 556 792 596 continuaverunt
821 556 905 595 irae
925 556 1099 595 furorem
1123 567 1198 596 nec
1223 568 1343 605 quam

53 615 296 664 expulerant
313 616 485 651 mentem
505 622 695 660 umquam
717 616 974 660 receperunt:
997 611 1164 651 Aiacem
1183 611 1223 650 in
1239 623 1345 652 mor-

54 675 134 709 tem
157 670 238 718 egit
256 670 379 716 furor,
398 668 438 706 in
461 668 637 707 furorem
660 667 732 706 ira.
762 672 928 707 mortem
946 667 1102 714 liberis,
1123 672 1346 716 egestatem

57 725 155 773 sibi,
183 725 338 765 ruinam
370 723 506 763 domui
533 724 809 772 imprecantur,
830 728 868 762 et
888 723 1008 762 irasci
1030 733 1076 762 se
1095 729 1244 772 negant
1263 735 1344 764 non

54 781 186 820 minus
208 791 331 829 quam
347 779 523 818 insanire
544 779 696 818 furiosi.
736 778 988 818 amicissimis
1015 778 1155 819 hostes
1177 779 1345 819 vitandi-

56 848 136 886 que
163 835 403 881 carissimis,
429 835 563 883 legum
589 834 668 873 nisi
700 846 780 883 qua
810 839 974 879 nocent,
1001 834 1262 883 inmemores,
1293 836 1347 874 ad

56 893 218 933 minima
235 890 425 939 mobiles,
452 901 532 929 non
561 900 767 937 sermone,
788 901 880 929 non
909 889 1043 930 officio
1066 889 1167 930 adiri
1194 890 1346 939 faciles,

57 958 131 997 per
156 948 238 986 vim
264 946 397 985 omnia
425 950 587 994 gerunt,
619 946 764 994 gladiis
791 951 829 984 et
856 956 1039 994 pugnare
1068 947 1197 995 parati
1223 951 1263 986 et
1287 947 1346 986 in·

59 1004 262 1043 cumbere.
295 1002 513 1041 Maximum
530 1002 634 1040 enim
655 1000 746 1040 illos
768 1002 917 1040 malum
937 1002 1043 1050 cepit
1064 1007 1103 1040 et
1122 1002 1257 1040 omnia
1277 1013 1346 1041 ex·
1362 1002 1384 1037 6

53 1069 257 1108 superans
289 1057 396 1097 vitia.
440 1057 517 1096 alia
546 1057 736 1106 paulatim
761 1057 927 1096 intrant:
954 1058 1166 1105 repentina
1193 1062 1232 1097 et
1259 1059 1346 1097 uni—

56 1125 178 1154 versa
202 1114 264 1154 vis
290 1113 410 1152 huius
437 1116 510 1151 est.
561 1112 690 1151 omnis
725 1112 900 1160 denique
928 1112 1030 1152 alios
1059 1113 1242 1153 adfectus
1271 1114 1347 1152 sibi

59 1170 224 1209 subicit.
247 1178 423 1208 amorem
443 1167 768 1207 ardentissimum
788 1168 920 1208 vincit.
955 1170 1256 1210 transfoderunt
1274 1170 1348 1209 ita-

59 1235 139 1275 que
166 1230 296 1265 amata
317 1234 490 1273 corpora
509 1228 549 1262 et
574 1226 614 1263 in
636 1234 775 1262 eorum
803 1235 907 1282 quos
929 1225 1161 1264 occiderant
1185 1225 1347 1264 iacuere

59 1281 336 1330 conplexibus.
365 1279 592 1327 avaritiam,
611 1273 880 1319 durissimum
890 1280 1036 1319 malurn
1060 1281 1347 1329 minimumque

14 1346 15 1355 ¹
60 1336 277 1384 flexibile,
268 1347 327 1374 ira
347 1335 516 1374 calcavit
533 1336 676 1374 adacta
696 1346 796 1399 opes
817 1346 913 1374 suas
938 1346 1130 1385 spargere
1150 1342 1189 1376 et
1210 1336 1346 1376 domui

60 1393 263 1440 rebusque
283 1393 324 1431 in
344 1402 467 1430 unum
487 1391 641 1431 collatis
666 1390 816 1430 inicere
835 1392 979 1440 ignem.
1010 1393 1136 1441 quid2
1162 1403 1244 1432 non
1263 1404 1345 1431 am-

61 1447 231 1488 bitiosus
257 1458 400 1496 magno
437 1447 646 1486 aestimata
674 1434 844 1496 proiecit
869 1448 1042 1496 insignia
1069 1448 1348 1497 honoiemque

65 1504 239 1597 gelatum
267 1502 438 1552 repulit?
473 1502 612 1542 Nullus
641 1503 824 1543 adfectus
851 1508 932 1552 est,
958 1504 998 1543 in
1035 1515 1154 1554 quem
1181 1514 1262 1544 non
1290 1505 1350 1543 ira

95 1557 302 1598 ominetur.

448 1702 493 1755 L.
521 1700 702 1757 ANNAEI
730 1702 954 1758 SENECAE

267 1788 761 1874 niAmGoRUM
805 1790 1032 1853 Llssrn
1082 1792 1144 1854 v.

558 1916 616 1949 An
638 1915 848 1951 NOVATUM
886 1960 888 1962 ¹

533 1994 560 2037 n
606 1992 633 2037 E
713 1994 732 2038 l
775 1995 808 2039 R
852 1995 883 2039 A

601 2071 726 2104 Lmen
742 2072 797 2106 111.

41 2275 44 2278 Δ
147 2223 177 2263 1.
210 2222 348 2272 Quod
374 2223 584 2263 maxime
611 2221 950 2270 desiderasti,
976 2221 1185 2272 Novate,
1217 2231 1382 2265 nuncl

68 2278 245 2319 facere
264 2279 787 2329 temptabimus,iram
807 2277 1045 2319 excidere
1065 2280 1246 2320 animis
1265 2287 1348 2320 aut

0 2335 1 2353 ³
71 2340 208 2376 certe
229 2337 491 2376 refrenare
512 2335 783 2386 etinpetus
805 2334 1176 2376 eiusinhibere.
1211 2337 1257 2378 Id
1278 2337 1345 2376 ali-
