1598 2606
277 152 343 194 DE
370 142 646 192 BENEFicns
675 152 769 192 Lm.
785 153 834 192 11.
863 157 1034 193 11—14.
1230 153 1304 194 -21

14 254 15 258 ’
36 259 93 298 ris
113 266 250 297 aurum
278 259 317 294 et
343 254 576 303 margaritas
600 255 805 293 osculatus
826 259 944 294 estet
961 255 1139 305 alioquin
1157 255 1304 295 nullam

40 319 189 365 partem
213 311 253 350 in
280 320 452 360 corpore
478 310 564 348 eius
591 311 811 358 electurus,
843 321 960 359 quam
990 312 1128 360 purius
1149 313 1307 352 oscula·

36 373 185 408 retur?
213 367 342 406 Homo
375 370 491 405 natus
524 365 563 404 in
599 366 696 414 hoc,
725 372 769 404 ut
801 376 934 404 mores
965 366 1114 406 liberae
1137 366 1306 407 civitatis
1324 372 1347 406 2

11 422 195 463 ³Persioa
227 422 416 461 servitute
442 426 629 468 mutaret,
668 432 808 470 parum
841 421 1046 470 iudicavit,
1077 423 1111 462 si
1145 428 1306 463 senator

11 485 14 517 ὲ
37 489 162 519 senex
180 477 392 518 submissis
412 476 634 516 honoribus
656 478 696 515 in
724 481 945 525 conspectu
966 478 1189 527 principum
1209 490 1304 528 sup—

12 548 13 551 *
35 536 130 584 plex
161 534 236 573 sibi
268 543 316 572 eo
348 543 461 572 more
492 532 701 580 iacuisset,
735 542 814 581 quo
834 533 972 572 hostes
998 532 1093 573 victi
1119 533 1306 574 hostibus

34 591 212 630 iacuere:
242 589 393 628 invenit
410 588 562 637 aliquid
581 589 682 626 infra
703 598 853 636 genua,
885 599 964 637 quo
991 588 1212 629 libertatem
1237 590 1307 628 de-

33 646 223 686 truderet.
267 656 348 684 non
363 645 445 683 hoc
465 649 527 683 est
550 644 835 692 rempublicam
862 645 1045 683 calcare?
1075 651 1114 685 et
1133 646 1306 694 quidem,

35 701 141 741 dicet
160 701 324 749 aliquis,
343 710 434 738 nam
453 704 584 748 potest
599 700 651 738 ad
667 709 749 737 rem
767 699 977 748 pertinere,
1000 700 1160 740 sinistro
1176 701 1308 750 pede?

34 768 177 806 parum
195 756 299 794 enim
320 756 439 795 foede
459 756 692 803 furioseque
711 755 890 794 insolens
915 756 1055 803 fuerat,
1077 756 1147 805 qui
1172 757 1223 795 de
1241 767 1306 795 ca·

33 812 116 862 pite
136 812 360 852 consularis
379 811 455 849 viri
475 815 662 850 soccatus
682 811 887 859 audiebat,
915 812 993 850 nisi
1019 812 1059 850 in
1079 822 1126 851 os
1148 809 1307 851 'senato—

33 868 89 907 ris
109 868 348 916 ingessisset
366 866 581 915 imperator
596 867 757 915 epigros
780 877 892 905 suos.

114 923 215 962 X111.
244 922 274 961 Ο
312 923 503 972 superbia
537 932 706 970 magnae
739 922 939 961 fortunae!
979 932 1003 961 o
1035 921 1308 962 stultissimum
1328 928 1347 961 1

33 980 199 1018 malum!
227 982 271 1017 ut
290 989 314 1017 a
331 983 370 1018 te
388 978 484 1016 nihil
503 977 688 1026 accipere
708 978 836 1016 iuvat!
869 983 914 1016 ut
934 987 1050 1016 omne
1069 978 1308 1017 beneficium

33 1035 74 1074 in
95 1033 279 1074 iniuriam
298 1034 516 1072 convertis!
557 1039 601 1072 ut
619 1037 658 1072 te
679 1032 812 1071 omnia
830 1032 950 1071 nimia
969 1033 1185 1072 delectant!
1210 1039 1254 1072 ut
1268 1038 1308 1072 te

33 1090 167 1129 omnia
195 1090 407 1128 dedecent!
447 1099 610 1137 quoque
642 1088 759 1127 altius
787 1092 826 1126 te
859 1087 1097 1137 sublevasti,
1128 1088 1207 1128 hoc
1238 1088 1307 1127 de-

33 1145 215 1194 pressior
245 1155 290 1183 es
324 1144 587 1193 ostendisque
621 1144 691 1182 tibi
717 1154 797 1183 non
827 1145 960 1182 datum
980 1153 1203 1192 agnoscere
1231 1143 1309 1183 ista

31 1199 158 1248 bona,
187 1200 332 1249 quibus
359 1204 509 1239 tantum
537 1198 701 1238 inflaris.
740 1199 931 1247 quicquid
965 1199 1038 1238 das
1067 1198 1307 1248 corrumpis.

31 1255 146 1295 Libet
176 1256 311 1305 itaque
343 1255 608 1304 interrogare,
640 1253 737 1304 quid
771 1266 816 1294 se
845 1259 1053 1303 tantopere
1086 1255 1307 1304 resupinet,
1327 1267 1350 1301 2

35 1311 129 1361 quid
147 1312 299 1350 voltum
317 1311 575 1360 habitumque
600 1310 681 1350 oris
711 1315 929 1359 pervertat,
958 1314 1002 1349 ut
1027 1311 1136 1349 malit
1156 1310 1308 1350 habere

33 1377 248 1416 personam
277 1378 397 1415 quam
425 1363 595 1406 faciem?
637 1366 815 1405 Iucunda
848 1370 959 1413 sunt,
997 1376 1101 1414 quae
1134 1365 1309 1405 humana
1339 1403 1342 1406 ,

33 1423 184 1470 fronte,
213 1427 320 1461 certe
338 1422 418 1461 leni
437 1422 676 1471 placidaque
694 1421 937 1468 tribuuntur,
964 1431 1069 1469 quae
1088 1431 1178 1460 cum
1195 1421 1308 1459 daret

0 1485 1 1505 ³
34 1477 129 1515 mihi
149 1477 351 1526 superior,
370 1489 450 1516 non
471 1477 684 1516 exsultavit
700 1488 823 1526 supra
841 1481 923 1524 m'e,
946 1476 1020 1515 sed
1041 1487 1159 1524 quam
1181 1475 1309 1525 potuit

34 1532 348 1581 benignissimus
376 1532 448 1572 fuit
474 1533 763 1581 descenditque
794 1533 833 1571 in
868 1542 1042 1580 aequum
1069 1536 1109 1570 et
1135 1531 1309 1570 detraxit

35 1587 190 1627 muneri
212 1598 286 1626 suo
313 1599 514 1637 pompam.
561 1587 626 1638 [si]
655 1588 885 1627 observavit
909 1588 1099 1626 idoneum
1133 1592 1305 1636 tempuS,

34 1648 77 1682 ut
95 1643 135 1681 in
156 1643 371 1682 occasione
398 1643 532 1692 potius
565 1654 685 1692 quam
714 1643 753 1681 in
780 1642 1021 1682 necessitate
1041 1647 1307 1682 succurreret.

34 1699 124 1738 Uno
151 1699 271 1738 modo
299 1699 386 1738 istis
413 1699 762 1748 persuadebimus,
797 1709 847 1736 ne
874 1698 1071 1737 beneficia
1098 1709 1172 1737 sua
1199 1698 1306 1737 inso-
1326 1704 1349 1739 3

36 1753 156 1793 lentia
175 1754 365 1803 perdant,
395 1755 430 1793 si
457 1754 747 1793 ostenderimus
775 1765 855 1792 non
882 1754 973 1792 ideo
993 1754 1121 1792 videri
1140 1753 1306 1816 maiora,

26 1804 131 1859 'quia
147 1810 429 1849 tumultuosius
452 1810 544 1849 data
562 1813 667 1848 sunt.
704 1820 755 1848 ne
774 1810 888 1858 ipsos
903 1809 1071 1858 ⁴quidem
1092 1809 1142 1848 ob
1163 1809 1206 1847 id
1225 1820 1307 1847 cui-

39 1875 157 1914 quam
176 1875 302 1914 posse
320 1865 492 1904 maiores
512 1864 652 1903 videri.
698 1875 842 1903 vanam
868 1874 962 1903 esse
989 1865 1206 1913 superbiae
1225 1874 1306 1902 ma-

2 1920 278 1978 „gnitudinem
300 1926 339 1959 et
360 1931 462 1970 quae
482 1921 520 1958 in
541 1920 676 1958 odium
695 1921 812 1959 etiam
832 1920 1004 1958 amanda
1024 1921 1230 1968 perducat.

117 1976 221 2015 XIV.
248 1976 371 2015 Sunt
391 1976 633 2025 quaedam
653 1975 889 2015 nocitura
910 1975 1306 2025 inpetrantibus‚
1331 1987 1348 2019 1

22 2039 168 2080 ‘quae
206 2043 303 2071 non
339 2032 480 2080 dare,
524 2031 613 2069 sed
648 2040 835 2078 negare
871 2031 1182 2070 beneficium
1211 2035 1306 2068 est:

40 2086 420 2126 aestimabimus
453 2087 626 2135 itaque
653 2085 929 2125 utilitatem
965 2087 1138 2135 potius
1169 2096 1308 2134 quam

40 2141 348 2182 voluntatem
376 2143 665 2191 petentium.
704 2151 828 2190 saepe
848 2142 952 2180 enim
972 2141 1093 2180 noxia
1115 2141 1304 2190 concupi-

41 2196 187 2236 scimus
219 2208 294 2236 nec
326 2198 525 2247 dispicere
559 2209 678 2246 quam
710 2196 939 2246 perniciosa
967 2196 1046 2235 sint
1071 2196 1183 2243 licet,
1214 2197 1308 2245 quia

41 2251 227 2292 iudicium
255 2253 479 2303 interpellat
505 2254 700 2292 adfectus.
740 2253 813 2291 sed
833 2263 922 2291 cum
950 2252 1132 2292 subsedit
1154 2251 1306 2302 cupidi-

43 2311 126 2356 taS,
163 2318 253 2348 cum
269 2309 428 2358 inpetus
447 2309 513 2348 ille
531 2308 736 2358 flagrantis
764 2308 903 2356 animi,
935 2308 1003 2358 qui
1022 2308 1229 2348 consilium
1249 2308 1309 2346 fu-
