1624 2626
338 174 471 214 DIAL.
499 175 550 214 V.
578 174 649 215 DE
677 176 770 215 IRA
795 175 892 215 LIB.
922 175 987 215 ΙΙΙ.
1015 183 1128 219 5—7.
1325 176 1380 219 85

89 286 128 319 et
154 280 292 318 furens
320 289 400 318 non
428 276 598 327 primam
625 277 765 317 reiecit
786 278 1100 317 verecundiam?
1128 280 1220 328 quis
1239 280 1379 330 inpetu

14 335 15 381 ζ
89 335 271 375 turbidus
298 339 338 372 et
365 334 404 372 in
429 333 609 383 aliquem
636 343 760 372 ruens
788 344 870 372 non
900 334 1092 383 quicquid
1120 335 1159 373 in
1189 346 1235 375 se
1261 346 1378 376 vere—

11 383 15 412 ;
89 390 210 430 cundi
237 389 395 438 habuit,
423 388 595 428 abiecit?
633 389 697 428 cui
726 387 950 428 officiorum
971 400 1164 430 numerus
1189 397 1256 431 aut
1275 392 1376 432 ordo

88 446 264 487 constitit
289 445 479 485 incitato?
514 445 606 493 quis
635 445 796 493 linguae
821 446 1088 494 temperavit?
1129 446 1221 496 quis
1254 446 1378 487 ullam

87 507 238 550 partem
261 501 444 550 corporis
463 501 617 540 tenuit?
651 501 741 551 quis
761 511 807 540 se
824 510 967 550 regere
991 502 1120 550 potuit
1138 502 1377 543 inmissum?

85 557 268 598 Proderit
290 557 408 597 nobis
428 556 527 604 illud
545 556 763 596 Democriti
782 556 958 596 salutare
985 563 1266 607 praeceptum,
1293 571 1373 608 quo
1389 567 1412 603 3

10 650 11 654 ,
84 618 327 654 monstratur
345 612 623 662 tranquillitas,
647 612 682 652 si
702 614 836 662 neque
856 613 1042 661 privatim
1062 624 1196 663 neque
1215 615 1377 663 publice

9 669 10 672 ’
83 670 208 710 multa
228 674 308 708 vaut
338 669 492 708 maiora
523 668 676 707 viribus
708 667 860 708 nostris
894 669 1109 717 egerimus.
1150 669 1377 719 Numquam

8 748 9 757 ÷
82 731 164 764 tam
191 724 359 764 feliciter
384 725 423 763 in
447 724 572 764 multa
594 724 835 763 discurrenti
854 724 1016 773 negotia
1036 725 1124 765 dies
1142 727 1304 774 transit,
1332 732 1377 766 ut

84 792 165 821 non
185 784 253 820 aut
272 791 326 820 ex
345 780 506 821 homine
525 784 594 818 aut
613 791 666 818 ex
680 791 725 818 re
746 780 906 819 offensa
923 785 1135 830 nascatur,
1164 792 1271 830 quae
1290 782 1373 821 ani-

82 848 190 876 mum
209 835 250 875 in
278 836 359 875 iras
386 840 512 885 paret-
551 836 896 884 Quemadmodum
923 846 997 885 per
1017 837 1244 886 frequentia
1260 838 1373 877 urbis
1390 841 1414 878 4

83 894 175 932 loca
195 891 427 942 properanti
445 892 485 930 in
504 892 650 931 multos
668 892 987 931 incursi-tandum
1010 897 1074 931 est
1092 897 1132 931 et
1152 892 1274 932 aliubi
1293 893 1374 932 labi

83 958 255 988 necesse
281 952 362 994 est,
392 947 513 986 aliubi
540 948 722 996 retineri,
746 947 878 986 ⁴aliubi
902 947 1108 996 respergi:
1147 949 1202 987 ita
1227 945 1267 987 in
1293 949 1374 988 hoc

82 1007 188 1043 vitae
215 1008 307 1043 actu
333 1002 532 1052 dissipa-to
561 1008 600 1042 et
625 1013 730 1051 vago
755 1004 879 1041 multa
904 1002 1197 1052 inpedimenta,
1225 1005 1373 1043 multae

83 1060 272 1110 querelae
290 1059 489 1099 incidunt:
508 1058 610 1097 alius
630 1068 745 1107 spem
760 1063 938 1097 nostram
956 1058 1105 1103 fefellit,
1127 1059 1228 1098 alius
1246 1060 1371 1099 distu-

82 1116 136 1164 lit,
157 1115 264 1154 alius
278 1114 497 1163 intercepit.
526 1124 606 1152 non
629 1124 680 1153 ex
701 1114 899 1153 destinato
923 1114 1134 1162 proposita
1153 1114 1371 1154 fluxerunt.

79 1170 183 1210 Nulli
208 1171 367 1210 fortuna
394 1175 474 1209 tam
502 1169 639 1209 dedita
666 1175 745 1218 est,
764 1175 809 1209 ut
833 1169 960 1208 multa
988 1172 1194 1218 temptanti
1225 1171 1410 1221 ubique5

78 1226 347 1276 respondeat:
377 1226 559 1275 sequitur
579 1236 688 1275 ergo,
709 1230 753 1265 ut
772 1226 808 1265 is
829 1226 893 1264 eui
914 1230 1054 1264 contra
1075 1237 1193 1275 quam
1220 1237 1369 1276 propo—

80 1287 232 1331 suerat,
265 1283 400 1331 aliqua
431 1286 660 1328 cesserunt,
694 1281 894 1331 inpatiens
922 1281 1128 1321 hominum
1154 1293 1372 1332 rerumque

81 1339 150 1387 sit,
179 1349 231 1377 ex
256 1337 472 1377 levissimis
502 1337 639 1377 causis
661 1337 859 1388 irascatur
879 1348 987 1376 nunc
1013 1348 1234 1386 personae,
1263 1350 1371 1378 nunc

80 1395 262 1443 negotio,
283 1404 389 1433 nunc
409 1395 522 1442 loco,
553 1403 659 1432 nunc
680 1394 1014 1442 fortunae,=nunc
1034 1393 1124 1432 sibi.
1167 1394 1308 1444 ltaque
1330 1400 1374 1435 ut
1388 1399 1410 1436 6

82 1449 241 1499 quietus
269 1450 401 1499 possit
427 1460 520 1489 esse
550 1450 730 1498 animus,
759 1459 840 1488 non
861 1454 924 1488 est
942 1449 1153 1488 iactandus
1173 1460 1250 1489 nec
1269 1452 1371 1490 mul·

83 1511 229 1551 tarum,
263 1511 306 1545 ut
341 1506 442 1554 dixi,
476 1516 609 1544 rerum
643 1511 736 1545 actu
768 1505 997 1553 fatigandus
1032 1515 1106 1544 nec
1135 1516 1372 1554 magnarum

82 1571 287 1609 supraque
312 1561 420 1599 vires
450 1561 726 1610 adpetitarum.
763 1561 899 1600 Facile
919 1565 982 1600 est
999 1559 1105 1599 levia
1123 1566 1264 1610 aptare
1283 1572 1370 1601 cer·

82 1615 236 1655 vicibus
257 1621 297 1655 et
314 1615 354 1654 in
374 1616 477 1655 hanc
498 1622 566 1662 aut
582 1617 689 1656 illam
709 1622 864 1666 partem
883 1617 1102 1656 transferre
1122 1618 1211 1656 sine
1229 1618 1368 1667 lapsu:

82 1677 122 1710 at
151 1682 256 1720 quae
287 1671 427 1710 alienis
454 1672 494 1710 in
519 1684 596 1712 nos
622 1673 807 1712 manibus
835 1673 1015 1722 inposita
1043 1682 1166 1720 aegre
1194 1674 1369 1713 sustine-

80 1738 182 1775 mus,
204 1726 298 1765 victi
317 1727 357 1765 in
379 1727 836 1775 proximoeffundimus.
867 1728 985 1768 etiam
1005 1727 1100 1766 dum
1119 1732 1271 1768 stamus
1293 1729 1368 1769 sub

81 1783 252 1830 sarcina,
271 1782 433 1831 inpares
454 1784 565 1822 oneri
583 1784 830 1823 vacillamus.

162 1838 248 1877 Vll.
278 1838 389 1876 Idem
417 1838 602 1877 accidere
629 1839 667 1877 in
694 1839 817 1878 rebus
845 1840 1029 1879 civilibus
1058 1851 1107 1880 ac
1134 1838 1367 1879 domesticis
1384 1843 1405 1878 1

82 1893 202 1932 scias.
245 1893 413 1942 Negotia
445 1894 634 1942 expedita
665 1899 705 1933 et
738 1894 887 1934 habilia
914 1899 1140 1944 sequuntur
1169 1901 1366 1934 actorem:

80 1949 255 1998 ingentia
281 1954 320 1988 et
348 1960 474 1998 supra
500 1960 726 1988 mensuram
757 1951 933 1999 gerentis
964 1962 1039 1989 nec
1068 1951 1164 1989 dant
1182 1961 1229 1988 se
1249 1951 1367 1991 facile

81 2009 140 2053 et,
169 2005 204 2044 si
231 2010 430 2054 occupata
460 2010 570 2051 sunt,
606 2011 789 2054 premunt
817 2011 939 2055 atque
966 2006 1173 2044 abducunt
1199 2006 1366 2046 admini-

81 2065 272 2099 strantem
290 2060 500 2109 tenerique
524 2061 601 2099 iam
620 2061 711 2100 visa
737 2072 827 2100 cum
850 2061 941 2110 ipso
963 2062 1128 2100 cadunt:
1163 2062 1218 2100 ita
1235 2062 1297 2110 fit,
1321 2068 1366 2102 ut

81 2117 310 2165 frequenter
328 2116 444 2155 inrita
469 2116 522 2155 sit
548 2117 635 2155 eius
661 2116 864 2164 voluntas,
901 2118 968 2166 qui
995 2128 1076 2156 non
1105 2127 1209 2166 quae
1233 2118 1366 2157 facilia

81 2177 174 2211 sunt
192 2172 441 2221 adgreditur,
461 2172 537 2211 sed
558 2173 642 2211 vult
663 2172 793 2211 facilia
813 2183 907 2211 esse
929 2182 1033 2221 quae
1049 2173 1268 2222 adgressus
1289 2179 1363 2213 est.

82 2226 272 2275 Quotiens
299 2227 448 2276 aliquid
481 2227 716 2275 conaberis,
748 2233 786 2267 te
812 2228 932 2267 simul
966 2232 1006 2266 et
1032 2239 1214 2277 eaquae
1241 2236 1400 2278 paras2

82 2283 309 2332 quibusque
336 2284 492 2332 pararis
515 2284 605 2332 ipse
631 2284 782 2322 metire.
831 2284 950 2322 faciet
976 2283 1080 2323 enim
1107 2289 1147 2323 te
1175 2287 1370 2334 asperum

80 2339 325 2387 poenitentia
353 2340 488 2389 operis
516 2339 665 2379 infecti.
709 2339 787 2379 hoc
820 2338 984 2380 interest
1016 2344 1148 2380 utrum
1174 2341 1265 2391 quis
1286 2341 1364 2380 fer·
