1592 2580
255 167 438 208 NATUR.
459 166 672 216 QUAEST.
701 167 796 206 LlB.
813 167 897 206 V11.
923 171 1098 209 30—32.
1236 166 1316 208 317

35 282 116 311 non
147 269 371 319 promiscue
397 278 473 306 nec
494 267 678 307 omnibus
701 272 856 316 patent:
886 267 1052 307 reducta
1071 272 1111 306 et
1128 267 1316 306 interiore

36 327 213 366 sacrario
241 326 378 363 clausa
407 329 511 363 sunt.
555 335 604 361 ex
626 323 771 372 quibus
795 323 903 362 aliud
923 323 1023 362 haec
1044 328 1176 370 aetas,
1207 324 1315 362 aliud

38 393 142 432 quae
163 386 254 430 post
273 391 348 418 nos
369 380 535 426 subibit,
566 379 760 427 dispiciet.

114 437 248 476 XXXI.
288 436 454 483 Quando
484 445 580 483 ergo
608 434 685 473 ista
714 435 752 472 in
773 433 949 472 notitiam
969 441 1147 474 nostram
1169 435 1348 484 perdit-J

36 497 200 532 centur?
239 492 367 530 Tarde
388 501 531 539 magna
551 490 810 539 proveniunt,
830 490 968 539 utique
988 490 1023 529 si
1039 491 1152 530 labor
1168 497 1313 530 cessat.

34 549 79 588 ld
106 548 215 597 quod
243 558 363 586 unum
393 552 477 585 toto
501 547 655 594 agimus
677 546 828 593 animo,
858 546 1036 584 nondum
1058 547 1314 595 perfecimus,

33 609 74 643 ut
95 603 261 652 pessimi
281 613 477 641 essemus.
515 601 646 640 adhuc
667 602 704 639 in
728 612 927 650 processu
949 602 1042 640 vitia
1063 608 1174 642 sunt:
1205 603 1312 641 inve-

0 701 1 709 *
33 659 90 698 nit
115 659 272 698 luxuria
296 658 447 707 aliquid
475 658 589 706 novi,
617 657 657 695 in
681 658 790 706 quod
811 657 993 697 insaniat.
1031 658 1181 697 invenit
1199 659 1312 707 inpu—

0 711 1 730 ³
33 714 166 754 dicitia
186 725 329 752 novam
353 714 633 752 contumeliam
653 713 741 752 sibi.
771 714 920 752 invenit
935 714 1165 753 deliciarum
1182 714 1312 753 disso-

33 771 127 809 lutio
157 775 197 808 et
226 770 338 808 tabes
368 769 518 818 aliquid
545 768 721 807 tenerius
754 769 1014 818 molliusque,
1052 781 1132 819 quo
1164 775 1313 819 pereat.

31 826 214 865 Nondum
246 826 343 864 satis
369 825 494 864 robur
521 835 638 863 omne
666 825 932 873 proiecimus:
966 826 1098 864 adhuc
1126 827 1316 875 quicquid
1333 833 1353 865 2

33 886 94 920 est
118 881 213 919 boni
242 882 385 928 moris,
421 880 712 929 exstinguimus
739 881 923 920 laevitate
951 887 989 919 et
1023 883 1194 931 politura
1227 893 1311 920 cor⁴

31 948 187 986 porum.
231 937 447 975 muliebres
469 936 682 975 munditias
704 938 1009 975 antecessimus.
1054 939 1212 976 colores
1232 948 1312 976 me-

31 993 212 1032 retricios
239 993 430 1031 matronis
459 992 621 1041 quidem
649 1003 728 1031 non
758 993 985 1032 induendos
1007 994 1080 1031 viri
1106 994 1312 1032 sumimus.

29 1053 167 1087 tenero
188 1054 228 1087 et
245 1048 353 1086 molli
373 1049 536 1087 incessu
557 1048 843 1096 suspendimus
863 1049 1048 1097 gradum:
1077 1061 1156 1088 non
1178 1049 1314 1087 ambu-

30 1104 178 1151 lamus,
200 1104 273 1143 sed
289 1104 524 1143 incedimus.
563 1114 805 1143 exornamus
821 1104 950 1142 anulis
968 1105 1131 1153 digitos,
1153 1105 1191 1143 in
1208 1105 1314 1144 omni

32 1155 196 1199 articulo
231 1170 426 1208 gemmam
461 1159 728 1208 disponimus.
789 1161 934 1198 cotidie
977 1161 1353 1207 conminiscimur‚3

32 1226 105 1265 per
136 1226 238 1263 quae
269 1215 439 1254 virilitati
466 1216 535 1254 fiat
561 1216 722 1262 iniuria,
759 1220 803 1253 111
829 1216 1071 1263 traducatur,
1112 1217 1204 1266 quia
1234 1228 1314 1255 non

32 1276 166 1322 potest
191 1270 303 1311 exui:
334 1272 436 1310 alius
464 1271 650 1320 genitalia
677 1271 844 1315 excidit,
875 1272 975 1310 alius
1006 1273 1043 1310 in
1069 1273 1315 1311 obscoenam

32 1333 184 1378 partem
205 1328 288 1366 ludi
311 1327 411 1376 fugit
431 1333 469 1366 et
488 1329 643 1366 locatus
665 1327 716 1365 ad
736 1332 902 1365 mortem
924 1328 1108 1367 infamem
1128 1332 1314 1366 armatur.

32 1395 184 1432 egenus
207 1384 323 1423 etiam
344 1383 382 1421 in
405 1393 484 1431 quo
507 1383 687 1421 morbum
710 1394 825 1421 suum
847 1389 1053 1430 exerceat,
1084 1384 1189 1432 legit.

115 1439 269 1478 XXXII.
314 1438 491 1485 Miraris,
536 1439 569 1476 si
611 1438 825 1490 nondum
868 1439 1130 1487 sapientia
1174 1446 1349 1478 omnel

33 1506 162 1544 opus
199 1505 338 1533 suum
376 1493 628 1542 inplevit?
671 1494 886 1532 nondum
918 1499 1024 1533 tota
1054 1505 1107 1534 se
1135 1496 1313 1544 nequi-

6 1580 13 1588 ,
32 1551 104 1590 tia
134 1550 357 1599 protulit.
394 1550 526 1588 adhuc
546 1549 724 1587 nascitur
743 1555 782 1588 et
801 1549 891 1588 huic
908 1561 1048 1588 omnes
1065 1561 1230 1599 operam
1246 1551 1314 1589 da-

33 1616 143 1644 mus:
171 1606 261 1644 hnic
282 1606 384 1644 oculi
408 1605 552 1652 nostri,
580 1605 672 1643 111110
692 1615 833 1643 manns
854 1605 1053 1644 serviunt:
1086 1606 1137 1644 ad
1156 1607 1314 1656 sapien-

34 1662 126 1699 tiam
156 1662 246 1710 quis
276 1660 459 1699 accedit?
503 1661 592 1708 quis
623 1660 783 1709 dignam
812 1661 978 1708 iudicat,
1016 1662 1091 1700 nisi
1123 1674 1242 1710 quam
1275 1662 1312 1700 in

34 1716 203 1756 transitu
229 1717 411 1756 noverit?
453 1716 542 1765 quis
578 1716 874 1764 philosophiam
903 1722 970 1754 aut
1001 1718 1122 1755 ullum
1152 1717 1316 1756 liberale

33 1772 199 1820 respicit
218 1772 410 1819 studium,
442 1772 518 1810 nisi
539 1782 627 1810 cum
649 1772 731 1810 ludi
747 1772 1039 1820 intercalantur,
1062 1783 1152 1812 cum
1168 1773 1314 1822 aliquis

36 1828 198 1876 pluvius
227 1828 436 1867 intervenit
463 1827 569 1874 dies,
601 1838 718 1875 quem
741 1828 912 1876 perdere
932 1828 1054 1878 libet?
1099 1829 1238 1878 Itaque
1259 1831 1353 1867 t0t2

37 1883 209 1922 familiae
224 1883 558 1932 philosophorum
575 1884 661 1921 sine
678 1893 918 1922 successore
929 1881 1136 1923 deficiunt:
1156 1885 1314 1924 Acade—

36 1939 128 1978 mici
153 1944 192 1977 et
216 1944 374 1977 veteres
402 1943 441 1977 et
459 1939 635 1977 minores
656 1939 804 1977 nullum
825 1939 1037 1978 antistitem
1058 1941 1314 1988 reliquerunt.

39 1994 128 2042 quis
147 2000 208 2033 est
225 1995 293 2043 qui
313 1994 442 2032 tradat
461 1999 677 2042 praecepta
692 1994 938 2044 Pyrrhonis?
971 1995 1238 2045 Pythagorica
1251 1997 1317 2034 illa

39 2047 237 2088 invidiosa
250 2050 390 2088 turbae
408 2049 547 2087 schola
565 2055 866 2098 praeceptorem
880 2061 958 2088 non
977 2051 1137 2089 invenit.
1159 2050 1313 2090 Sextio·

39 2113 127 2142 rum
153 2114 258 2143 nova
284 2110 323 2143 et
349 2105 518 2143 Romani
546 2105 704 2144 roboris
725 2111 836 2144 secta
854 2106 956 2145 inter
975 2106 1084 2145 initia
1103 2117 1196 2154 sua,
1226 2117 1316 2145 cum

41 2168 185 2206 magno
211 2160 348 2209 inpetu
376 2160 598 2208 coepisset,
628 2161 824 2199 exstincta
850 2166 924 2199 est.
970 2164 1023 2200 At
1046 2167 1194 2210 quanta
1222 2167 1354 2201 cura3

42 2213 252 2262 laboratur,
277 2227 327 2254 ne
344 2216 456 2254 cuius
474 2217 704 2264 pantomimi
720 2227 863 2254 nomen
881 2216 1121 2256 intercidat?
1147 2223 1224 2256 stat
1245 2228 1316 2266 per

44 2277 302 2309 successores
336 2271 499 2321 Pyladis
533 2276 571 2309 et
602 2271 774 2322 Bathylli
809 2272 964 2311 domus.
1007 2272 1151 2310 harum»
1174 2273 1316 2312 artium

29 2323 153 2372 ,multi
182 2323 363 2374 discipuli
398 2332 490 2369 sunt
519 2326 711 2376 multique
745 2327 954 2367 doctores:
991 2327 1188 2376 privatum
1219 2327 1315 2366 urbe
