1592 2580
316 178 397 220 302
688 178 733 218 L.
757 177 945 217 ANNAEI
972 178 1196 219 SENECAE

312 283 457 316 tarum=
493 275 646 315 illorum
671 275 836 325 rapidus
862 286 911 314 ac
935 275 1130 317 violentus
1150 284 1189 318 et
1207 278 1306 327 ipsis
1326 281 1452 320 ventis
1472 282 1565 321 cita-

315 332 391 370 tior
423 335 502 377 est‚
537 335 775 369 cometarum
807 331 906 375 lenis
939 337 978 370 et
1009 332 1076 380 qui
1107 343 1178 381 per
1204 335 1305 372 diem
1332 342 1566 384 noctemque

315 391 505 434 quantum
531 385 728 424 transierit
759 386 980 424 abscondit.
1030 387 1180 425 Deinde
1210 389 1404 427 turbinum
1435 395 1564 430 motus

313 450 440 488 vagus
467 444 528 478 est
553 444 592 478 et
617 440 806 478 disiectus
832 445 888 486 et,
918 445 960 478 ut
987 439 1146 478 Salustii
1172 446 1258 480 utar
1275 444 1425 492 verbis,
1454 455 1565 482 ver-

313 495 529 542 ticosus,
567 500 806 532 cometarum
838 499 967 532 autem
1000 496 1230 543 conpositus
1263 501 1302 535 et
1331 498 1566 537 destinatum

276 548 298 583 3
314 549 386 587 iter
401 559 582 596 carpens.
610 549 708 586 Num
721 550 809 597 quis
819 554 995 587 nostrum
1010 550 1218 589 accederet
1232 551 1362 590 lunam
1376 558 1442 592 aut
1454 554 1565 601 quin-

314 613 393 652 que
419 604 550 641 sidera
576 603 663 651 rapi
688 608 806 642 vento
833 608 901 641 aut
924 603 1076 642 turbine
1094 605 1239 643 rotari?
1274 616 1372 654 non,
1397 613 1439 646 ut
1457 614 1565 655 puto.

314 662 466 706 quare?
500 657 592 705 quia
611 669 690 695 non
709 663 770 696 est
787 658 862 696 illis
883 658 1134 705 perturbatus
1154 666 1191 698 et
1208 660 1391 707 inpotens
1412 671 1564 701 cursus.

313 711 362 749 ad
392 717 565 750 cometas
590 712 692 750 idem
712 713 1015 751 transferamuse
1053 723 1130 752 non
1152 715 1317 753 confuse
1336 726 1408 754 nec
1426 718 1564 755 tumul-

312 772 427 804 tuose
454 771 566 812 eunt,
593 771 636 804 ut
659 767 803 815 aliquis
832 767 967 805 credat
993 768 1082 806 illos
1110 768 1242 807 causis
1268 770 1499 809 turbulentis
1527 777 1566 810 et

277 825 300 858 4
313 820 624 859 inconstantibus
645 821 749 869 pelli.
793 822 944 860 Deinde
963 823 1114 860 etiamsi
1128 824 1296 862 vertices
1315 825 1379 862 isti
1399 835 1563 873 conpre-

312 875 485 913 hendere
511 880 665 914 terrena
691 875 930 924 humidaque
951 882 989 915 et
1010 887 1060 914 ex
1083 876 1217 916 humili
1236 879 1275 916 in
1297 879 1415 916 altum
1435 880 1564 927 expri-

312 941 420 968 mere
458 934 644 978 possent,
679 941 760 969 non
797 935 927 968 tamen
968 942 1089 979 supra
1128 932 1260 970 lunam
1291 932 1564 980 efferrent[ur].

313 985 439 1024 omnis
467 985 541 1023 illis
561 995 692 1033 usque
717 985 755 1023 in
783 985 958 1024 nubilum
977 986 1039 1024 vis
1061 991 1138 1025 est:
1168 991 1340 1025 cometas
1361 992 1487 1026 autem
1507 988 1563 1026 in-

312 1040 457 1078 mixtos
481 1040 603 1078 stellis
627 1040 805 1078 videmus
827 1050 897 1088 per
916 1040 1121 1088 superiora
1139 1042 1329 1080 labentes.
1374 1042 1477 1090 Ergo
1497 1053 1562 1081 ve-

311 1093 473 1132 risimile
497 1105 573 1132 non
595 1100 655 1134 est
674 1095 712 1132 in
731 1099 880 1132 tantum
899 1096 1066 1143 spatium
1086 1106 1342 1143 perseverare
1361 1097 1563 1146 turbinem,

313 1150 380 1197 qui
400 1159 478 1196 quo
498 1149 623 1187 maior
642 1155 721 1195 est,
750 1149 937 1187 maturius
959 1151 1231 1198 corrumpitur.

276 1212 292 1244 1
388 1203 452 1241 IX.
488 1203 722 1241 Utrumlibet
747 1204 878 1251 itaque
905 1204 1039 1251 eligat:
1076 1210 1140 1243 aut
1161 1204 1259 1242 levis
1278 1205 1339 1243 vis
1358 1207 1564 1244 intantum

311 1257 517 1305 pervenire
542 1267 622 1295 non
642 1258 802 1306 poterit,
831 1263 896 1296 aut
914 1268 1055 1305 magna
1073 1264 1111 1297 et
1130 1259 1323 1298 concitata
1342 1260 1456 1297 citius
1474 1260 1564 1307 ipsa

310 1322 355 1350 se
375 1312 538 1358 franget.
582 1311 789 1350 Praeterea
808 1311 1033 1350 humiliores
1057 1313 1110 1351 illi
1132 1317 1308 1352 cometae
1329 1313 1378 1351 ob
1398 1313 1493 1361 hoc,
1521 1318 1563 1352 ut

311 1370 463 1414 putant,
494 1377 574 1404 non
602 1370 746 1404 exeunt
772 1366 908 1413 altius,
938 1367 1029 1414 quia
1054 1368 1144 1415 plus
1172 1369 1315 1406 terreni
1333 1368 1478 1406 habent
1497 1371 1560 1414 [et]

309 1420 480 1469 gravitas
500 1419 589 1459 illos
608 1430 680 1458 sua
700 1421 737 1458 in
758 1421 937 1468 proximo
957 1426 1081 1459 tenet:
1110 1421 1218 1469 atqui
1236 1432 1403 1460 necesse
1422 1427 1482 1460 est
1500 1422 1561 1460 his

310 1476 474 1513 cometis
501 1475 828 1522 diuturnioribus,
866 1475 1099 1514 celsioribus
1133 1477 1287 1524 plenior
1311 1477 1471 1514 materia
1499 1477 1560 1515 sit.

308 1539 439 1577 neque
458 1530 560 1568 enim
580 1530 724 1567 diutius
743 1529 997 1578 adparerent‚
1028 1529 1104 1568 nisi
1122 1531 1334 1570 maioribus
1353 1531 1560 1569 nutrimen-

273 1591 294 1624 2
310 1584 357 1622 tis
378 1585 674 1622 sustinerentur.
720 1583 906 1622 Dicebam
925 1585 1043 1624 modo
1063 1596 1140 1624 non
1158 1595 1280 1632 posse
1294 1586 1478 1623 verticem
1495 1585 1561 1623 diu

311 1648 539 1686 permanere
559 1648 632 1676 nec
651 1649 773 1686 supra
791 1638 922 1677 lunam
940 1644 1007 1677 aut
1020 1650 1149 1687 usque
1164 1640 1203 1677 in
1218 1641 1416 1679 stellarum
1431 1641 1561 1690 locum

309 1703 501 1731 crescere.
540 1703 682 1741 nempe
702 1693 821 1731 efficit
838 1694 1031 1732 turbinem
1050 1694 1221 1742 plurium
1240 1699 1443 1732 ventorum
1462 1694 1560 1732 inter

308 1747 420 1794 ipsos
439 1748 618 1787 luctatio:
648 1747 746 1785 haec
764 1748 827 1785 diu
849 1759 926 1787 non
947 1753 1079 1796 potest
1097 1758 1206 1787 esse.v
1229 1759 1320 1787 nam
1335 1759 1421 1787 cum
1436 1758 1558 1796 vagus

308 1806 346 1839 et
378 1802 549 1840 incertus
578 1802 739 1850 spiritus
772 1803 1017 1841 conluctatus
1050 1807 1128 1851 est,
1162 1802 1378 1842 novissime
1404 1802 1471 1841 uni
1497 1803 1557 1840 vis

270 1860 293 1895 3
310 1856 480 1894 omnium
508 1856 623 1896 cedit.
670 1857 784 1896 Nulla
807 1861 937 1895 autem
961 1862 1175 1906 tempestas
1194 1868 1336 1906 magna
1355 1858 1556 1905 perdurat:

307 1911 506 1959 procellae
531 1916 676 1959 quanto
704 1911 794 1959 plus
821 1911 965 1951 habent
989 1912 1147 1958 virium,
1178 1917 1282 1950 tanto
1309 1913 1436 1950 minus
1461 1916 1556 1949 tem-

308 1965 430 2014 poris.
457 1966 563 2004 venti
583 1976 671 2004 cum
689 1965 740 2003 ad
755 1976 949 2004 summum
965 1971 1171 2015 venerunt,
1197 1967 1440 2005 remittuntur
1453 1965 1557 2003 omni

306 2020 511 2058 violentia:
540 2030 708 2059 necesse
727 2026 787 2059 est
805 2020 894 2068 ipsa
908 2021 1165 2060 concitatione
1184 2020 1222 2060 in
1238 2021 1382 2059 exitum
1397 2020 1459 2058 sui
1476 2025 1556 2058 ten-

307 2074 412 2113 dant.
448 2084 564 2113 nemo
591 2075 723 2123 itaque
748 2074 940 2113 turbinem
959 2079 1040 2114 toto
1062 2076 1125 2114 die
1144 2075 1256 2123 vidit,
1285 2085 1334 2113 ne
1355 2074 1454 2113 hora
1472 2074 1555 2122 qui-

307 2128 416 2167 dem:
443 2128 541 2168 mira
559 2130 748 2167 velocitas
769 2129 854 2167 eius
874 2134 913 2168 et
934 2130 1032 2168 mira
1049 2130 1221 2168 brevitas
1236 2133 1307 2168 est.
1350 2128 1557 2167 Praeterea

307 2183 513 2222 violentius
543 2184 788 2231 celeriusque
815 2184 919 2222 circa
943 2188 1086 2222 terram
1112 2188 1150 2222 et
1178 2185 1216 2221 in
1242 2188 1347 2221 terra
1367 2184 1553 2222 volvitur:

308 2248 387 2284 quo
415 2238 569 2285 celsior,
598 2248 646 2276 eo
673 2238 838 2277 solutior
862 2239 1069 2287 laxiorque
1095 2242 1155 2276 est
1179 2242 1218 2276 et
1243 2237 1294 2277 ob
1315 2237 1391 2276 hoc
1414 2237 1554 2276 diffun—

267 2291 420 2331 4ditur.
473 2293 598 2332 Adice
625 2302 745 2342 nunc,
783 2294 890 2342 quod
921 2293 1071 2332 etiamsi
1101 2292 1141 2333 in
1174 2303 1367 2333 summum
1399 2296 1554 2343 perten-
