1592 2580
340 171 406 211 DE
432 170 713 211 BENEmcns
743 169 839 210 L113.
854 172 904 210 v.
933 176 967 211 6.
987 177 1021 213 7.
1184 213 1189 222 ,
1277 169 1330 210 91

18 267 19 274 ’
45 273 238 322 omnium,
272 272 445 312 maxime
479 272 722 322 potentium,
756 272 896 312 maluit
927 272 984 311 illi
1010 277 1154 312 nasute
1183 281 1333 321 negare

15 354 16 357 =
45 341 164 379 quam
193 328 480 368 contumaciter
505 333 574 367 aut
593 329 791 379 superbe:
822 329 922 368 dixit
941 339 987 367 se
1007 330 1116 368 nolle
1134 327 1334 367 beneficia

14 382 15 418 ἕ
44 387 95 425 ab
126 396 176 425 eo
203 385 410 434 accipere,
440 384 503 423 cui
531 395 614 424 non
642 390 786 434 posset
812 384 927 434 paria
955 385 1143 423 reddere.
1189 384 1334 423 Timuit

44 444 235 489 fortasse,
262 451 313 479 ne
342 445 554 489 cogeretur
582 442 790 490 accipere,
818 451 923 490 quae
943 441 1078 480 nollet.
1115 439 1261 487 timuit,
1281 450 1333 477 ne

45 497 143 547 quid
160 496 366 545 indignum
382 496 550 536 Socrate
571 497 786 546 acciperet.
822 497 939 536 Dicet
955 496 1122 546 aliquis:
1152 506 1331 545 „negas-
1354 500 1375 536 7

43 558 126 600 set,
146 552 183 591 si
201 553 361 592 vellet.“
392 551 475 591 Sed
495 553 731 601 instigasset
749 553 789 590 in
809 562 855 592 se
876 562 1011 601 regem
1032 552 1272 591 insolentem
1294 556 1334 589 et

44 609 177 650 omnia
203 619 278 647 sua
302 618 448 657 magno
476 608 679 647 aestimari
701 609 913 647 volentem.
950 608 1047 647 nihil
1067 608 1119 646 ad
1137 618 1222 646 rem
1244 618 1333 656 per-

41 666 157 713 tinet,
179 668 309 704 utrum
328 665 426 703 dare
440 664 591 713 aliquid
606 664 694 713 regi
709 664 814 703 nolis
833 675 884 703 an
901 664 1087 712 accipere
1105 673 1130 702 a
1147 674 1263 712 rege:
1293 663 1334 701 in

0 739 5 771 ,¹
44 731 176 770 aequo
210 725 423 769 utramque
459 721 572 769 ponit
603 721 831 769 repulsam,
873 724 913 759 et
949 719 1128 768 superbo
1163 719 1335 758 fastidiri

0 785 3 795 ⁷
45 776 232 815 acerbius
249 781 312 815 est
328 786 447 824 quam
466 788 548 816 non
566 776 710 816 timeri.
735 776 809 814 Vis
827 776 952 823 scire,
970 775 1068 824 quid
1081 785 1179 814 vere
1192 775 1334 815 volue-

44 831 122 871 rit?
148 831 276 870 noluit
296 832 355 870 ire
374 832 427 870 ad
446 833 712 871 voluntariam
734 832 970 871 servitutem
990 832 1046 878 is,
1075 832 1192 871 cuius
1213 830 1334 870 liber-

44 893 164 927 tatern
184 887 323 926 civitas
343 887 470 926 libera
487 889 592 927 ferre
609 899 692 927 non
712 888 854 937 potuit.

127 943 213 981 VII.
245 942 372 991 Satis,
392 948 436 982 ut
455 944 662 992 existimo,
682 944 787 982 hanc
809 948 963 992 partem
981 943 1263 990 tractavimus,
1284 953 1334 981 an
1358 948 1375 980 ι

44 1005 162 1048 turpe
189 1004 299 1038 esset
324 999 534 1039 beneficiis
563 1000 681 1038 vinci.
721 1000 833 1049 quod
861 1000 930 1048 qui
950 999 1126 1048 quaerit,
1159 999 1235 1037 scit
1254 1009 1335 1037 non

46 1055 180 1094 solere
206 1054 390 1094 homines
422 1055 498 1094 sibi
523 1056 639 1104 ipsos
666 1054 907 1094 beneficium
927 1055 1045 1094 dare:
1079 1054 1333 1094 manifestum

46 1111 152 1149 enim
170 1110 314 1149 fuisset
332 1121 413 1150 non
433 1121 528 1150 esse
546 1116 662 1160 turpe
680 1122 706 1150 a
724 1121 770 1150 se
789 1111 923 1160 ipsum
937 1111 1057 1148 vinci.
1086 1109 1211 1159 Atqui
1226 1111 1336 1159 apud
1357 1114 1381 1148 Ξ

47 1166 247 1215 quosdam
268 1165 428 1206 Stoicos
449 1167 558 1206 etde
580 1167 658 1207 hoc
687 1166 918 1215 ambigitur:
955 1177 1015 1205 an
1045 1166 1216 1215 possit
1243 1167 1334 1204 ali-

0 1251 6 1253 -
48 1223 160 1270 quis
192 1221 294 1260 sibi
321 1222 629 1262 beneficium
656 1223 790 1262 dare.
828 1233 888 1261 an
916 1222 1105 1261 debeat
1134 1222 1336 1260 referre

47 1276 148 1316 sibi
175 1278 405 1326 gratiam.
458 1279 568 1327 quod
589 1284 630 1318 ut
648 1278 853 1317 videretur
875 1278 1170 1327 quaerendum,
1192 1277 1261 1316 illa
1279 1278 1335 1316 fe-

47 1339 208 1372 cerunt:
229 1334 408 1373 solemus
428 1334 562 1373 dicere
574 1350 584 1370 :
600 1336 755 1383 qratias
772 1335 869 1373 mihi
885 1345 961 1383 ayo
983 1339 1022 1372 et
1034 1335 1084 1373 de
1101 1335 1209 1373 nullo
1225 1336 1339 1382 queri

41 1400 200 1439 possum
225 1391 303 1428 alio
331 1401 448 1438 quam
475 1391 526 1430 de
551 1402 634 1430 me:
669 1401 740 1439 eqo
766 1391 863 1429 mihi
887 1392 1042 1429 irascor
1073 1395 1112 1428 et
1134 1400 1206 1437 eqo
1230 1401 1256 1428 a
1277 1401 1338 1428 me

38 1455 191 1495 poenas
209 1447 366 1492 exiqam
386 1450 425 1483 et
442 1447 510 1485 odi
524 1457 596 1485 me.
629 1447 751 1484 multa
771 1450 981 1494 praeterea
999 1445 1245 1493 huiusmodi,
1265 1455 1339 1494 per

50 1509 156 1549 quae
189 1500 474 1549 unusquisque
507 1502 558 1540 de
594 1512 641 1540 se
671 1497 877 1550 tamquam
911 1502 962 1540 de
990 1502 1116 1540 altero
1145 1501 1336 1553 loquitur.

48 1554 129 1603 „Si
157 1565 327 1603 nocere,
360 1556 510 1605 inquit,
539 1557 634 1595 mihi
655 1568 845 1606 possum,
882 1567 1007 1605 quare
1026 1567 1107 1595 non
1128 1561 1167 1595 et
1185 1557 1337 1595 benefi—
1357 1564 1380 1598 3

50 1610 152 1650 cium
172 1610 267 1649 mihi
287 1611 382 1649 dare
402 1613 585 1660 possim?
611 1612 823 1652 Praeterea
843 1623 969 1661 quae,
990 1613 1025 1651 si
1044 1613 1083 1650 in
1103 1612 1224 1651 alium
1243 1623 1337 1651 con-

47 1666 257 1714 tulissem,
300 1666 498 1706 beneficia
523 1674 784 1716 vocarentur,
829 1679 973 1717 quare,
1016 1667 1052 1706 si
1081 1668 1121 1707 in
1148 1678 1213 1706 me
1244 1678 1338 1707 con-

48 1722 138 1770 tuti,
171 1733 254 1762 non
274 1722 382 1762 sint?
422 1723 532 1771 quod
559 1725 594 1763 si
614 1724 664 1763 ab
684 1724 810 1763 altero
832 1724 1104 1772 accepissem,
1135 1724 1336 1771 deberem,

51 1788 176 1828 quare
203 1778 238 1817 si
258 1778 354 1817 mihi
375 1779 464 1828 ipse
485 1779 604 1826 dedi,
626 1790 707 1818 non
727 1780 926 1818 debeam?
954 1790 1078 1829 quare
1099 1780 1173 1818 sim
1195 1781 1338 1819 adver-

50 1845 122 1874 sus
145 1844 209 1872 me
228 1834 428 1883 ingratus,
459 1835 571 1883 quod
598 1846 679 1875 non
706 1835 838 1874 minus
866 1840 983 1884 turpe
1005 1839 1069 1874 est
1089 1846 1211 1884 quam
1229 1836 1269 1882 in
1293 1847 1340 1875 se

51 1889 260 1930 sordidum
287 1900 381 1929 esse
414 1895 454 1929 et
478 1891 517 1928 in
545 1900 591 1929 se
619 1891 764 1930 durum
790 1902 838 1930 ac
865 1901 1032 1930 saevum
1062 1896 1101 1929 et
1119 1891 1183 1930 sui
1202 1893 1338 1940 negle-

51 1950 238 1994 gentem?
272 1946 368 1984 Tam
397 1945 516 1985 alieni
537 1947 722 1995 corporis
751 1948 843 1986 leno
864 1947 968 1986 male
988 1946 1100 1985 audit
1121 1958 1242 1995 quam
1263 1947 1338 1986 sui.
1352 1956 1380 1991 ⁴4

49 2001 202 2050 Nempe
232 2002 540 2050 reprehenditur
574 2002 807 2041 adsentator
839 2007 880 2041 et
916 2003 1046 2041 aliena
1081 2002 1339 2052 subsequens

49 2057 194 2103 verba,
230 2062 394 2105 paratus
430 2058 483 2096 ad
515 2057 618 2096 falsa
650 2058 846 2097 laudator.
893 2069 975 2097 non
1011 2057 1143 2096 minus
1173 2059 1340 2107 placens

53 2112 130 2151 sibi
156 2116 195 2151 et
222 2123 268 2151 se
295 2113 526 2162 suspIciens
556 2118 614 2160 et,
650 2119 695 2152 ut
713 2114 768 2152 ita
787 2112 939 2162 dicam,
973 2114 1207 2153 adsentator
1226 2125 1338 2155 suus.

52 2167 160 2206 Vitia
178 2179 258 2207 non
278 2173 430 2208 tantum
452 2179 542 2207 cum
562 2168 662 2207 foris
683 2173 854 2218 peccant
868 2167 1000 2207 invisa
1020 2173 1132 2217 sunt,
1156 2170 1230 2209 sed
1250 2181 1338 2210 cum

54 2223 94 2262 in
122 2233 168 2262 se
194 2228 489 2273 retorquentur.
531 2224 656 2272 Quem
685 2224 814 2272 magis
843 2224 1108 2263 admiraberis
1131 2236 1250 2274 quam
1271 2228 1338 2275 qui
1360 2234 1380 2265 5

55 2278 223 2326 imperat
243 2279 339 2328 sibi,
362 2291 482 2329 quam
505 2281 572 2329 qui
593 2290 638 2318 se
658 2279 779 2319 habet
797 2280 838 2318 in
859 2284 1087 2328 potestate?
1113 2280 1260 2320 Gentes
1282 2283 1338 2320 sa-

59 2333 172 2373 cilius
205 2340 268 2375 est
301 2335 849 2389 barbaras‚inpatientesque
876 2335 995 2375 alieni
1023 2335 1174 2376 arbitrii
1199 2347 1341 2386 regere
