1592 2580
286 117 470 157 NATUR.
494 117 707 166 QUAEST.
734 118 830 157 LIB.
850 119 896 157 11.
922 123 1097 159 54—58.
1251 117 1334 159 209

51 221 255 260 Ciceronis
271 220 413 259 umbra
430 220 662 269 pressisset.
691 220 927 260 Etiamnunc
941 220 1009 260 illo
1028 221 1152 260 verbo
1169 221 1331 260 uteban-
1352 231 1376 264 2

51 283 111 316 tur
141 276 293 325 antiqui
319 282 504 324 correpto
523 307 532 322 ‚
563 288 643 325 quo
665 287 740 315 nos
763 277 1061 326 productauna
1081 278 1239 328 syllaba
1257 278 1331 317 uti-

49 344 154 372 mur:
186 332 356 371 dicimus
375 333 479 370 enim
501 338 542 371 ut
563 343 581 371 s
596 333 841 381 plendere
869 333 927 372 sie
948 333 1158 381 fulgere.
1197 338 1237 372 at
1255 334 1333 372 illis

47 389 98 427 ad
127 387 431 437 significandam
462 388 564 426 lianc
592 398 614 426 e
643 388 815 427 nubibus
845 389 1001 427 subitae
1030 389 1133 427 lucis
1157 389 1332 437 eruptio-

46 454 138 483 nem
173 455 261 483 mos
297 450 385 483 erat
417 449 603 493 correpta
629 445 763 483 media
793 444 950 496 syllaba
974 445 1051 493 uti,
1086 449 1130 483 ut
1155 445 1335 483 dicerent

45 499 258 548 fulgere.

128 555 248 593 LVII.
278 555 407 603 Quid
435 554 554 604 ipse
578 555 1138 605 existimemquaeris?
1163 555 1330 594 adhuc
1359 560 1375 592 l

45 611 180 650 enim
201 611 396 649 alienis
417 611 756 660 opinionibus
779 611 1095 651 commodavi
1117 621 1334 650 manum:

45 667 189 706 dicam.
231 667 446 715 Fulgurat,
478 678 568 706 cum
601 667 852 716 repentinum
886 668 964 706 late
995 667 1129 706 lumen
1163 667 1335 706 emicuit.

48 722 89 761 id
110 723 266 770 evenit,
303 722 372 761 ubi
392 733 472 761 aer
499 724 539 762 in
565 723 698 771 ignem
728 723 954 762 extenuatis
975 723 1149 762 nubibus
1170 722 1336 762 vertitur

47 787 122 816 nec
142 778 268 825 vires,
306 778 452 827 quibus
472 779 632 827 longius
655 779 877 827 prosiliret,
905 778 1068 817 invenit.
1111 779 1199 818 Non
1221 779 1336 817 mira·
1357 782 1379 815 2

46 832 124 880 ris,
156 838 273 882 puto,
303 833 338 872 si
368 836 464 873 aera
491 839 558 873 aut
576 840 710 874 motus
731 839 922 873 extenuat
940 840 1008 873 aut
1028 834 1256 873 extenuatio
1278 835 1334 872 in-

46 890 199 928 cendit:
235 889 294 927 sic
323 889 511 938 liquescit
529 900 706 929 excussa
725 890 839 939 glans
861 890 986 928 sunda
1007 895 1046 928 et
1064 889 1210 929 adtritu
1230 888 1336 928 aeris

47 946 155 984 velut
188 945 280 992 igne
313 945 489 984 distillat.
531 945 623 985 ideo
655 946 825 994 plurima
851 950 1004 984 aestate
1033 946 1133 984 fiunt
1159 946 1334 990 fulmina,

45 1012 126 1050 qua
144 1000 358 1049 plurimum
377 1001 496 1040 calidi
516 1005 590 1040 est.
620 1001 775 1040 facilius
796 1005 928 1040 autem
949 1000 1095 1040 adtritu
1116 1001 1335 1040 calidorum

45 1056 150 1105 ignis
177 1056 345 1096 exsistit.
376 1056 530 1095 Eodem
557 1062 690 1096 autem
717 1057 838 1096 modo
868 1058 912 1096 fit
941 1057 1092 1105 fulgur,
1121 1057 1233 1105 quod
1252 1061 1332 1095 tan·
1354 1060 1378 1094 3

46 1118 127 1151 tum
156 1111 360 1160 splendet,
395 1116 435 1151 et
461 1113 629 1158 fulmen,
670 1113 780 1162 quod
809 1112 997 1152 incendit.
1041 1112 1114 1151 sed
1136 1111 1193 1151 illi
1210 1112 1338 1151 levior

44 1167 106 1206 vis
137 1167 392 1215 alimentique
419 1167 552 1206 minus
574 1173 655 1215 est,
698 1172 754 1216 et,
796 1173 838 1207 ut
867 1168 1040 1207 breviter
1068 1166 1197 1206 dicam
1226 1168 1337 1216 quod

46 1223 198 1269 sentio,
239 1223 387 1261 fulmen
418 1229 482 1262 est
509 1224 643 1273 fulgur
670 1222 877 1263 intentum.
920 1223 1026 1272 Ergo
1047 1223 1115 1262 ubi
1137 1224 1255 1262 calidi
1276 1225 1335 1262 su·

45 1278 224 1328 midique
250 1277 416 1317 materia
442 1279 593 1318 emissa
620 1279 738 1318 terris
757 1280 795 1317 in
824 1278 953 1318 nubes
974 1279 1112 1318 incidit
1131 1283 1171 1318 et
1199 1279 1267 1318 diu
1296 1281 1335 1318 in

45 1334 200 1373 illarum
219 1334 311 1373 sinu
332 1334 508 1374 volutata
527 1340 610 1383 est,
640 1334 862 1374 novissime
882 1335 1055 1383 erumpit
1074 1339 1133 1382 et,
1164 1336 1258 1383 quia
1279 1336 1334 1374 vi-

45 1401 112 1429 res
133 1401 212 1428 non
234 1389 373 1436 habet,
404 1390 599 1438 splendor
619 1396 694 1430 est.
741 1396 781 1429 at
799 1390 866 1429 ubi
888 1391 954 1429 illa
975 1391 1133 1438 fulgura
1155 1391 1244 1439 plus
1265 1391 1333 1430 ha—
1353 1396 1377 1430 4

48 1445 173 1484 buere
187 1444 396 1494 materiae,
426 1446 494 1496 [et]
514 1447 667 1485 maiore
685 1446 824 1495 inpetu
842 1451 1044 1492 arserunt,
1070 1446 1145 1484 sed
1165 1457 1243 1485 non
1265 1447 1335 1484 ad-

49 1506 192 1549 parent
212 1505 383 1549 tantum,
413 1501 487 1539 sed
508 1501 709 1541 decidunt.
757 1501 924 1550 Quidam
950 1502 1179 1541 existimant
1197 1501 1336 1550 utique

49 1557 198 1595 fulmen
217 1556 385 1604 reverti,
407 1556 569 1605 quidam
591 1557 824 1606 subsidere,
850 1556 920 1596 ubi
941 1557 1127 1596 alimenta
1146 1567 1334 1607 praegra—

47 1616 243 1651 vaverunt
261 1616 301 1650 et
320 1612 465 1650 fulmen
486 1611 566 1652 ictu
585 1613 837 1662 languidiore
853 1613 1028 1652 delatum
1047 1618 1121 1652 est.

129 1667 266 1706 LVIII.
295 1668 381 1714 „At
409 1678 534 1716 quare
561 1669 708 1707 fulmen
729 1668 903 1708 subitum
926 1669 1096 1717 adparet
1113 1678 1189 1706 nec
1210 1668 1335 1707 conti·
1356 1669 1375 1703 1

48 1727 194 1762 nuatur
217 1722 414 1762 adsiduus
435 1723 600 1771 ἰὲςηίεἱῑιι
631 1723 727 1772 quia
747 1724 854 1762 celer
879 1724 982 1772 ignis
1002 1724 1182 1772 undique
1202 1729 1335 1763 motus

49 1779 168 1819 simul
198 1783 237 1817 et
266 1778 398 1817 nubes
425 1779 571 1828 rumpit
598 1785 638 1819 et
666 1781 762 1817 aera
786 1778 975 1818 incendit.
1020 1779 1167 1818 deinde
1189 1779 1337 1818 desinit

49 1834 210 1874 flamma
223 1831 340 1873 ‘motu
360 1834 605 1882 quiescente.
643 1845 722 1873 non
746 1834 850 1872 enim
871 1835 1067 1874 adsiduus
1088 1840 1151 1873 est
1170 1835 1335 1883 spiritus

53 1901 216 1939 cursus,
238 1895 283 1928 ut
302 1889 405 1938 ignis
426 1890 558 1938 possit
576 1891 757 1937 extendi,
780 1890 855 1929 sed
876 1890 1064 1939 quotiens
1083 1890 1229 1928 fortius·
1245 1890 1336 1940 ipsa

51 1946 261 1985 iactatione
290 1955 336 1984 se
365 1946 575 1993 accendit,
611 1945 788 1994 fugiendi
821 1945 1000 1994 inpetum
1028 1946 1147 1994 capit.
1189 1945 1335 1984 deinde

52 2011 140 2040 eum
169 2001 298 2040 evasit
326 2005 365 2039 et
391 2011 526 2050 pugna
553 2001 717 2049 desivit,
750 2011 802 2039 ex
821 2001 962 2040 eadem
983 2011 1107 2039 causa
1126 2001 1247 2039 modo
1268 2013 1334 2040 us-

54 2067 133 2105 que
161 2057 214 2096 ad
245 2061 388 2095 terram
417 2057 636 2106 profertur,
669 2056 793 2096 modo
811 2061 902 2095 ante
922 2056 1174 2103 dissolvitur,
1210 2056 1243 2095 si
1265 2058 1333 2096 mi-

54 2121 152 2151 nore
177 2111 216 2150 vi
235 2123 402 2161 pressus
431 2117 505 2151 est.
553 2143 576 2160 „
591 2112 722 2160 Quare
744 2111 906 2160 oblique
926 2112 1109 2151 sertui-‘3⁴‘
1139 2111 1233 2160 quia
1253 2113 1333 2162 spi—
1353 2120 1379 2154 2

53 2166 131 2206 ritu
149 2172 315 2207 constat.
345 2167 509 2217 spiritus
531 2173 662 2208 autem
684 2167 872 2216 obliquus
891 2172 953 2206 est
973 2167 1264 2217 flexuosusque
1283 2175 1332 2217 et,

56 2221 152 2272 quia
179 2228 320 2262 natura
346 2224 478 2271 ignem
508 2233 669 2263 sursum
698 2229 835 2270 vocat,
869 2223 1012 2262 iniuria
1031 2223 1220 2263 deorsum
1242 2235 1328 2273 pre·

56 2278 143 2324 mit,
165 2276 302 2328 incipit
321 2279 508 2328 obliquus
525 2289 630 2319 esse.
662 2279 857 2320 interdum
876 2283 1018 2319 neutra
1036 2279 1102 2318 vis¹
1131 2279 1240 2318 alteri
1265 2291 1329 2319 ce-

111 2347 242 2372 srxch
262 2347 351 2372 mut.
373 2338 416 2373 II.
1070 2340 1113 2374 14
