1624 2626
286 174 419 214 DIAL.
449 173 500 212 V.
557 172 625 212 DE
651 173 744 213 IRA
767 172 863 212 LIB.
893 173 957 211 111.
988 179 1144 214 12—14.
1304 172 1357 214 91

75 289 190 319 suam
218 277 373 328 experti
404 286 546 326 parere
574 275 676 326 ipsis
703 275 742 314 in
770 275 944 314 adversa
963 275 1181 314 valitudine
1210 280 1357 315 vetant.

19 343 21 376 j
75 333 276 384 Optimum
303 338 366 372 est
387 332 492 372 notis
513 331 620 371 vitiis
640 331 910 381 inpedimenta
934 331 1169 380 prospicere
1197 335 1237 370 et
1263 336 1356 370 ante
1376 336 1398 370 6

19 386 20 389 ’
73 390 208 430 omnia
227 390 281 428 ita
300 398 532 438 conponere
551 388 737 434 animum,
753 391 802 426 ut
819 387 936 426 etiam
959 386 1212 436 gravissimis
1232 387 1356 426 rebus

72 446 300 494 subitisque
309 455 534 484 concussus
554 444 652 482 iram
669 448 831 482 autnon
847 442 992 482 sentiat
1007 443 1357 492 autmagnitudine

73 502 301 551 inopinatae
317 501 484 540 iniuriae
498 505 679 539 exortam
694 499 733 538 in
753 500 873 540 altum
890 498 1068 537 retrahat
1082 508 1157 537 nec
1177 499 1357 538 dolorem

72 569 191 597 suum
212 557 458 607 profiteatur.
515 556 561 594 ld
582 556 667 594 fieri
690 564 816 604 posse
834 553 1055 604 adparebit,
1086 554 1122 592 si
1152 565 1282 604 pauca
1307 565 1358 593 ex
1377 555 1398 590 7

73 613 189 653 turba
204 613 354 662 ingenti
371 613 558 661 exempla
581 612 797 661 protulero,
816 620 868 649 ex
894 610 1043 660 quibus
1065 615 1279 660 utrumque
1299 610 1357 649 di-

13 673 15 681 ’
72 679 189 708 scere
204 669 305 717 licet,
327 673 518 718 quantum
530 666 778 706 malihabeat
791 666 860 714 ira,
879 666 948 705 ubi
964 666 1169 705 hominum
1186 677 1358 717 praepo-

71 730 220 765 tentum
242 729 440 774 potestate
462 728 545 763 tota
563 723 693 770 utitur,
723 727 913 772 quantum
943 721 1020 762 sibi
1043 722 1242 804 imperare
1262 732 1358 772 pos-

73 780 136 829 sit,
154 780 224 819 ubi
243 785 351 819 metu
370 780 523 819 maiore
542 789 769 828 conpressa
788 783 862 818 est.

153 836 258 874 Xtv.
289 835 527 899 Cambysen
546 845 682 883 regem
710 834 828 873 nimis
855 834 1033 873 deditum
1061 833 1157 872 vino
1184 801 1357 872 Praexa—
1380 847 1398 880 1

71 902 172 941 spes
190 902 296 931 unus
315 902 368 931 ex
387 890 607 930 carissimis
627 890 826 938 monebat,
847 895 890 929 ut
911 890 1072 939 parcius
1093 889 1256 938 biberet,
1277 894 1357 928 tur—

76 958 168 997 pem
186 957 281 986 esse
300 946 442 986 dicens
467 946 697 986 ebrietatem
719 947 757 984 in
772 956 882 994 rege,
915 955 1035 995 quem
1056 944 1232 984 omnium
1253 946 1357 984 oculi

8 1045 9 1048 ,
73 1013 276 1052 auresque
299 1007 578 1052 sequerentur.
611 1002 678 1040 Aa
701 1001 914 1040 haec-ille:
956 1006 1034 1049 „ut
1062 1001 1191 1050 scias,
1218 1001 1359 1050 inquit,

74 1059 411 1109 quemadmodum
422 1068 639 1107 numquam
650 1057 835 1096 excidam
846 1056 952 1105 mihi,
972 1056 1210 1105 adprobabo
1228 1057 1303 1096 iam
1321 1063 1360 1096 et

7 1116 8 1119 ’
73 1115 216 1154 oculos
232 1119 326 1164 post
340 1114 477 1153 vinum
493 1114 532 1152 in
548 1113 683 1152 officio
700 1123 794 1152 esse
814 1118 854 1152 et
870 1115 1059 1151 manus.“
1091 1112 1197 1152 Bibit
1211 1113 1358 1152 deinde
1379 1121 1401 1155 2

72 1171 278 1210 liberalius
298 1181 418 1219 quam
437 1170 538 1209 alias
562 1168 846 1218 capacioribus
873 1167 1045 1220 scyphis
1064 1173 1103 1207 et
1122 1169 1200 1207 iam
1221 1169 1358 1217 gravis

71 1237 121 1266 ac
141 1226 237 1265 vino
258 1226 388 1265 lentus
410 1225 680 1274 obiurgatoris
701 1225 763 1263 sui
786 1225 911 1264 filium
941 1225 1166 1274 procedere
1191 1226 1296 1264 ultra
1315 1224 1358 1263 li-

71 1292 163 1322 men
190 1282 298 1322 iubet
326 1282 592 1331 adlevataque
611 1291 736 1330 super
758 1285 880 1330 caput
907 1280 1070 1320 sinistra
1094 1291 1215 1320 manu
1237 1287 1357 1320 stare.

71 1344 166 1379 tunc
187 1337 356 1377 intendit
384 1347 521 1376 arcum
547 1342 588 1376 et
615 1337 749 1386 ipsum
777 1347 848 1376 cor
876 1336 1160 1385 adulescentis,
1191 1337 1233 1376 id
1253 1338 1358 1376 enim

74 1398 212 1444 petere
230 1404 277 1432 se
292 1393 459 1442 dixerat,
482 1394 566 1442 figit
581 1393 845 1442 rescissoque
861 1398 1025 1442 pectore
1045 1392 1219 1432 haerens
1238 1392 1278 1431 in
1300 1393 1357 1442 ip·

74 1461 123 1489 so
142 1449 267 1488 corde
289 1449 488 1498 spiculum
505 1449 682 1489 ostendit
701 1459 749 1488 ac
768 1449 993 1498 respiciens
1016 1453 1170 1498 patrem
1190 1449 1357 1488 interro-

75 1505 202 1554 gavit,
242 1506 392 1544 satisne
429 1510 578 1544 certam
605 1504 772 1544 haberet
804 1515 980 1543 manum.
1026 1506 1080 1543 At
1105 1504 1172 1544 ille
1200 1505 1359 1553 negavit

75 1559 303 1610 Apollinem
320 1561 500 1609 potuisse
516 1561 662 1600 certius
679 1561 845 1600 mittere.
874 1560 923 1599 Di
943 1561 1052 1600 illum
1067 1562 1171 1599 male
1192 1561 1361 1610 perdant
1380 1563 1403 1596 3

79 1616 213 1655 animo
237 1616 366 1664 magis
387 1627 505 1665 quam
526 1617 765 1656 condicione
784 1616 1048 1666 mancipium!
1089 1617 1178 1656 eius
1197 1617 1255 1656 rei
1274 1617 1357 1656 lau-

76 1672 193 1711 dator
211 1671 299 1717 suit,
327 1671 442 1710 euius
461 1672 579 1711 nimis
599 1678 684 1711 erat
706 1678 974 1721 spectatorem
997 1672 1138 1712 fuisse.
1176 1672 1357 1712 occasio-

78 1738 169 1766 nem
188 1727 470 1766 blanditiarum
487 1728 641 1776 putavit
655 1733 796 1776 peetus
813 1729 882 1768 filii
901 1729 941 1767 in
961 1729 1063 1767 duas
1083 1733 1219 1778 partes
1243 1729 1358 1768 didu-

75 1788 182 1822 ctum
201 1789 240 1821 et
260 1793 331 1821 cor
350 1782 427 1821 sub
454 1784 620 1822 volnere
640 1783 853 1833 palpitans.
891 1785 1208 1824 controversiam
1228 1785 1282 1823 illi
1302 1785 1359 1823 sa-

76 1849 169 1878 cere
196 1838 247 1878 de
267 1839 395 1887 gloria
414 1838 552 1878 debuit
570 1843 610 1878 et
627 1849 822 1878 revocare
849 1841 1014 1888 iactum,
1045 1845 1088 1880 ut
1113 1841 1199 1889 regi
1221 1841 1361 1878 liberet

75 1894 115 1933 in
152 1894 243 1943 ipso
278 1899 392 1943 patre
426 1895 636 1933 certiorem
669 1906 829 1941 manum
857 1896 1086 1935 ostendere.
1158 1895 1189 1934 0
1222 1906 1359 1944 regem
1378 1905 1401 1939 4

77 1955 302 1989 cruentum!
326 1961 349 1988 o
370 1949 535 1998 dignum
555 1950 594 1989 in
616 1961 734 2000 quem
754 1951 930 1990 omnium
950 1963 1116 1991 suorum
1137 1961 1256 1990 arcus
1270 1962 1358 1990 ver·

77 2010 270 2045 terentur!
310 2005 408 2044 Cum
429 2006 630 2044 exsecrati
655 2007 844 2046 fuerimus
866 2008 974 2046 illum
997 2007 1183 2046 convivia
1204 2006 1358 2056 suppli-

77 2061 150 2101 ciis
171 2061 462 2111 funeribusque
484 2063 726 2110 solventem‚
753 2067 884 2102 tamen
905 2063 1140 2102 sceleratius
1167 2063 1289 2102 tetum
1313 2063 1357 2102 il-

75 2117 146 2156 lud
164 2118 369 2156 laudatum
389 2122 452 2156 est
472 2129 592 2166 quarn
612 2113 806 2157 missum.‘
835 2118 1062 2158 videbimus
1084 2119 1290 2168 quomodo
1312 2130 1358 2158 se

76 2178 190 2222 pater
214 2183 355 2221 gerere
375 2173 558 2212 debuerit
587 2178 698 2212 stans
728 2184 853 2223 super
881 2174 1056 2213 cadaver
1080 2174 1149 2214 filii
1177 2175 1241 2213 sui
1268 2177 1358 2213 cae·

77 2229 250 2278 demque
269 2229 387 2275 illam,
418 2229 533 2268 cuius
552 2234 593 2268 et
616 2229 729 2268 testis
754 2231 884 2268 fuerat
901 2234 940 2268 et
961 2240 1108 2269 causa:
1144 2230 1184 2270 id
1202 2231 1254 2270 de
1275 2241 1357 2280 quo

77 2294 183 2323 nunc
211 2285 350 2333 agitur,
380 2285 567 2334 adparet,
595 2284 695 2324 iram
725 2285 921 2334 supprimi
947 2288 1085 2335 posse.
1121 2286 1211 2326 Non
1238 2287 1358 2325 male·
1379 2294 1400 2326 5

76 2339 178 2380 dixit
202 2340 306 2389 regi,
338 2341 488 2380 nullum
515 2341 648 2380 emisit
667 2351 718 2380 ne
746 2341 966 2381 calamitosi
991 2343 1151 2392 quidem
1177 2342 1357 2390 verbum,
