1592 2580
336 165 404 205 DE
430 164 712 205 BENEFICIIS
737 165 918 205 LIB.111.
949 170 1126 207 36—38.
1315 165 1372 207 59

92 267 205 308 didit.
242 265 346 306 Nulli
377 265 443 306 alii
469 265 579 306 licuit
610 264 763 315 inpune
794 265 995 305 tribunum
1026 265 1068 306 in
1101 265 1283 306 ordinem
1306 277 1370 306 re·

92 324 241 372 digere.

168 378 382 418 XXXVIII.
414 378 507 418 Alia
525 388 578 418 ex
596 378 685 418 aliis
705 378 892 427 exempla
909 382 1004 417 sunt
1025 388 1186 427 eorum,
1213 379 1283 429 qui
1301 389 1370 429 pa-
1387 381 1408 416 1

88 439 223 476 rentes
244 445 343 474 suos
363 435 554 484 periculis
569 435 822 484 eripuerunt,
843 432 978 483 quiex
992 434 1129 474 infimo
1145 435 1197 474 ad
1213 446 1371 475 summa

88 491 340 541 protulerunt
368 495 408 529 et
432 500 455 529 e
484 491 603 540 plebe
629 501 860 540 acervoque
886 489 1053 539 ignobili
1072 502 1293 541 numquam
1311 496 1371 531 ta-

89 547 242 586 cendos
259 547 408 586 seculis
425 546 634 587 dederunt.
665 547 781 586 Nulla
794 546 834 586 vi
848 546 1077 594 verborum,
1098 547 1207 586 nulla
1221 547 1373 596 ingenii
1387 550 1410 584 2

87 603 275 642 facultate
295 602 464 652 exprimi
483 608 637 652 potest,
659 609 852 653 quantum
871 613 976 652 opus
995 603 1066 650 sit,
1090 613 1210 652 quam
1231 604 1370 643 lauda-

86 659 168 698 bile
195 669 397 709 quamque
426 669 644 709 numquam
670 671 695 699 a
721 659 913 699 memoria
934 659 1135 700 hominum
1157 660 1369 707 exiturum,

88 725 216 764 posse
229 715 307 755 hoc
325 715 479 754 dicere:
509 716 770 765 „parentibus
787 715 887 754 meis
903 715 1031 764 parui,
1050 715 1171 754 cessi.
1201 715 1370 765 imperio

14 806 27 812 -
88 782 247 820 eorum,
277 772 365 810 sive
393 781 569 820 aequum
588 773 675 811 sive
695 772 876 822 iniquum
896 782 944 811 ac
963 771 1109 810 durum
1129 770 1220 819 fuit,
1251 772 1370 811 obse-

90 832 278 877 quentem
307 826 634 877 submissumque
661 838 725 866 me
744 827 925 877 praebui.
961 827 1015 866 ad
1034 827 1111 867 hoc
1130 838 1255 866 unum
1275 839 1369 867 con-

88 888 227 922 tumax
246 882 315 930 fui,⁴
337 893 388 922 ne
407 884 616 923 beneficiis
631 885 856 923 vincerer.“
901 884 1069 931 certate,
1092 883 1265 923 obsecro
1276 894 1370 933 vos,
1386 888 1408 922 3

89 944 130 978 et
151 938 252 979 fessi
271 950 436 989 quoque
454 941 650 980 restituite
669 940 808 979 aciem.
852 939 1010 979 Felices
1027 939 1097 988 qui
1111 939 1292 988 vicerint,
1315 940 1371 979 se-

89 995 188 1034 lices
209 995 278 1045 qui
299 995 520 1035 vincentur.
562 996 665 1044 Quid
678 1006 728 1035 eo
744 996 1004 1035 adulescente
1018 996 1280 1044 praeclarius,
1303 997 1373 1045 qui

91 1050 268 1100 sibiipsi
287 1050 422 1090 dicere
442 1052 588 1101 poterit
605 1057 757 1101 (neque
776 1053 881 1091 enim
904 1053 966 1090 sas
993 1057 1054 1091 est
1069 1052 1183 1090 alteri
1198 1052 1371 1098 dicere):

89 1112 244 1156 patrem
265 1117 397 1146 meum
418 1107 625 1147 beneficiis
647 1108 755 1147 vici?
796 1108 900 1156 Quid
927 1118 976 1147 eo
1002 1108 1243 1146 fortunatius
1260 1118 1371 1155 sene,

91 1164 160 1212 qui
186 1162 370 1202 omnibus
395 1163 547 1212 ubique
575 1162 823 1213 praedicabit
850 1175 875 1202 a
896 1163 979 1203 filio
1001 1174 1076 1202 suo
1097 1173 1143 1202 se
1162 1162 1371 1204 beneficiis

88 1219 265 1259 victum?
309 1218 414 1268 Quid
431 1224 564 1260 autem
584 1225 647 1259 est
666 1220 822 1259 felicius
843 1230 964 1270 quam
983 1219 1038 1259 ibi
1058 1220 1232 1259 cedere?

456 1429 502 1483 Ιι.
538 1428 722 1483 Allium
759 1429 986 1484 SENECAE

376 1529 442 1563 AD
477 1531 506 1563 A
518 1530 749 1564 EBUTIUM
787 1531 1084 1565 LIBERALEM

224 1607 356 1671 ΠΕ
453 1607 1234 1672 BENEFICIIS

592 1720 770 1761 LIBER
799 1720 864 1760 lv,

169 1888 200 1926 Ι.
236 1887 299 1926 Ex
325 1887 512 1928 omnibus
540 1899 646 1937 quae
670 1890 953 1936 tractavimus,
988 1889 1136 1929 Aebuti
1160 1889 1368 1939 Liberalis,
1387 1900 1406 1933 1

89 1947 225 1993 potest
243 1944 371 1983 videri
390 1944 486 1982 nihil
504 1949 584 1983 tam
603 1946 877 1984 necessarium
897 1950 966 1984 aut
978 1946 1126 1994 magis,
1154 1951 1197 1985 ut
1213 1946 1268 1985 ait
1283 1946 1368 1986 Sal-

89 1999 254 2048 lustius,
285 2010 375 2039 cum
396 2011 492 2039 cura
515 2000 729 2039 dicendum
749 2012 869 2050 quam
891 2001 1003 2050 quod
1021 2002 1062 2039 in
1081 2002 1265 2041 manibus
1285 2009 1367 2042 est:

89 2066 150 2094 an
184 2055 498 2095 beneficium
532 2056 655 2095 dare
697 2061 746 2095 et
785 2057 1002 2095 invicem
1039 2058 1251 2106 gratiam
1288 2069 1367 2098 re-

90 2111 227 2150 ferre
265 2122 353 2161 per
390 2122 444 2151 se
478 2122 559 2150 res
596 2113 920 2160 expetendae
949 2112 1063 2151 sint.
1111 2113 1405 2157 Inveniuntur2

93 2167 161 2215 qui
185 2166 355 2206 honesta
381 2168 420 2206 in
446 2168 672 2207 mercedem
699 2169 832 2207 colant
858 2167 1085 2218 quibusque
1112 2180 1192 2208 non
1214 2171 1370 2219 placeat

91 2222 219 2261 virtus
247 2223 435 2271 gratuita:
473 2234 576 2273 quae
603 2223 701 2263 nihil
730 2223 850 2263 habet
880 2224 921 2262 in
949 2235 996 2262 se
1021 2225 1295 2275 magnificum,
1332 2227 1368 2266 si

94 2277 310 2327 quiequam
335 2280 490 2319 venale.
538 2280 640 2328 Quid
667 2280 772 2319 enim
792 2285 855 2319 est
872 2280 1029 2328 turpius
1052 2291 1172 2330 quam
1191 2282 1368 2331 'aliquem

95 2339 332 2384 conputare,
362 2336 499 2385 quanti
526 2337 587 2375 vir
611 2336 743 2376 bonus
764 2336 833 2386 sit,
863 2346 955 2376 eum
973 2335 1100 2376 virtus
1119 2347 1194 2377 nec
1212 2339 1367 2378 lucrum
