1592 2580
309 161 376 201 DE
391 159 672 200 BENEFICHS
702 159 799 201 LIB.
815 159 884 198 IV.
914 164 959 200 14
969 164 1091 200 —17.
1295 157 1351 199 69

69 274 150 302 non
172 259 392 307 accideret,
413 261 491 299 nisi
510 271 587 299 nos
607 259 699 310 ipsa
720 260 966 299 delectarent
983 258 1194 299 beneficia.
1226 258 1352 308 Quam
1370 262 1394 297 3

70 329 194 368 saepe
213 318 411 356 dicentem
427 317 591 355 audias:
616 327 724 364 „non
741 317 921 356 sustineo
938 316 1046 355 illum
1067 316 1271 364 deserere,
1289 316 1354 355 cui

71 375 164 414 dedi
180 374 321 421 vitam,
353 383 474 422 quem
502 373 683 421 periculo
705 373 846 421 eripui.
891 378 1009 421 rogat
1031 382 1096 410 me
1124 377 1169 411 ut
1187 382 1354 411 causam

72 441 183 470 suam
212 435 350 468 contra
377 428 561 468 homines
589 429 792 477 gratiosos
824 439 953 478 agam.
1001 428 1118 467 nolo:
1154 428 1228 467 sed
1257 426 1357 476 quid

71 486 242 525 faciam?
269 486 347 523 iam
375 485 429 523 iiii
457 486 583 523 semel
611 485 836 534 iterumque
863 485 1014 526 adfui.“
1042 483 1130 523 Non
1156 484 1273 522 vides
1297 484 1355 522 in-

72 552 165 580 esse
184 542 249 580 isti
268 541 328 579 rei
346 543 558 579 maximam
581 541 797 589 quamdam
816 540 916 585 vim,
942 550 1046 590 quae
1065 550 1142 579 nos
1167 540 1266 578 dare
1287 539 1357 578 be·

72 598 165 636 ficia
183 596 315 645 cogit?
348 597 518 645 primum
539 597 632 645 quia
651 601 829 646 oportet,
859 597 1006 635 deinde
1035 596 1130 644 quia
1156 595 1356 634 dedimus.

74 654 144 692 Cui
171 653 283 692 initio
312 653 411 691 ratio
440 663 520 691 non
550 653 694 691 fuisset
722 653 955 701 praestandi
974 652 1144 700 aliquid,
1176 651 1213 690 ei
1240 661 1357 700 prae·
1375 659 1399 693 4

75 713 228 748 stamus
250 709 301 747 ob
319 708 418 755 hoc,
446 710 540 757 quia
562 709 846 757 praestitimus.
881 709 1068 757 adeoque
1088 707 1141 747 ad
1159 707 1360 746 beneficia

74 776 150 804 nos
169 776 250 804 non
270 764 424 814 inpellit
441 765 609 811 utilitas,
632 770 674 803 ut
692 770 730 804 et
748 765 901 803 inutilia
919 765 1019 803 tueri
1041 775 1088 802 ae
1108 764 1248 803 fovere
1268 773 1358 812 per-

76 831 311 860 severemus
345 822 434 859 sola
460 820 646 858 beneficii
674 821 857 868 caritate,
907 821 971 859 cui
994 821 1111 859 etiam
1150 819 1362 859 infeliciter

76 882 166 916 nalo
188 877 396 924 indulgere
416 882 496 915 tam
515 876 695 915 naturale
717 888 836 925 quam
855 875 992 915 liberis
1013 875 1164 924 parvis,

158 932 263 970 XVI.
306 932 460 970 iidem
496 932 583 970 isti
621 934 834 980 gratiam
875 933 1073 971 referre
1104 932 1253 980 ipsos
1297 931 1362 969 fa·
1384 934 1404 967 1

77 993 268 1036 tentur‚
298 999 395 1026 non
419 987 536 1036 quia
558 987 827 1027 honestum
848 993 941 1034 est,
972 988 1060 1026 sed
1087 988 1205 1037 quia
1223 987 1363 1026 utile.

81 1044 214 1093 quod
241 1054 338 1082 non
373 1054 492 1081 esse
527 1043 597 1081 ita
626 1044 820 1083 minore
857 1054 1015 1093 opera
1049 1043 1364 1092 probandum

80 1105 177 1147 est,
222 1099 341 1148 quia
377 1099 564 1148 quibus
601 1100 916 1148 argumentis
948 1099 1257 1147 collegimus
1287 1098 1364 1137 be-

79 1155 319 1194 neficium
349 1155 470 1194 dare
500 1165 591 1203 per
628 1166 682 1193 se
714 1165 814 1193 rem
852 1155 1192 1204 expetendam
1233 1164 1364 1200 esse,

80 1212 238 1251 isdem
266 1211 414 1249 etiam
442 1210 535 1249 hoc
573 1211 882 1259 colligimus.
935 1211 1076 1249 Fixum
1103 1215 1166 1250 est
1192 1210 1310 1258 illud,
1341 1213 1406 1248 az

82 1278 162 1317 quo
185 1267 226 1305 in
245 1271 379 1305 cetera
398 1266 659 1315 probationes
686 1271 850 1306 nostrae
871 1271 1037 1313 exeunt,
1066 1266 1282 1306 honestum
1312 1266 1364 1305 ob

82 1323 230 1362 nullam
262 1323 380 1361 aliam
417 1333 604 1371 causam,
635 1333 755 1372 quam
784 1323 878 1372 quia
909 1323 1123 1362 honestum
1154 1323 1223 1371 sit,
1274 1323 1365 1361 coli.

83 1379 178 1427 Quis
199 1389 295 1427 ergo
314 1379 629 1417 controversiam
652 1380 786 1417 facere
806 1379 990 1427 audebit,
1021 1389 1072 1417 an
1094 1383 1250 1427 gratum
1271 1388 1367 1417 esse

83 1435 296 1474 honestum
316 1435 394 1472 sit?
433 1434 523 1482 quis
557 1446 637 1473 non
667 1434 865 1483 ingratum
893 1435 1133 1483 detestetur,
1165 1434 1367 1473 hominem

85 1490 160 1528 sibi
179 1490 257 1538 ipsi
277 1490 482 1527 inutilem?
511 1490 614 1537 Quid
634 1495 796 1529 autem?
819 1501 909 1529 cum
929 1490 999 1528 tibi
1019 1496 1203 1530 narratur
1223 1490 1367 1528 adver-

87 1556 156 1584 sus
177 1556 332 1584 summa
350 1545 547 1584 beneficia
566 1546 683 1584 amici
711 1547 774 1585 sui
802 1547 982 1595 ingratus
1011 1556 1125 1595 esse,
1160 1545 1366 1596 quomodo

87 1602 128 1640 id
146 1602 313 1640 fecerit?
334 1605 465 1639 utrum
491 1605 695 1650 tamquam
720 1613 806 1640 rem
839 1608 996 1651 turpem
1024 1603 1163 1642 fecerit
1190 1614 1242 1641 an
1269 1606 1368 1640 tam-

89 1668 209 1705 quam
228 1667 312 1694 rem
331 1656 464 1694 utilem
484 1657 559 1694 sibi
581 1662 620 1695 et
641 1658 889 1706 profuturam
910 1658 1116 1697 omiserit?
1158 1663 1256 1707 puto
1269 1688 1279 1705 ,
1299 1667 1370 1696 ne>

90 1723 209 1762 quam
236 1712 437 1750 hominem
466 1712 693 1759 existimas,
725 1714 787 1752 cui
817 1724 967 1762 poena,
998 1724 1079 1752 non
1100 1715 1165 1753 cui
1186 1719 1371 1753 curatore

89 1768 197 1817 opus
222 1768 284 1807 sit.
331 1768 441 1816 quod
468 1778 549 1805 non
577 1769 797 1816 accideret,
827 1770 903 1807 nisi
931 1774 1086 1818 gratum
1113 1781 1208 1809 esse
1231 1780 1303 1818 per
1325 1778 1371 1807 se

90 1823 361 1872 expetendum
382 1823 677 1873 honestumque
697 1830 819 1863 esset.
860 1825 952 1864 Alia
972 1825 1146 1864 fortasse
1165 1826 1297 1863 minus
1314 1824 1372 1863 di·
1391 1829 1414 1863 3

90 1880 279 1928 gnitatem
308 1890 420 1918 suam
454 1880 683 1927 praeferunt
708 1885 747 1919 et
772 1891 822 1918 an
858 1881 936 1919 sint
963 1880 1134 1919 honesta
1156 1880 1374 1929 interprete

93 1940 228 1984 egent:
253 1936 330 1974 hoc
347 1936 574 1984 expositum
593 1940 654 1974 est
671 1935 968 1985 pulchriusque,
990 1948 1109 1985 quam
1123 1942 1166 1975 ut
1181 1936 1375 1985 splendor

94 1992 179 2030 eius
209 1991 330 2030 dubie
359 2001 407 2029 ac
436 2002 576 2039 parum
603 1986 747 2030 lucea't.
794 1991 898 2039 Quid
920 1992 1004 2030 tam·
1025 1992 1245 2039 laudabile,
1277 1992 1375 2041 quid

95 2051 173 2085 tam
192 2047 410 2095 aequaliter
431 2048 469 2084 in
491 2047 667 2086 omnium
686 2048 841 2086 animos
862 2051 1069 2096 receptum
1086 2059 1206 2096 quam
1223 2048 1375 2086 referre

93 2103 198 2140 bene
217 2102 366 2142 meritis
387 2103 583 2150 gratiam?

174 2158 296 2196 XV11.
334 2159 399 2196 Ad
431 2159 525 2205 hoc,
558 2158 622 2196 dic
650 2158 763 2204 mihi,
792 2169 896 2206 quae
925 2169 1049 2197 causa
1069 2170 1144 2198 nos
1165 2159 1376 2208 perducit?
1395 2167 1414 2199 1

97 2215 279 2252 lucrum?
309 2214 417 2262 quod
444 2215 512 2263 qui
533 2226 612 2252 nou
634 2214 859 2260 contemnit,
881 2215 1058 2262 ingratus
1079 2220 1152 2254 est.
1187 2215 1376 2255 ambitio?

100 2274 139 2307 et
157 2279 259 2317 quae
279 2269 436 2308 iactatio
458 2275 520 2308 est
539 2269 714 2308 solvisse
735 2270 845 2317 quod
867 2269 1074 2309 debebas?
1104 2274 1263 2310 metus?
1287 2271 1375 2310 nul-

100 2324 163 2362 lus
182 2323 354 2372 ingrato:
383 2325 476 2364 huic
495 2326 599 2364 enim
620 2325 687 2364 uni
706 2326 763 2363 rei
783 2336 863 2364 non
883 2325 1095 2374 posuimus
1111 2326 1259 2376 legem,
1278 2333 1376 2367 tam-
