1624 2626
315 208 394 250 230
564 207 607 245 L.
635 205 824 244 ANNAEI
850 203 1072 243 SENECAE
1099 200 1230 242 DIAL.
1248 205 1311 243 XI.

317 308 460 358 dirige:
489 307 740 347 siccabuntur
755 303 913 343 maximi
932 308 970 342 et
988 303 1190 342 clarissimi
1205 306 1421 352 conspectu
1436 304 1558 343 numi-

315 364 390 403 nis.
433 363 562 410 fulgor
584 362 675 400 eius
696 362 804 407 iilos,
839 364 882 397 ut
908 357 1001 397 nihil
1029 358 1139 397 aliud·
1164 358 1320 406 possint
1340 358 1558 407 adspicere,

278 419 301 454 4
316 417 573 468 praestringet
592 421 630 455 et
651 416 688 453 in
710 426 755 454 se
774 415 980 452 haerentes
1003 413 1198 452 detinebit.
1239 413 1311 450 Hic
1329 411 1414 460 tibi,
1442 423 1557 461 quem

315 479 356 512 tu
383 471 521 511 diebus
548 471 708 509 intueris
737 479 784 507 ac
810 466 1008 515 noctibus,
1043 476 1067 506 a
1096 477 1173 516 quo
1202 476 1412 515 numquam
1436 467 1558 505 deicis

316 527 504 572 animum,
535 524 765 573 cogitandus
792 527 871 568 est,
894 522 957 560 hic
984 527 1119 560 contra
1143 522 1337 560 fortunam
1362 521 1559 559 advocan-

316 582 404 620 dus.
454 590 527 618 nec
547 579 699 626 dubito,
722 588 808 616 cum
828 581 935 615 tanta
952 576 1005 615 ilii
1025 576 1216 626 adversus
1238 585 1374 614 omnes
1398 582 1494 614 suos
1510 575 1560 613 sit

314 634 577 674 mansuetudo
607 639 790 681 tantaque
817 631 1076 679 indulgentia,
1101 631 1194 679 quin
1214 630 1290 668 iam
1307 629 1435 668 multis
1456 630 1560 668 sola-

314 690 377 728 tiis
397 694 505 728 tuum
526 689 633 727 istud
651 688 792 725 volnus
809 685 1034 731 obduxerit,
1064 686 1203 733 multa,
1234 693 1334 733 quae
1349 683 1560 727 doloriob—

316 748 464 783 starent
488 747 576 790 tuo,
609 740 866 789 congesserit.
915 739 1014 788 Quid
1041 743 1188 788 porro?
1224 744 1263 778 ut
1294 738 1388 776 nihii
1420 738 1561 776 horum

316 798 468 845 fecerit,
501 806 632 835 nonne
658 795 838 844 protinus
862 795 950 842 ipse
977 799 1213 846 conspectu-s
1240 800 1315 841 per‘
1332 801 1377 831 se
1394 796 1560 830 tantum·

280 852 433 892 5modo
462 850 735 899 cogitatusque
762 849 907 888 caesar
934 848 1105 887 maximo
1132 847 1274 887 solatio
1294 846 1363 885 tibi
1383 850 1470 885 est?
1512 846 1562 884 Di

315 907 422 945 iilum
444 906 624 954 deaeque
636 903 751 943 terris
767 904 833 943 diu
849 902 1107 942 commodent.
1137 905 1224 941 acta
1232 901 1295 940 hic
1307 899 1385 939 divi
1393 899 1562 949 Augusti

315 964 479 1009 aequet,
505 969 632 998 annos
650 958 789 997 vincat.
835 957 1021 1006 quamdiu
1038 956 1137 996 inter
1156 955 1440 1002 mortaiis'e'rit,
1467 954 1562 993 nihil

316 1025 367 1053 ex
386 1015 503 1054 domo
525 1024 598 1052 sua
616 1014 779 1052 mortale
799 1022 891 1051 esse
909 1013 1061 1050 sentiat.
1085 1015 1277 1050 rectorem
1295 1010 1473 1049 Romano
1491 1010 1560 1047 im-

315 1069 426 1118 perio
452 1068 574 1106 filium
599 1069 718 1115 longa
739 1066 820 1104 fide
837 1066 1030 1114 adprobet
1048 1070 1086 1104 et
1105 1070 1194 1104 ante
1213 1066 1317 1103 illum
1338 1068 1562 1103 consortem

313 1123 439 1171 patris
468 1132 585 1171 quam
620 1129 894 1160 successorem
927 1120 1131 1168 adspiciat.
1171 1129 1262 1158 sera
1287 1124 1328 1157 et-
1350 1117 1561 1166 nepotibus

315 1177 471 1215 demum
498 1175 645 1215 nostris
671 1174 757 1213 dies
782 1178 876 1213 nota
903 1174 973 1221 sit,
1005 1185 1083 1222 qua
1105 1174 1211 1212 illum
1235 1183 1335 1221 gens
1357 1179 1430 1212 sua
1448 1173 1560 1211 coelo

315 1231 486 1269 adserat.
648 1258 651 1261 -

279 1290 298 1324 1
394 1285 495 1323 XIII.
532 1287 617 1332 [32]
646 1283 812 1322 Abstine
833 1282 882 1320 ab
901 1281 979 1320 hoc
996 1292 1135 1320 manus
1154 1285 1262 1329 tuas,
1289 1281 1462 1327 fortuna,
1487 1290 1562 1318 nec

315 1339 355 1378 in
374 1339 449 1378 isto
470 1339 682 1388 potentiam
701 1343 806 1376 tuam
826 1335 902 1374 nisi
924 1347 970 1374 ea
990 1340 1118 1384 parte,
1149 1345 1227 1384 qua
1243 1335 1409 1384 prodeS,
1431 1339 1561 1373 osten-

317 1392 435 1432 deris.
477 1398 612 1441 patere
638 1393 746 1430 illum
770 1391 904 1440 generi
924 1391 1093 1429 humano
1113 1390 1189 1428 iam
1210 1389 1278 1428 diu
1298 1399 1416 1437 aegro
1437 1393 1474 1427 et
1493 1388 1558 1427 ad-

315 1448 419 1487 fecto
436 1448 598 1486 mederi.
626 1452 760 1495 patere
781 1444 968 1494 quicquid
984 1445 1126 1493 prioris
1142 1443 1331 1493 principis
1348 1445 1455 1482 furor
1469 1453 1561 1480 con-

316 1502 462 1551 cussit,
486 1502 526 1540 in
545 1512 656 1541 suum
675 1502 806 1539 locum
824 1501 1028 1538 restituere
1046 1510 1093 1538 ac
1113 1508 1317 1547 reponere.
1346 1497 1457 1536 sidus
1471 1496 1560 1544 hoc,

318 1557 426 1605 quod
451 1557 705 1605 praecipitato
732 1556 771 1593 in
798 1554 1035 1603 profundum
1054 1559 1093 1592 et
1113 1554 1295 1592 demerso
1323 1552 1362 1590 in
1380 1551 1562 1591 tenebras

279 1615 302 1648 2
317 1611 402 1651 orbi
418 1611 590 1658 refulsit,
617 1620 774 1658 semper
791 1611 928 1648 luceat.
967 1609 1040 1646 Hic
1057 1607 1304 1647 Germaniam
1320 1608 1459 1655 placet,
1477 1604 1561 1644 Bri·

314 1665 486 1705 tanniam
513 1666 680 1714 aperiat,
713 1668 752 1702 et
784 1664 932 1712 patrios
963 1662 1180 1710 triumphos
1208 1662 1323 1700 ducat
1349 1665 1387 1700 et
1419 1670 1561 1698 novos.

317 1730 485 1769 quorum
511 1730 574 1758 me
603 1728 764 1768 quoque
790 1722 1053 1766 spectatorem
1075 1719 1264 1763 futurum,
1293 1725 1395 1764 quae
1415 1725 1465 1753 ex
1486 1713 1561 1752 vir-

314 1774 462 1813 tutibus
490 1774 575 1812 eius
602 1774 768 1822 primum
795 1772 942 1811 obtinet
965 1773 1113 1819 locum,
1142 1770 1326 1820 promittit
1345 1769 1560 1808 clementia.

315 1839 390 1867 nec
409 1829 512 1867 enim
531 1828 589 1866 sic
608 1838 671 1866 me
690 1827 848 1874 deiecit,
868 1831 912 1865 ut
929 1827 1048 1865 nollet
1067 1827 1216 1874 erigere
1228 1854 1237 1871 ,
1257 1824 1373 1862 immo
1389 1832 1439 1861 ne
1454 1823 1559 1861 deie-

317 1883 369 1922 cit
387 1883 562 1932 quidem,
583 1883 656 1920 sed
674 1883 871 1930 inpulsum
891 1891 915 1919 a
933 1882 1088 1920 fortuna
1106 1885 1145 1919 et
1163 1879 1364 1918 cadentem
1378 1876 1561 1916 sustinuit

317 1943 356 1976 et
373 1938 413 1975 in
435 1947 630 1986 praeceps
650 1941 804 1975 euntem
824 1933 963 1974 leniter
980 1936 1134 1974 divinae
1152 1943 1289 1972 manus
1307 1943 1405 1971 usus
1425 1932 1558 1970 mode-

317 1992 467 2031 ratione
487 1990 680 2039 deposuit.
712 1991 946 2038 deprecatus
963 1995 1022 2029 est
1038 1997 1109 2038 pro
1123 1996 1185 2026 me
1200 1992 1375 2026 senatum
1391 1991 1429 2025 et
1442 1986 1559 2023 vitam

281 2052 304 2088 3
317 2045 411 2083 mihi
429 2056 507 2083 non
527 2050 673 2085 tantum
694 2043 820 2092 dedit,
847 2045 919 2083 sed
938 2044 1053 2083 etiam
1075 2040 1191 2092 petiit.
1233 2041 1386 2079 Viderit
1405 2040 1559 2088 qualem

316 2100 422 2138 volet
440 2110 530 2138 esse
550 2105 587 2139 et
603 2100 779 2139 aestimet
798 2109 958 2138 causam
976 2108 1120 2138 meam:
1148 2096 1210 2134 vel
1225 2095 1372 2134 iustitia
1387 2095 1472 2133 eius
1487 2094 1558 2132 bo-

316 2164 408 2191 nam
428 2155 642 2202 perspiciat
659 2155 724 2193 vel
747 2153 952 2193 clementia
975 2153 1089 2192 faciat
1105 2151 1268 2190 bonam:
1296 2153 1500 2197 utrumque
1518 2148 1559 2186 in

318 2217 447 2256 aequo
478 2208 570 2247 mihi
605 2210 690 2248 eius
714 2208 948 2247 beneficium
978 2207 1065 2251 erit,
1103 2205 1187 2243 sive
1218 2204 1464 2242 innocentem
1495 2211 1559 2240 me

319 2262 451 2300 scierit
475 2272 584 2309 esse,
614 2265 698 2302 sive
723 2263 900 2302 voluerit.
945 2260 1096 2300 Interim
1116 2268 1297 2307 magnum
1316 2258 1557 2296 miseriarum

319 2326 493 2356 mearum
517 2317 697 2356 solatium
723 2323 785 2356 est
811 2317 946 2356 videre
977 2313 1282 2353 misericordiam
1318 2311 1402 2351 eius
1434 2315 1557 2350 totum
