1624 2626
348 180 416 221 DE
434 179 724 221 BREVITATE
742 179 911 219 VITAE.
931 185 966 220 2.
980 184 1015 220 3.
1242 177 1324 219 199

49 283 249 335 inspicere
275 286 314 322 te
339 292 549 331 umquam,
579 291 658 319 non
681 280 821 320 audire
842 278 1029 330 dignatus
1049 291 1108 320 es.
1153 279 1242 320 Non
1263 285 1325 320 est

50 342 204 391 itaque,
233 338 343 388 quod
364 337 442 377 ista
460 336 594 377 officia
615 336 802 386 cuiquam
820 336 1000 386 inputes,
1030 335 1220 386 quoniam
1240 337 1325 386 qui-

51 397 161 443 dem,
190 406 279 434 cum
298 395 365 433 illa
385 395 559 441 faceres,
578 404 659 432 non
676 403 770 433 esse
786 403 875 433 cum
890 393 1027 443 aliquo
1042 392 1211 432 volebas
1222 423 1232 442 ,
1253 393 1327 432 sed

52 458 180 493 tecum
201 461 294 490 esse
312 462 393 490 non
416 455 591 499 poteras.

132 507 199 546 ΙΙΙ.
229 506 369 545 Omnia
386 506 497 555 licet,
527 515 632 554 quae
654 515 843 554 umquam
862 503 1022 554 ingenia
1042 504 1260 553 fulserunt,
1288 505 1329 544 in
1346 510 1365 543 1

50 563 129 603 hoc
146 574 269 602 unum
289 562 556 609 consentiant,
588 572 806 610 numquam
826 560 923 601 satis
943 560 1048 599 hanc
1066 559 1329 600 humanarum

51 619 240 658 mentium
267 618 476 667 caliginem
505 617 768 657 mirabuntur:
799 616 966 666 praedia
991 627 1067 656 sua
1095 617 1286 666 occupari
1306 628 1331 656 a

51 676 159 714 nullo
176 674 378 724 patiuntur
393 678 448 723 et,
469 674 504 713 si
520 674 667 722 exigua
683 672 882 713 contentio
900 677 962 711 est
977 673 1028 711 de
1042 673 1164 712 modo
1179 673 1330 721 finium,

51 731 104 770 ad
130 731 286 780 lapides
315 735 354 769 et
381 740 492 768 arma
519 730 767 768 discurrunt:
796 729 836 768 in
863 728 984 767 vitam
1010 739 1124 768 suam
1143 730 1331 768 incedere

52 786 154 825 alios
184 785 338 833 sinunt,
370 786 488 825 immo
515 795 612 824 vero
637 785 716 834 ipsi
735 785 853 824 etiam
874 795 1140 834 possessores
1161 785 1248 824 eius
1269 785 1330 824 su-

53 846 165 881 turos
186 842 390 880 inducunt.
432 852 550 881 nemo
571 841 789 890 invenitur,
819 840 888 891 qui
907 841 1120 890 pecuniam
1140 851 1254 879 suam
1273 841 1329 879 di—

54 898 192 936 videre
220 897 334 936 velit=
367 897 484 936 vitam
505 897 788 946 unusquisque
808 908 928 947 quam
955 896 1086 936 multis
1107 896 1334 935 distribuit?

52 953 232 992 adstricti
247 953 392 992 suntin
406 953 648 992 continendo
666 953 922 1002 patrimonio:
944 953 1060 991 simul
1076 953 1128 991 ad
1142 952 1334 991 iacturam

51 1009 246 1058 temporis
269 1013 428 1048 ventum
449 1013 530 1055 est,
560 1008 832 1058 profusissimi
847 1009 886 1047 in
902 1018 972 1055 eo,
995 1007 1110 1047 cuius
1125 1008 1244 1047 unius
1260 1007 1332 1047 ho-

53 1070 171 1104 nesta
189 1064 355 1104 avaritia
369 1069 443 1103 est.
470 1064 585 1104 Libet
598 1065 734 1114 itaque
748 1075 800 1103 ex
816 1064 1018 1104 seniorum
1034 1064 1149 1103 turba
1165 1074 1332 1113 conprc-
1347 1071 1369 1105 2

52 1120 232 1160 hendere
259 1120 450 1170 aliquem=
478 1120 744 1170 „pervenisse
770 1124 810 1159 te
829 1120 881 1159 ad
902 1120 1079 1159 ultimum
1101 1120 1241 1159 aetatis
1260 1119 1332 1159 hu-

52 1187 194 1215 manae
206 1176 400 1216 videmus.
430 1177 672 1215 centesimus
686 1176 757 1216 tibi
767 1176 832 1215 vel
845 1187 968 1225 supra
981 1176 1172 1225 premitur
1181 1186 1332 1215 annus:

52 1232 244 1282 agedum,
281 1232 333 1271 ad
362 1233 686 1281 conputationem
713 1236 881 1272 aetatem
910 1237 1018 1272 tuam
1052 1242 1214 1271 revoca.
1255 1232 1334 1280 dic,

54 1293 246 1338 quantum
265 1298 318 1327 ex
338 1287 414 1328 isto
430 1293 610 1337 tempore
626 1287 811 1336 creditor,
834 1293 1023 1338 quantum
1039 1287 1187 1336 amica,
1209 1298 1333 1337 quan-

52 1349 137 1384 tum
162 1354 254 1394 rex,
285 1349 474 1393 quantum
494 1344 620 1383 cliens
639 1344 858 1384 abstulerit.
897 1348 1089 1394 quantum
1107 1343 1157 1383 lis
1178 1344 1333 1391 uxoria,

55 1405 245 1448 quantum
261 1410 468 1440 servorum
485 1400 685 1448 coercitio,
704 1404 894 1450 quantum
907 1400 1090 1439 officiosa
1106 1410 1180 1448 per
1193 1400 1336 1439 urbem

60 1455 314 1495 discursatio.
357 1457 471 1495 adice
489 1457 673 1505 morbos,
710 1467 814 1506 quos
845 1467 965 1495 manu
995 1456 1175 1495 fecimus.
1220 1456 1336 1495 adice

58 1510 169 1560 quod
196 1515 236 1550 et
261 1511 349 1550 sine
375 1523 454 1551 usu
475 1512 613 1552 iacuit:
644 1512 800 1552 videbis
820 1517 859 1551 te
883 1512 1095 1561 pauciores
1117 1522 1245 1551 annos
1264 1511 1335 1550 ha-

58 1567 155 1604 bere
183 1577 301 1615 quam
330 1578 527 1608 numeras.
581 1569 735 1618 Repete
761 1567 955 1607 memoria
979 1573 1133 1615 tecum,
1171 1567 1372 1617 quand03

58 1626 192 1661 certus
221 1622 375 1661 consilii
402 1622 548 1671 fueris,
587 1629 736 1673 quotus
767 1623 942 1674 quisque
968 1623 1055 1662 dies
1090 1629 1134 1663 ut
1161 1623 1336 1663 destina-

58 1687 177 1716 veras
202 1678 437 1727 recesserit,
464 1679 625 1728 quando
655 1679 723 1720 tibi
750 1690 850 1720 usus
867 1680 925 1720 tui
945 1680 1082 1728 suerit,
1113 1680 1277 1729 quando
1298 1679 1337 1717 in

58 1737 165 1772 statu
184 1744 259 1772 suo
278 1734 434 1782 voltus,
460 1735 623 1783 quando
643 1736 799 1775 animus
818 1736 1061 1785 intrepidus,
1093 1736 1190 1784 quid
1208 1734 1277 1775 tibi
1297 1734 1338 1773 in

59 1794 140 1828 tam
166 1789 288 1838 longo
317 1800 420 1829 aevo
450 1790 542 1829 facti
563 1791 698 1839 operis
718 1791 788 1838 sit,
820 1802 940 1840 quam
959 1790 1071 1831 multi
1089 1792 1211 1831 vitam
1230 1796 1338 1830 tuam

59 1843 299 1894 diripuerint
315 1851 355 1885 te
374 1856 455 1884 non
476 1847 688 1896 sentiente,
709 1846 806 1896 quid
825 1848 1040 1897 perderes,
1063 1853 1254 1896 quantum
1270 1857 1338 1885 va-

61 1911 137 1939 nus
168 1900 303 1949 dolor,
334 1903 454 1940 stulta
482 1901 646 1949 laetitia,
678 1902 797 1941 avida
826 1903 1045 1953 cupiditas,
1073 1903 1222 1942 blanda
1242 1912 1338 1941 con-

59 1956 235 1996 versatio
256 1957 480 2005 abstulerit,
502 1969 621 2006 quam
637 1958 824 2007 exiguum
839 1959 908 1998 tibi
926 1959 977 1997 de
992 1965 1061 1999 tuo
1075 1959 1255 1997 relictum
1269 1958 1338 1998 sit:

61 2011 269 2062 intelleges
303 2017 342 2052 te
375 2013 611 2052 inmaturum
643 2014 784 2053 mori.“
845 2014 972 2063 Quid
1010 2024 1130 2062 ergo
1171 2019 1250 2054 est
1289 2014 1338 2053 in
1353 2023 1376 2059 4

62 2073 251 2107 causa?
277 2074 526 2119 tamquam
556 2079 754 2118 semper
775 2070 965 2109 victuri
984 2068 1180 2109 vivitis.
1227 2079 1339 2109 num-

63 2133 186 2173 quam
212 2124 330 2164 vobis
358 2125 550 2174 fragilitas
580 2129 716 2163 vestra
743 2125 951 2165 succurrit.
999 2136 1081 2164 non
1099 2124 1337 2176 observatis,

64 2184 255 2228 quantum
274 2180 352 2219 iam
371 2181 563 2231 temporis
582 2181 794 2219 transierit.
824 2182 935 2220 velut
953 2191 1004 2219 ex
1023 2181 1142 2229 pleno
1159 2185 1198 2220 ct
1211 2182 1336 2222 abun-

63 2234 173 2275 danti
201 2236 389 2285 perditis,
424 2247 514 2276 cum
543 2236 697 2275 interim
727 2238 901 2276 fortasse
929 2237 995 2275 ille
1020 2236 1110 2286 ipse
1131 2237 1199 2286 qui
1219 2237 1338 2277 alicui

64 2291 128 2329 vel
156 2290 306 2331 homini
331 2293 397 2331 vel
418 2292 478 2332 rei
497 2293 669 2331 donatur
687 2291 774 2331 dies
794 2293 955 2332 ultimus
982 2292 1046 2331 sit.
1082 2292 1222 2332 Omnia
1239 2298 1336 2333 tam-

67 2356 187 2394 quam
205 2347 395 2388 mortales
414 2348 580 2398 timetis,
615 2348 748 2389 omnia
767 2352 970 2399 tamquam
991 2347 1220 2389 inmortales
1242 2359 1336 2388 con-
