1624 2626
212 153 468 194 ACCIDANT
498 151 604 193 CUM
634 150 981 192 PROVIDENTIA
1009 150 1098 191 SIT.
1142 150 1212 190 IV.
1305 148 1356 190 11

70 267 144 296 sua
170 256 313 306 portio.
353 255 537 306 quisquis
557 254 717 293 videtur
745 252 936 292 dimissus
963 261 1078 299 esse,
1110 252 1256 291 dilatus
1284 258 1358 291 est.

69 313 200 360 Quare
227 312 327 351 deus
363 311 556 361 optimum
586 319 787 359 quemque
816 313 884 347 aut
909 309 1017 347 mala
1044 308 1264 347 valitudine
1292 312 1398 349 auts

69 369 179 407 luctu
197 372 266 407 aut
283 367 373 407 aliis
394 366 659 406 incommodis
675 362 838 404 adficit?
865 364 959 413 quia
978 364 1017 402 in
1034 364 1177 403 castris
1197 373 1361 413 quoque

69 423 299 473 periculosa
320 422 548 462 fortissimis
575 422 838 471 imperantur,
867 420 950 459 dux
976 420 1218 459 lectissimos
1245 418 1362 458 mittit

70 479 137 528 qui
165 478 369 518 nocturnis
397 478 536 518 hostes
565 477 850 526 adgrediamur
876 476 1032 515 insidiis
1061 480 1130 515 aut
1149 476 1362 524 explorent

69 535 142 574 iter
161 540 229 574 aut
244 534 488 584 praesidium
508 534 598 573 loco
620 533 803 572 deiciant.
833 542 951 571 nemo
969 542 1109 570 eorum
1126 530 1194 580 qui
1214 535 1362 569 exeunt

69 590 183 629 dicit:
212 590 316 629 male
337 591 387 629 de
407 601 470 629 me
490 590 709 638 imperator
726 588 888 636 meruit,
909 587 1003 626 sed:
1031 587 1136 626 bene
1155 586 1360 625 iudicavit.

68 645 176 685 idem
203 646 338 685 dicant
366 646 611 694 quicumque
637 644 824 683 iubentur
843 642 927 693 pati
952 643 1100 682 timidis
1120 642 1362 691 ignavisque

68 701 235 740 flebilia:
257 701 365 750 digni
385 701 462 740 visi
482 711 622 740 sumus
643 700 720 738 deo
735 700 775 738 in
793 699 938 749 quibus
954 698 1214 748 experiretur,
1236 708 1361 746 quan-

68 762 151 796 tum
179 756 355 796 humana
381 762 524 796 natura
552 759 694 805 posset
722 755 816 804 pati.
857 755 998 804 Fugite
1020 753 1208 801 delicias,
1238 753 1399 802 fugitas

68 818 297 851 enervatam
325 812 573 858 felicitatem,
603 821 681 860 qua
709 810 828 850 animi
857 810 1169 860 permadescunt
1196 813 1254 856 et,
1283 808 1363 848 nisi

68 868 219 916 aliquid
246 868 458 906 intervenit
485 867 596 917 quod
623 866 820 905 humanae
849 866 969 906 sortis
991 865 1225 913 admoneat,
1253 865 1364 904 velut

68 927 263 971 perpetua
285 923 475 962 ebrietate
495 922 629 972 sopiti.
660 932 779 971 quem
799 921 1027 970 specularia
1046 930 1208 970 semper
1227 920 1276 958 ab
1293 920 1363 958 ad·

70 978 170 1017 flatu
198 978 520 1026 vindicaverunt,
557 978 670 1016 cuius
700 977 828 1026 pedes
857 977 958 1016 inter
984 977 1162 1015 fomenta
1190 976 1363 1014 subinde

69 1038 217 1072 mutata
244 1038 472 1083 tepuerunt,
502 1033 615 1072 cuius
644 1032 904 1072 coenationes
933 1031 1120 1071 subditus
1142 1036 1181 1070 et
1201 1030 1361 1080 parieti-

69 1089 147 1127 bus
177 1089 442 1128 circumfusus
473 1089 583 1128 calor
609 1088 861 1137 temperavit,
892 1087 998 1127 hunc
1025 1088 1127 1126 levis
1156 1097 1254 1126 aura
1280 1097 1362 1125 non

69 1144 157 1184 sine
176 1145 354 1194 periculo
375 1145 554 1193 stringet.
593 1144 689 1183 Cum
715 1143 849 1182 omnia
870 1153 974 1192 quae
995 1147 1261 1182 excesserunt
1278 1153 1362 1181 mo·
1375 1145 1420 1179 10

68 1200 162 1239 dum
182 1205 363 1248 noceant,
386 1199 730 1248 periculosissima
745 1199 942 1239 felicitatis
960 1198 1265 1248 intemperantia
1281 1204 1362 1238 est:

68 1260 204 1294 movet
223 1256 451 1304 cerebrum,
479 1254 520 1294 in
539 1266 667 1294 vanas
687 1259 842 1294 mentes
863 1255 1057 1303 imagines
1079 1260 1241 1303 evocat,
1263 1255 1363 1293 mul-

68 1316 151 1350 tum
170 1310 271 1350 inter
290 1311 436 1350 falsum
455 1321 502 1350 ac
518 1322 660 1350 verum
677 1310 834 1349 mediae
855 1310 1036 1358 caliginis
1052 1311 1194 1349 fundit.
1225 1310 1364 1359 quidni

67 1366 117 1405 iis
137 1367 262 1406 satius
283 1366 334 1406 sit
361 1371 595 1416 perpetuam
621 1366 890 1405 infelicitatem
910 1366 1109 1406 advocata
1129 1365 1274 1405 virtute
1295 1376 1362 1404 su-

70 1422 219 1462 stinere
245 1433 364 1472 quam
391 1421 556 1461 infinitis
584 1427 704 1470 atque
729 1422 942 1460 inmodicis
969 1421 1087 1460 bonis
1115 1421 1275 1470 rumpi?
1308 1422 1362 1460 Ιε-

69 1478 158 1516 nior
184 1477 331 1517 ieiunio
361 1488 470 1517 mors
497 1483 577 1517 est:
609 1477 803 1516 cruditate
831 1477 1044 1516 dissiliunt.
1086 1477 1200 1516 Hanc
1223 1476 1362 1525 itaque
1375 1482 1418 1516 11

69 1532 265 1572 rationem
285 1533 326 1572 di
353 1538 577 1582 sequuntur
594 1532 634 1572 in
654 1533 773 1572 bonis
792 1532 911 1579 viris,
935 1544 1055 1582 quam
1082 1532 1123 1571 in
1152 1533 1362 1582 discipulis

70 1589 156 1627 suis
179 1593 482 1637 praeceptores,
504 1588 573 1638 qui
592 1589 683 1638 plus
703 1588 854 1628 laboris
875 1588 925 1627 ab
942 1588 991 1627 iis
1012 1588 1198 1637 exigunt,
1218 1587 1257 1626 in
1275 1588 1362 1636 qui-

69 1643 148 1683 bus
177 1644 322 1682 certior
348 1654 444 1692 spes
474 1649 548 1686 est.
588 1643 783 1693 numquid
806 1649 848 1684 tu
867 1644 1022 1684 invisos
1046 1654 1138 1683 esse
1158 1644 1361 1682 Lacedae-

70 1698 216 1738 moniis
243 1699 393 1738 liberos
413 1709 513 1738 suos
533 1700 685 1748 credis,
715 1711 886 1748 quorum
906 1701 1167 1749 experiuntur
1186 1700 1363 1738 indolem

68 1755 231 1804 publice
245 1754 483 1793 verberibus
503 1755 702 1794 admotis?
721 1754 799 1804 ipsi
818 1755 909 1795 illos
930 1761 1066 1804 patres
1087 1755 1362 1802 adhortantur,

67 1815 112 1849 ut
138 1810 241 1849 ictus
261 1809 513 1858 flagellorum
533 1811 686 1850 fortiter
705 1811 907 1860 perferant
932 1816 972 1850 et
996 1813 1155 1850 laceros
1175 1821 1223 1849 ac
1244 1810 1362 1848 semi-

71 1866 224 1905 animes
243 1871 405 1914 rogant‚
430 1871 691 1914 perseverent
710 1867 876 1906 volnera
895 1867 1093 1915 praebere
1112 1865 1359 1905 volneribus.

70 1921 175 1969 Quid
202 1921 362 1968 mirum,
399 1922 434 1959 si
470 1921 568 1959 dure
594 1931 817 1969 generosos
845 1923 1011 1971 spiritus
1039 1923 1142 1960 deus
1170 1920 1416 1970 temptat212

70 1987 289 2025 numquam
318 1976 473 2016 virtutis
501 1978 620 2016 molle
648 1977 929 2017 documentum
958 1983 1032 2016 est.
1074 1977 1261 2016 verberat
1283 1988 1359 2016 nos

70 2037 111 2072 et
136 2033 285 2071 lacerat
312 2032 482 2071 fortuna.
523 2031 740 2081 patiamur:
765 2044 846 2072 non
871 2038 934 2072 est
953 2031 1138 2081 saevitia,
1159 2037 1361 2071 certamen

70 2092 152 2134 est,
182 2088 292 2136 quod
320 2087 356 2127 si
384 2088 549 2137 saepius
574 2087 810 2136 adierimus,
839 2087 1027 2127 fortiores
1058 2089 1219 2127 erimus.
1264 2088 1360 2127 soli-

71 2142 238 2182 dissima
265 2144 448 2192 corporis
477 2154 573 2193 pars
601 2148 663 2182 est
692 2154 811 2192 quam
839 2144 1029 2192 frequens
1055 2154 1156 2182 usus
1178 2143 1359 2192 agitavit:

70 2197 292 2247 praebendi
318 2199 501 2238 fortunae
521 2210 681 2245 sumuS‚
709 2203 752 2238 ut
779 2204 918 2238 contra
935 2199 1040 2238 illam
1060 2199 1110 2238 ab
1130 2200 1222 2248 ipsa
1242 2199 1360 2238 dure-

70 2263 171 2292 mur.
202 2255 387 2303 paulatim
409 2266 487 2294 nos
507 2255 582 2294 sibi
602 2265 721 2304 pares
743 2254 873 2294 faciat.
911 2260 1180 2304 contemptum
1199 2253 1358 2304 pericu-

70 2309 200 2349 lorum
220 2309 442 2350 adsiduitas
463 2310 713 2360 periclitandi
733 2310 855 2350 dabit.
885 2310 951 2350 Sic
970 2316 1062 2351 sunt
1078 2311 1248 2351 nauticis
1270 2321 1357 2350 cor-
1369 2311 1414 2347 13
