1592 2580
281 163 334 203 92
652 162 696 202 L.
723 142 912 204 ANNAEI
942 166 1166 207 SENECAE

280 274 395 312 quam
425 263 594 302 animum
621 274 735 302 suum
763 265 963 303 continere
988 271 1026 305 et
1057 267 1214 306 tradere
1247 268 1335 307 sibi.
1386 268 1536 319 Platon,

275 318 419 366 inquit,
449 318 530 365 agit
556 318 710 357 Socrati
737 319 902 366 gratias,
934 321 1042 368 quod
1069 322 1118 360 ab
1145 322 1210 360 illo
1231 323 1383 362 didicit:
1415 335 1558 372 quare⁴
1586 361 1592 376 ,

277 372 461 410 Socrates
485 372 558 410 sibi
579 384 657 411 non
678 378 785 421 agat,
811 373 919 422 quod
939 374 1027 423 ipse
1043 387 1086 414 se
1103 377 1264 415 docuit?
1289 378 1340 415 M.
1354 378 1446 417 Cato
1464 380 1536 417 ait:
1588 378 1592 422 ξ

275 428 403 475 „quod
424 428 492 464 tibi
514 428 652 475 deerit,
685 439 710 465 a
734 433 768 466 te
791 431 874 477 ipso
893 433 1104 468 mutuare.“
1142 442 1264 479 quare
1280 433 1428 471 donare
1444 433 1538 471 mihi
1579 435 1592 446 ²

238 489 259 523 6
276 492 353 519 non
374 490 556 529 possum,
586 482 620 520 si
643 484 894 521 commodare
914 489 1105 531 possum?
1131 486 1434 526 Innumerabilia
1448 493 1539 527 sunt
1590 488 1592 494 ’

274 536 312 573 in
335 536 479 584 quibus
500 538 748 575 consuetudo
773 548 847 575 nos
869 538 1022 577 dividit:
1053 539 1184 578 dicere
1214 542 1409 580 solemus:
1444 545 1536 589 sine,
1590 592 1592 594 ι

273 593 410 638 loquar
435 601 579 629 mecum
599 597 637 630 et
654 602 724 639 eqo
745 594 840 631 mihi
856 603 987 632 aurem
1002 597 1223 642 pervellam.
1262 606 1364 643 quae
1386 596 1420 634 si
1443 607 1538 635 vera

274 649 383 691 sunt,
413 646 745 693 quemadmodum
765 647 907 695 aliquis
927 648 1001 686 sibi
1021 647 1139 687 irasci
1158 650 1294 697 debet,
1324 650 1382 688 sic
1397 656 1436 689 et
1449 661 1536 698 gra—

272 700 346 737 tias
374 709 503 746 agere.
546 701 748 748 quomodo
770 701 977 750 obiurgare
1000 713 1063 750 se,
1094 703 1151 741 sic
1172 708 1209 742 et
1227 704 1402 743 laudare.
1439 716 1535 754 quo-

272 754 391 792 modo
409 754 553 792 damno
575 755 649 793 sibi
671 766 783 803 esse,
807 755 864 794 sic
883 762 921 796 et
938 758 1048 795 lucro
1070 762 1211 806 potest.
1258 759 1401 797 Iniuria
1416 759 1535 798 etbe-

274 808 455 846 neficium
486 810 681 847 contraria
707 815 809 849 sunt.
853 811 887 849 si
913 811 964 849 de
984 813 1117 860 aliquo
1138 812 1325 851 dicimus:
1354 816 1537 853 iniuriam

270 864 344 902 sibe·
358 863 472 910 fecit,
502 864 717 911 poterimus
738 865 870 903 dicere
891 870 930 904 et
950 867 1169 913 beneficium
1187 869 1260 906 sibi
1278 869 1420 907 dedic.“

236 925 252 957 1
345 917 447 955 VIII.
479 918 639 964 [Natura
656 919 729 957 sibi
747 919 880 966 dedit]
916 921 1062 959 Natura
1082 921 1190 968 prius
1207 927 1285 970 est,
1305 927 1347 961 ut
1362 922 1450 971 quis
1468 924 1534 961 de·

272 972 379 1018 beat,
401 972 545 1011 deinde
564 978 606 1011 ut
624 974 787 1020 gratiam
806 975 961 1013 referat.
998 976 1151 1013 debitor
1170 987 1249 1015 non
1269 978 1433 1015 estsine
1449 988 1534 1016 cre-

271 1026 417 1072 ditore,
447 1037 525 1064 non
549 1028 674 1075 magis
699 1039 816 1076 quam
838 1029 999 1069 maritus
1023 1030 1108 1068 sine
1130 1041 1253 1070 uxore
1267 1037 1332 1070 aut
1352 1032 1438 1070 sine
1453 1032 1535 1071 filio

270 1086 394 1128 pater.
421 1080 578 1129 Aliquis
591 1082 687 1119 dare
706 1083 834 1131 debet,
851 1088 895 1122 ut
911 1085 1052 1132 aliquis
1070 1085 1246 1133 accipiat.
1275 1097 1353 1124 non
1367 1091 1427 1125 est
1440 1087 1535 1125 dare

270 1144 342 1172 nee
369 1135 553 1182 accipere
581 1136 619 1172 in
648 1136 850 1175 dexteram
876 1149 1033 1176 manum
1057 1139 1107 1176 de
1130 1139 1289 1178 sinistra
1307 1141 1534 1180 transferre.

232 1196 254 1230 2
271 1189 475 1235 Quomodo
491 1200 606 1228 nemo
623 1200 668 1228 se
683 1196 824 1238 portat,
845 1194 1024 1240 quamvis
1040 1203 1186 1241 corpus
1201 1205 1313 1233 suum
1329 1200 1484 1234 moveat
1496 1200 1535 1234 et

268 1244 490 1282 transferat.
532 1245 732 1292 quomodo
753 1256 889 1293 nemo,
919 1247 1102 1295 quamvis
1121 1259 1194 1296 pro
1215 1260 1259 1287 se
1280 1250 1439 1297 dixerit,
1465 1250 1533 1288 ad-

269 1298 395 1336 fuisse
420 1297 496 1336 sibi
518 1298 659 1337 dicitur
678 1310 752 1338 nec
771 1305 939 1339 statuam
956 1301 1031 1340 sibi
1052 1307 1252 1351 tamquam
1272 1308 1439 1352 patrono
1459 1315 1532 1343 suo

267 1354 391 1400 ponit.
420 1354 621 1400 quomodo
635 1354 699 1400 [si]
710 1364 840 1403 aeger,
857 1365 946 1394 cum
963 1367 1056 1395 cura
1071 1368 1144 1395 sua
1161 1358 1367 1405 convaluit,
1383 1369 1533 1397 merce-

268 1407 357 1445 dem
372 1418 395 1445 a
411 1417 456 1444 se
473 1418 549 1445 non
567 1409 705 1455 exigit:
727 1409 838 1447 sicin
855 1410 958 1448 omni
975 1411 1144 1459 negotio,
1163 1413 1276 1450 etiam
1287 1423 1375 1450 cum
1385 1413 1534 1462 ailquid

267 1462 464 1509 prodesse
490 1462 564 1500 sibi
592 1462 745 1510 fecerit,
773 1474 852 1502 non
874 1469 1003 1504 tamen
1027 1466 1185 1504 debebit
1198 1468 1346 1506 referre
1369 1468 1533 1516 gratiam

230 1521 252 1554 3
268 1516 361 1562 sibi,
387 1516 480 1563 quia
495 1527 573 1554 non
588 1517 768 1565 habebit,
788 1519 851 1557 cui
870 1520 1027 1559 reserat.
1067 1521 1117 1560 Ut
1133 1522 1345 1559 concedam
1363 1523 1533 1571 aliquem

267 1571 362 1608 dare
383 1570 458 1608 sibi
486 1570 740 1610 beneficium:
774 1573 867 1611 dum
887 1574 972 1622 dat,
1003 1580 1042 1614 et
1063 1576 1214 1624 recipit.
1250 1581 1294 1614 ut
1316 1578 1532 1615 concedam

265 1625 436 1672 aliquem
465 1635 489 1662 a
514 1636 559 1664 se
583 1627 765 1675 accipere
785 1627 1039 1676 beneficium,
1071 1631 1163 1668 dum
1187 1631 1347 1679 accipit,
1381 1631 1529 1670 reddit:

266 1679 390 1726 domi,
410 1680 519 1728 quod
535 1680 661 1727 aiunt,
679 1692 845 1720 versura
861 1683 903 1722 fit
916 1689 954 1722 et
969 1685 1077 1723 velut
1090 1685 1281 1724 lusorium
1294 1696 1435 1724 nomen
1451 1691 1530 1724 sta—

265 1734 330 1771 tim
358 1734 521 1772 transit:
551 1746 683 1783 neque
711 1736 814 1775 enim
834 1738 933 1777 alius
955 1739 1021 1777 dat
1041 1750 1158 1787 quam
1180 1739 1247 1788 qui
1267 1739 1426 1788 accipit,
1457 1741 1531 1779 sed

263 1799 366 1827 unus
387 1794 506 1837 atque
526 1790 642 1828 idem.
689 1790 776 1829 Hoc
803 1793 966 1831 verbum
994 1794 1176 1832 debere
1203 1805 1282 1832 non
1309 1794 1426 1832 habet
1453 1795 1530 1833 nisi

266 1843 364 1881 inter
384 1843 486 1882 duos
506 1846 655 1884 locum:
686 1847 886 1893 quomodo
907 1858 1002 1895 ergo
1022 1849 1060 1886 in
1082 1860 1157 1887 uno
1174 1848 1371 1895 consistit,
1395 1848 1463 1897 qui
1483 1860 1529 1887 se

227 1903 250 1937 4
266 1898 476 1945 obligando
495 1898 661 1937 liberat?
695 1900 746 1939 Ut
764 1900 802 1938 in
818 1902 914 1940 orbe
935 1912 980 1940 ac
997 1903 1075 1951 pila
1090 1904 1182 1941 nihil
1199 1904 1316 1941 imum
1333 1908 1411 1950 est,
1432 1903 1528 1942 nihil

265 1963 478 2000 summum,
505 1954 600 1991 nihil
620 1959 855 2003 extremum,
880 1957 973 1995 nihil
989 1957 1175 2005 primum,
1199 1958 1290 2006 quia
1304 1963 1412 1996 motu
1428 1959 1527 1996 ordo

263 2011 434 2046 mutatur
459 2012 498 2046 et
521 2018 623 2057 quae
643 2010 910 2057 sequebantur
931 2013 1173 2059 praecedunt
1193 2016 1230 2050 et
1250 2023 1351 2060 quae
1371 2013 1527 2051 occide—

262 2060 357 2098 bant
377 2063 566 2110 oriuntur‚
587 2064 718 2102 omnia
734 2066 1107 2114 quomodocumque
1125 2067 1257 2111 ierint,
1279 2066 1318 2104 in
1342 2068 1446 2105 idem
1465 2078 1528 2105 re·

263 2121 483 2162 vertuntur,
511 2118 564 2156 ita
578 2117 616 2155 in
633 2118 791 2157 homine
807 2121 987 2159 existima
1002 2121 1098 2159 fieri.
1129 2131 1215 2159 cum
1231 2120 1338 2159 illum
1354 2123 1392 2160 in
1408 2122 1528 2159 multa

264 2172 495 2219 mutaveris,
520 2183 622 2211 unus
643 2177 715 2211 est.
747 2174 894 2213 Cecidit
914 2186 977 2213 se:
1001 2175 1223 2213 iniuriarum
1238 2186 1325 2214 cum
1342 2187 1420 2225 quo
1437 2180 1528 2224 agat

266 2233 343 2261 non
369 2224 498 2266 habet.
531 2227 717 2275 adligavit
740 2233 778 2265 et
801 2229 934 2267 clusit=
964 2230 1013 2267 de
1026 2229 1065 2267 vi
1081 2239 1158 2267 non
1175 2234 1341 2269 tenetur.
1375 2230 1524 2269 benefi-

232 2284 253 2316 5
270 2278 372 2317 cium
395 2280 470 2318 sibi
495 2281 623 2320 dedit:
652 2282 834 2331 protinus
859 2283 965 2322 danti
988 2282 1170 2325 reddidit.
1218 2285 1363 2324 Rerum
1386 2291 1525 2325 natura
