1624 2626
283 158 337 198 44
655 159 698 197 L.
727 159 917 197 ANNAEI
947 159 1172 198 SENECAE

244 256 357 295 4hos
389 261 517 295 tamen
551 255 717 305 Hispani
750 256 927 303 Gallique
953 260 990 294 et
1014 257 1135 294 Asiae
1163 255 1383 306 Syriaeque
1403 257 1541 295 molles

281 312 383 349 bello
415 311 507 358 viri,
541 316 750 359 antequam
781 311 883 358 legio
918 310 1082 357 visatur,
1116 311 1285 349 caedunt
1321 311 1371 349 ob
1397 312 1543 349 nullam

281 366 396 403 aliam
422 376 505 403 rem
539 370 783 413 opportunos
818 374 935 412 quam
962 364 1216 403 iracundiam.
1259 365 1439 412 Agedum
1466 366 1542 406 illis

281 420 535 467 corporibus,
556 420 632 458 illis
654 420 792 458 animis
815 419 995 466 delicias,
1024 419 1179 464 luxum,
1209 429 1307 466 opes
1328 419 1540 466 ignoranti—

279 474 354 512 bus
382 474 433 512 da
459 475 669 521 rationem,
703 475 755 512 da
781 473 1046 520 disciplinam:
1078 478 1121 511 ut
1140 473 1194 510 nil
1214 472 1381 521 amplius
1401 473 1540 521 dicam,

241 534 262 565 5
278 538 445 566 neeesse
464 527 537 566 erit
556 534 663 567 certe
690 528 805 566 nobis
830 537 961 566 mores
988 527 1190 566 Romanos
1213 533 1404 575 repetere.
1456 528 1540 574 Quo

277 582 353 620 alio
373 582 517 620 Fabius
538 583 714 621 adfectas
733 581 885 630 imperii
911 581 1017 620 vires
1045 581 1256 628 recreavit,
1287 592 1405 629 quam
1433 582 1541 629 quod

277 637 450 675 cunctari
470 641 509 675 et
527 637 680 675 trahere
700 641 738 674 et
756 637 899 674 morari
928 635 1058 682 scivit,
1088 646 1190 683 quae
1217 636 1349 675 omnia
1368 636 1452 674 irati
1473 646 1541 673 ne-

275 691 434 729 sciunt?
473 691 644 730 Perierat
662 691 878 738 imperium,
905 690 1012 738 quod
1032 695 1123 729 tunc
1142 691 1179 728 in
1199 695 1374 728 extremo
1399 690 1539 735 stabat,

274 746 309 782 si
326 745 470 783 Fabius
491 750 639 783 tantum
658 756 780 783 ausus
809 750 916 783 esset
942 749 1130 792 quantum
1158 745 1215 782 ira
1235 745 1444 783 suadebate
1473 744 1540 782 ha-

273 799 357 837 buit
376 800 412 836 in
435 800 599 838 consilio
622 801 817 838 fortunam
845 798 1041 847 publicam
1070 803 1108 836 et
1135 799 1346 837 aestimatis
1375 798 1538 845 viribus,

274 863 326 890 ex
351 854 494 901 quibus
516 854 590 891 iam
612 853 740 902 perire
769 853 864 892 nihil
893 854 977 891 sine
1008 853 1193 891 universo
1223 857 1396 901 poterat,
1426 853 1539 891 dolo-

272 918 354 944 rem
375 908 642 956 ultionemque
662 908 853 956 seposuit.
897 908 934 945 in
948 918 1066 945 unam
1081 907 1283 946 utilitatem
1302 912 1341 945 et
1360 907 1539 946 occasio-

236 961 346 999 fines
383 962 554 1000 intentus
588 963 683 1000 iram
716 966 807 1000 ante
837 961 931 1000 vicit
965 973 1080 1009 quam
1114 961 1385 1000 Hannibalem.
1438 961 1540 1008 Quid

274 1016 436 1064 Scipio?
480 1027 557 1054 non
586 1017 723 1054 relicto
748 1016 967 1054 Hannibale
988 1021 1026 1054 et
1043 1015 1191 1054 Punico
1213 1016 1388 1054 exercitu
1413 1016 1537 1054 omni-

270 1071 429 1118 busque
450 1071 592 1118 quibus
612 1071 861 1108 irascendum
883 1074 975 1116 erat,
992 1070 1135 1107 bellum
1155 1071 1193 1108 in
1218 1070 1392 1108 Africam
1411 1076 1537 1108 trans—

271 1124 356 1162 tulit
371 1130 448 1162 tam
469 1126 616 1172 lentus,
637 1130 678 1163 ut
699 1125 923 1172 opinionem
953 1124 1131 1162 luxuriae
1157 1125 1430 1172 segnitiaeque
1456 1136 1536 1163 rna·

234 1177 386 1226 7lignis
416 1180 552 1217 daret?
606 1179 706 1226 Quid
732 1180 829 1217 alter
856 1178 1017 1226 Scipio?
1056 1189 1135 1216 non
1164 1179 1268 1218 circa
1293 1179 1537 1218 Numantiam

270 1235 430 1271 multum
452 1234 598 1281 diuque
619 1232 722 1271 sedit
742 1238 780 1271 et
798 1233 902 1271 hunc
922 1243 1037 1271 suum
1063 1233 1339 1281 publicumque
1359 1234 1536 1272 dolorem

269 1297 397 1336 aequo
418 1289 547 1326 animo
567 1288 670 1334 tulit,
691 1287 837 1326 diutius
862 1287 1106 1325 Numantiam
1127 1298 1245 1335 quam
1265 1287 1537 1335 Carthaginem

270 1342 402 1380 vinci?
447 1343 538 1380 dum
560 1342 826 1380 clrcumvallat
845 1346 883 1379 et
901 1342 1064 1380 includit
1082 1341 1256 1387 hostem,
1278 1352 1326 1380 eo
1348 1343 1534 1390 conpulit,

229 1395 309 1433 8ut
327 1397 429 1434 ferro
451 1397 527 1444 ipsi
556 1407 629 1435 suo
651 1396 848 1434 caderent.
905 1396 991 1437 Non
1024 1400 1085 1434 est
1112 1396 1246 1443 itaque
1273 1397 1378 1435 utilis
1412 1407 1462 1434 ne
1495 1398 1533 1434 in

267 1452 428 1497 proeliis
450 1451 608 1499 quidem
628 1455 694 1488 aut
713 1451 825 1489 bellis
845 1450 915 1488 ira.
954 1451 993 1488 in
1013 1451 1267 1489 temeritatem
1287 1451 1388 1488 enim
1406 1462 1534 1498 prona
1599 1453 1606 1460 ²

267 1510 346 1550 est,
376 1510 414 1543 et
433 1506 608 1553 pericula
627 1506 719 1543 dum
739 1505 883 1543 inferre
903 1505 1001 1550 vult,
1031 1515 1109 1543 non
1139 1510 1262 1543 cavet.
1309 1506 1379 1542 Illa
1399 1506 1533 1544 certis—

266 1560 367 1597 sima
387 1565 448 1598 est
468 1561 592 1598 virtus
622 1570 724 1607 quae
752 1569 797 1596 se
824 1559 892 1597 diu
918 1559 1160 1606 multumque
1188 1560 1470 1607 circumspexit
1495 1564 1534 1597 et

265 1614 366 1651 rexit
385 1619 422 1652 et
443 1625 491 1652 ex
511 1615 615 1653 lento
638 1624 683 1651 ac
704 1614 897 1652 destinato
919 1614 1113 1661 provexit.

229 1673 247 1704 1
343 1668 425 1706 XII.
455 1669 583 1716 „Quid
603 1672 726 1715 ergo‘.2
754 1668 928 1716 [inquit,]
949 1668 1008 1705 vir
1026 1668 1157 1706 bonus
1177 1678 1255 1706 non
1276 1667 1468 1714 irascitur,
1497 1669 1532 1706 si
1592 1692 1594 1696 ν

266 1723 378 1761 caedi
400 1728 550 1771 patrem
571 1733 685 1761 suum
702 1722 855 1768 viderit,
877 1723 910 1760 si
930 1723 1015 1770 rapi
1034 1724 1253 1760 matrem2“
1281 1722 1366 1760 Non
1386 1722 1532 1760 irasce-

265 1783 346 1823 tur,
375 1778 445 1815 sed
466 1777 699 1824 vindicabit,
721 1777 794 1815 sed
812 1777 992 1815 tuebitur.
1037 1777 1134 1823 Quid
1155 1780 1311 1814 autem?
1337 1776 1461 1823 times,
1483 1787 1533 1814 ne

266 1842 402 1878 parum
430 1842 596 1879 magnus
624 1832 678 1870 illi
698 1831 878 1870 stimulus
898 1831 1013 1869 etiam
1034 1832 1119 1869 sine
1140 1831 1196 1878 ira
1217 1831 1340 1878 pietas
1363 1832 1439 1868 sit?
1467 1835 1534 1869 aut

244 1885 327 1932 ‚dic
355 1887 496 1925 eodem
523 1887 662 1924 modo:
693 1885 791 1933 Quid
812 1891 936 1933 ergo?
963 1896 1051 1924 cum
1071 1880 1202 1923 videat
1229 1884 1355 1922 secari
1384 1890 1531 1933 patrem

263 1951 377 1978 suum
399 1941 590 1988 filiumve,
609 1941 670 1978 vir
688 1941 818 1979 bonus
838 1951 918 1979 non
939 1939 1048 1978 flebit
1066 1949 1139 1978 nec
1157 1939 1354 1986 linquetur
1373 1941 1533 1978 animo?

264 2005 366 2042 quae
385 1997 567 2034 accidere
587 1995 741 2033 feminis
760 1994 961 2042 videmus,
992 1995 1173 2043 quotiens
1201 1993 1287 2032 illas
1306 1994 1406 2032 levis
1427 1994 1530 2042 peri-

224 2054 246 2086 2
262 2049 338 2087 culi
365 2050 542 2097 suspicio
573 2050 750 2098 perculit.
796 2049 936 2089 Officia
963 2059 1037 2088 sua
1061 2049 1121 2087 vir
1139 2047 1268 2085 bonus
1298 2048 1531 2097 exsequitur

261 2103 514 2150 inconfusus,
541 2104 776 2152 intrepidus.
813 2110 852 2143 et
878 2105 936 2142 sic
955 2105 1060 2142 bono
1082 2101 1164 2140 viro
1186 2102 1305 2149 digna
1324 2103 1459 2148 faciet,
1489 2107 1531 2140 ut

261 2158 356 2196 nihil
391 2157 509 2196 faciat
534 2159 619 2197 viro
651 2160 866 2207 indignum.
923 2158 1038 2197 Pater
1065 2156 1270 2196 caedetur:
1305 2157 1530 2196 defendam.

225 2214 247 2248 3
261 2222 403 2251 caesus
424 2217 504 2250 est:
524 2222 742 2260 exsequar,
771 2214 863 2262 quia
883 2215 1055 2260 oportet,
1075 2222 1153 2249 non
1177 2210 1268 2258 quia
1287 2212 1403 2250 dolet.
1435 2211 1530 2249 Cum

261 2266 337 2306 hoe
356 2267 477 2319 dicis,
497 2266 787 2317 Theophraste,
819 2267 977 2317 quaeris
998 2265 1184 2304 invidiam
1203 2266 1427 2314 praeceptis
1450 2265 1527 2304 sor-
