1592 2580
324 189 404 231 318
459 191 501 229 L.
517 192 565 228 A.
584 188 809 227 SENECAE
828 188 1008 228 NATUR.
1021 187 1228 236 QUAEST,
1247 188 1427 227 LIB.VlI.
1446 194 1503 229 32.

325 294 406 328 tota
433 293 548 326 sonat
574 287 776 335 pulpitum.
815 285 854 325 in
881 286 958 324 hoc.
983 286 1075 334 viri,
1103 286 1141 325 in
1167 287 1243 326 hoc
1272 287 1438 326 feminae
1457 286 1578 335 tripu-

326 344 445 381 diunt.
488 353 617 380 mares
645 341 744 380 inter
773 351 818 379 se
847 351 1074 390 uxoresque
1107 342 1363 388 contendunt,
1394 348 1480 380 uter
1515 342 1580 380 det

325 399 425 436 latus
453 397 541 435 iilis.
575 395 718 434 deinde
751 396 825 435 sub
852 406 1024 444 persona
1052 406 1138 434 eum
1167 396 1233 435 diu
1259 397 1347 435 trita
1375 397 1484 435 frons
1506 401 1577 441 est,

287 459 309 492 4
324 451 508 491 transitur
527 452 578 489 ad
597 451 768 499 galeam:
799 450 1074 499 philosophiae
1093 451 1199 489 nulla
1216 461 1311 489 cura
1329 456 1402 490 est.
1442 451 1579 499 Itaque

323 507 425 545 adeo
453 506 547 544 nihil
574 516 624 544 ex
650 506 710 544 his
739 506 944 553 invenitur,
976 516 1078 554 quae
1103 517 1240 554 parum
1260 505 1493 554 investigata
1511 516 1576 543 an-

323 561 421 609 tiqui
446 561 705 609 reliquerunt‚
740 566 782 598 ut
806 563 943 607 muita,
972 571 1075 609 quae
1104 561 1259 599 inventa
1286 566 1414 607 erant,
1443 560 1577 599 oblite-

323 620 474 654 rentur:
505 621 543 654 at
569 615 812 654 mehercules
833 616 867 654 si
886 616 963 654 hoc
983 617 1074 655 totis
1095 615 1278 654 membris
1301 625 1578 664 premeremus,

324 671 356 708 si
380 671 417 708 in
437 671 514 708 hoc
533 671 716 709 iuventus
738 671 872 708 sobria
891 670 1150 718 incumberet,
1180 670 1254 709 hoc
1273 669 1442 708 maiores
1460 669 1578 708 doee-

324 731 428 772 rent,
453 725 528 764 hoc
548 725 719 764 minores
739 725 1007 764 addiscerent:
1034 725 1099 763 vix
1120 725 1168 763 ad
1190 726 1351 764 fundum
1373 724 1578 770 veniretur,

325 781 362 817 in
393 791 470 828 quo
499 780 642 818 veritas
672 781 801 828 posita
822 785 900 828 est,
933 790 1050 829 quam
1071 780 1230 820 nuncin
1252 790 1403 820 summu
1423 784 1524 817 terra
1543 782 1581 815 et

326 835 399 873 levi
422 845 536 873 manu
559 836 796 883 quaerimus.
