1624 2626
435 519 482 574 1,.
517 515 702 573 mm
743 513 967 571 snitum

135 619 682 691 EPIGRAMMATA
720 625 961 692 SUPER
996 624 1276 692 EXlthl.

174 844 202 871 1.
519 843 582 871 An
612 841 883 871 consmAn.

121 888 285 929 Corsica
302 887 502 929 Phocaico
522 889 640 928 tellus
660 888 836 927 habitata
856 889 1001 928 colono
1013 918 1023 937 ‚

178 945 361 994 Corsica,
392 955 498 994 quae
517 944 646 994 patrio
665 945 828 984 nomine
848 945 1007 995 Cyrnus
1028 954 1140 992 eras,

121 1001 287 1042 Corsica
306 1000 492 1040 Sardinia
510 1000 690 1047 brevior,
717 1001 945 1049 porrectior
963 1000 1069 1049 Ilva,

176 1057 341 1097 Corsica
362 1055 538 1105 piscosis
559 1056 699 1105 pervia
717 1055 972 1103 fluminibus,

121 1113 286 1153 corsica
303 1112 510 1159 terribilis,
537 1122 630 1151 cum
649 1111 821 1160 primum
841 1111 1048 1151 incanduit
1065 1116 1221 1159 aestas,
1331 1117 1352 1150 5

178 1167 366 1216 Saevior,
396 1167 572 1207 ostendit
591 1178 681 1206 eum
703 1167 813 1205 ferus
834 1178 907 1206 ora
925 1168 1059 1214 canis,

118 1225 244 1264 Parce
260 1223 468 1273 relegatis,
494 1223 573 1262 hoc
593 1227 674 1271 est,
702 1222 782 1262 iam
802 1233 925 1272 parce
944 1223 1135 1274 sepultis:

174 1281 371 1320 Vivorum
391 1278 516 1319 cineri
535 1277 588 1318 sit
606 1283 675 1317 tua
694 1282 801 1317 terra
820 1279 937 1318 levis.

177 1347 222 1375 11.
570 1345 628 1372 DE
655 1344 836 1373 EADEM.

123 1391 303 1432 Barbara
322 1389 550 1441 praeruptis
571 1390 728 1430 inclusa
747 1395 810 1429 est
828 1390 994 1430 Corsica
1014 1390 1149 1440 saxis,

177 1447 372 1496 Horrida,
402 1447 575 1487 desertis
594 1447 776 1496 undique
797 1450 913 1485 vasta
931 1446 1047 1485 loeis.

123 1504 211 1543 Non
234 1514 353 1552 poma
372 1507 610 1550 autumnus,
639 1507 801 1551 segetes
820 1513 902 1542 non
922 1502 1068 1542 educat
1087 1507 1241 1549 aestas,

183 1559 371 1607 Canaque
388 1558 566 1597 Palladio
586 1569 753 1597 munere
771 1558 914 1597 bruma
934 1564 1057 1597 caret.

125 1615 362 1655 Umbrarum
383 1614 491 1653 nullo
508 1623 581 1653 ver
600 1618 664 1653 est
681 1614 866 1653 laetabile
887 1615 1017 1662 foetu,
1335 1621 1356 1654 5

180 1671 377 1719 Nullaque
395 1670 435 1708 in
456 1669 630 1708 infausto
650 1669 829 1708 nascitur
846 1669 972 1708 herba
991 1671 1094 1709 solo.

124 1727 212 1767 Non
233 1726 370 1776 panis,
396 1736 478 1764 non
498 1724 668 1764 haustus
688 1735 840 1774 aquae,
868 1735 951 1764 non
973 1726 1136 1765 ultimus
1156 1725 1281 1775 ignis:

180 1782 256 1822 Hic
275 1783 364 1821 sola
383 1781 485 1820 haec
504 1780 584 1820 duo
605 1784 717 1828 sunt,
749 1781 868 1820 exsul
891 1786 932 1820 et
950 1781 1152 1821 exsilium.

181 1849 243 1877 111.
588 1846 828 1881 QUERELA.

128 1892 262 1934 Occisi
281 1893 460 1942 iugulum
482 1891 668 1942 quisquis
689 1892 880 1931 scrutaris
902 1892 1038 1941 amici,

180 1951 240 1989 Tu
259 1949 450 1988 miserum
469 1949 642 1987 necdum
661 1958 726 1986 me
748 1948 847 1987 satis
870 1958 965 1987 esse
984 1953 1133 1998 putas?

127 2006 280 2045 Desere
300 2005 557 2044 confossum:
587 2004 731 2043 victori
749 2005 896 2043 volnus
915 2004 1055 2054 iniquo

181 2061 430 2101 Mortiferum
449 2059 642 2110 inpressit
660 2063 819 2098 mortua
842 2069 968 2109 saepe
988 2070 1146 2098 manus.

182 2127 238 2156 ιν.
647 2125 781 2153 1r131u.

129 2172 322 2222 Quisquis
341 2182 408 2220 es,
425 2194 483 2202 —
501 2176 542 2211 et
555 2181 702 2211 nomen
717 2171 870 2210 dicam=
897 2170 1015 2210 dolor
1032 2170 1166 2210 omnia
1182 2171 1288 2220 cogit
1308 2194 1358 2198 —

187 2228 259 2277 Qui
279 2233 462 2268 nostrum
482 2228 655 2267 cinerem
674 2236 800 2273 nunc,
827 2225 1008 2272 inimice,
1032 2227 1182 2276 premis

130 2283 179 2323 Et
197 2295 278 2323 non
299 2288 510 2324 contentus
531 2284 651 2323 tantis
670 2282 898 2331 subitisque
915 2283 1042 2321 ruinis

186 2339 356 2389 Stringis
375 2339 416 2379 in
437 2339 678 2379 exstinctum
697 2339 776 2377 tela
796 2342 963 2377 cruenta
979 2343 1118 2388 caput:
