1624 2626
306 155 371 195 DE
401 151 689 194 CLEMENTIA
722 151 815 190 LIB.
833 151 861 189 Ι.
891 156 1063 192 12—14.
1243 150 1324 192 289

44 257 310 298 miserabilem
332 255 461 304 illum,
491 253 566 293 sibi
588 257 718 293 certe!
757 263 848 292 nain
869 253 1014 292 ceteris
1032 251 1214 292 misereri
1234 253 1321 291 eius

44 315 159 354 nefas
187 312 259 361 sit,
287 309 571 361 qui.caedibus
607 320 654 348 ac
687 307 839 358 rapinis
874 309 1092 358 potentiam
1129 309 1322 357 exercuit,

45 370 114 420 qui
138 372 330 418 suspecta
349 366 425 407 sibi
449 371 591 406 cuncta
611 364 786 404 reddidit
811 369 889 403 tam
915 370 1082 404 externa
1109 375 1230 414 quam
1249 364 1320 404 do-

43 424 229 472 mestica,
250 434 340 463 cum
359 433 469 462 arma
488 425 637 460 metuat
658 421 711 458 ad
727 430 838 459 arma
852 420 1110 469 confugiens,
1129 431 1210 459 non
1226 421 1322 459 ami-

45 491 182 521 corum
201 480 295 519 fidei
315 478 484 518 credens
498 507 508 525 ‚
539 487 620 515 non
641 475 855 515 liberorum
878 476 1025 526 pietati.
1073 476 1140 524 qui
1159 477 1227 515 ubi
1249 476 1322 515 cir-

45 536 270 586 cumspexit
283 543 468 585 quaeque
481 533 575 571 fecit
586 542 772 581 quaeque
786 533 962 572 facturus
973 536 1046 577 est,
1063 537 1102 572 et
1113 534 1322 572 conscien-

42 593 137 632 tiam
173 601 285 631 suam
322 590 481 639 plenam
515 587 738 627 sceleribus
777 598 824 627 ac
856 587 1064 628 tormentis
1101 589 1322 638 adaperuit,

44 659 169 698 saepe
201 651 367 686 mortem
398 645 525 692 timet,
560 643 725 692 saepius
760 649 871 694 optat
896 644 1065 683 invisior
1090 644 1167 683 sibi
1203 655 1321 694 quam

44 702 324 743 servientibus.
373 701 404 739 E
434 700 633 739 contrario
668 701 722 749 is,
752 700 815 740 cui
843 710 964 739 curae
997 705 1092 739 sunt
1121 700 1361 748 universa,4

44 760 112 810 qui
131 759 207 798 alia
227 758 376 806 magis,
397 757 475 795 alia
493 755 624 795 minus
645 760 796 805 tuetur,
816 757 962 795 nullam
982 767 1062 796 non
1078 756 1323 807 reipublicae

45 819 198 865 partem
216 819 419 862 tamquam
440 812 502 851 sui
523 811 655 860 nutrit,
676 812 888 851 inclinatus
910 812 960 851 ad
980 812 1147 860 mitiora,
1169 813 1322 852 etiamsi
1339 835 1341 837 -

43 881 93 910 ex
108 881 187 910 usu
205 875 268 910 est
286 868 623 915 animadvertere,
649 869 869 908 ostendens
892 879 1011 918 quam
1031 868 1178 908 invitus
1204 879 1321 918 aspe-

42 938 87 967 ro
117 925 295 966 remedio
321 935 464 964 manus
494 924 729 972 admoveat,
769 923 809 963 in
834 925 950 963 cuius
976 925 1108 964 animo
1130 924 1222 963 nihil
1250 925 1321 965 ho-

43 983 152 1030 stile,
189 981 286 1020 nihil
305 980 473 1020 efferum
494 979 575 1028 est,
604 980 671 1029 qui
702 980 919 1029 potentiam
956 991 1071 1019 suam
1098 981 1255 1030 placide
1275 991 1323 1019 ac

43 1037 269 1077 salutariter
294 1041 476 1084 exercet,
506 1036 734 1084 adprobare
761 1036 929 1086 imperia
957 1047 1033 1075 sua
1066 1037 1222 1079 civibus
1254 1048 1321 1076 cu-

42 1095 178 1144 piens,
207 1093 303 1132 felix
323 1093 481 1131 abunde
509 1092 585 1130 sibi
606 1091 740 1138 visus,
769 1092 805 1131 si
833 1093 1032 1131 fortunam
1052 1103 1165 1132 suam
1193 1093 1322 1142 publi-

44 1150 213 1197 caverit,
237 1159 422 1188 sermone
443 1147 628 1187 adfabilis
650 1158 904 1197 accessuque
921 1147 1068 1196 saciliS,
1094 1149 1226 1196 voltu,
1255 1149 1323 1198 qui

42 1206 216 1245 maxime
237 1206 412 1254 populos
434 1205 678 1251 demeretur,
711 1204 913 1252 amabilis,
944 1205 1085 1253 aequis
1110 1203 1323 1243 desideriis

42 1272 296 1312 propensus,
327 1261 445 1300 etiam
473 1260 620 1309 iniquis
642 1259 749 1310 [non]
778 1260 970 1308 acerbus,
1003 1271 1027 1299 a
1055 1265 1138 1300 tota
1167 1261 1324 1299 civitate

43 1323 216 1364 amatur,
245 1316 490 1364 defenditur,
521 1316 674 1355 colitur.
717 1315 867 1355 Eadem
888 1317 939 1354 de
958 1315 1026 1355 illo
1047 1316 1230 1355 homines
1262 1327 1324 1355 se-
1341 1323 1362 1356 5

45 1379 152 1413 creto
174 1374 393 1423 loquuntur
414 1383 520 1422 quae
539 1373 684 1421 palam.
712 1372 853 1411 tollere
873 1372 980 1412 filios
1005 1373 1171 1421 cupiunt
1193 1378 1232 1411 et
1251 1384 1323 1422 pu-

44 1429 158 1468 blicis
182 1429 296 1468 malis
319 1429 508 1468 sterilitas
533 1428 682 1467 indicta
700 1428 930 1467 recluditur.
975 1428 1080 1467 bene
1099 1439 1145 1468 se
1165 1429 1325 1473 meritu-

45 1495 132 1523 rum
153 1485 205 1523 de
223 1484 358 1523 liberis
380 1485 465 1524 suis
488 1484 661 1534 quisque
688 1495 769 1523 non
791 1483 963 1531 dubitat,
996 1483 1143 1533 quibus
1162 1485 1241 1523 tale
1262 1494 1324 1524 se-

48 1542 181 1579 culum
202 1539 433 1580 ostenderit.
479 1540 553 1578 Hic
574 1540 764 1589 princeps
786 1551 861 1579 suo
881 1539 1079 1579 beneficio
1099 1544 1209 1580 tutus
1231 1541 1326 1579 nihil

48 1594 263 1645 praesidiis
290 1601 398 1644 eget,
425 1606 536 1635 arma
555 1593 776 1635 ornamenti
797 1606 921 1635 causa
940 1595 1071 1635 habet.

126 1651 232 1690 XIV.
259 1651 374 1699 Quod
402 1662 498 1699 ergo
526 1651 701 1690 officium
736 1652 822 1690 eius
858 1656 949 1690 est?
985 1652 1096 1700 quod
1128 1652 1327 1691 bonorum
1347 1663 1362 1694 ι

47 1711 279 1758 parentum,
310 1707 378 1756 qui
413 1707 626 1755 obiurgare
652 1708 801 1746 liberos
830 1718 1129 1756 nonnumquam
1167 1708 1326 1754 blande,

49 1773 348 1812 nonnumquam
365 1762 570 1802 minaciter
585 1763 726 1810 solent,
744 1763 960 1812 aliquando
977 1764 1195 1803 admonere
1211 1764 1328 1802 etiam

48 1818 299 1859 verberibus.
339 1817 542 1867 Numquid
561 1818 708 1867 aliquis
730 1829 853 1857 sanus
875 1819 998 1858 filium
1013 1830 1038 1858 a
1055 1818 1183 1868 prima
1202 1818 1327 1857 offen-

53 1887 99 1915 sa
119 1875 367 1914 exheredat?
393 1873 470 1913 nisi
490 1884 659 1922 magnae
679 1878 718 1913 et
736 1875 884 1914 multae
907 1874 1076 1914 iniuriae
1096 1874 1328 1924 patientiam

51 1930 263 1978 evicerint,
294 1930 370 1970 nisi
391 1931 481 1980 plus
508 1930 701 1978 estquod
729 1930 839 1969 timet
866 1941 985 1980 quam
1016 1931 1125 1980 quod
1153 1930 1326 1977 damnat,

51 1998 130 2026 non
152 1985 307 2025 accedit
326 1987 378 2025 ad
405 1984 671 2025 decretorium
699 1986 844 2025 stilum.
893 1987 1016 2025 multa
1042 1991 1132 2025 ante
1150 1991 1327 2035 temptat,

53 2043 200 2092 quibus
220 2042 382 2081 dubiam
401 2042 576 2081 indolem
596 2045 635 2079 et
653 2042 791 2090 peiore
810 2043 900 2081 loco
921 2042 998 2080 iam
1021 2042 1193 2090 positam
1211 2052 1326 2081 revo-

52 2103 130 2137 cet:
158 2098 277 2137 simul
303 2098 553 2147 deploratum
585 2101 665 2144 est,
690 2097 828 2136 ultima
858 2095 1074 2146 experitur.
1123 2107 1241 2137 nemo
1274 2098 1325 2136 ad

54 2153 255 2203 supplicia
270 2154 468 2203 exigenda
482 2152 674 2203 pervenit,
696 2152 774 2191 nisi
791 2152 858 2202 qui
872 2153 1049 2192 remedia
1065 2153 1326 2203 consumpsit.

53 2209 140 2248 Hoc
169 2208 279 2258 quod
306 2210 482 2260 parenti,
513 2209 629 2248 etiam
657 2207 829 2258 principi
858 2209 1082 2248 faciendum
1101 2213 1179 2258 est,
1210 2220 1326 2258 quem
1343 2215 1365 2248 2

55 2265 343 2314 adpellavimus
359 2264 514 2306 Patrem
527 2265 681 2304 Patriae
697 2276 777 2304 non
794 2264 1021 2304 adulatione
1036 2275 1139 2304 vana
1154 2264 1326 2305 adducti.

56 2324 187 2359 cetera
207 2321 312 2359 enim
336 2322 575 2372 cognomina
593 2322 736 2361 honori
758 2321 850 2360 data
870 2324 980 2360 sunt:
1008 2320 1177 2370 Magnos
1197 2326 1236 2360 et
1254 2322 1325 2361 Fe—

111 2389 241 2415 ssm-:cx
260 2391 348 2415 pun..
370 2381 395 2416 I.
1069 2382 1112 2417 19
