1592 2580
312 149 389 188 126
683 149 725 187 L.
751 147 938 186 ANNAEI
966 122 1191 188 SENECAE

272 256 295 289 4
310 247 414 286 omni
433 255 550 284 manu
568 246 656 283 tela.
706 245 799 284 Cum
820 245 857 283 in
877 245 979 284 hunc
998 247 1155 285 modum
1176 248 1293 285 multa
1310 246 1486 295 undique
1505 248 1558 285 ia-

311 305 526 348 murentur,
558 309 660 348 quae
685 300 880 338 hominem
909 301 1024 338 nimia
1051 302 1319 340 aestimatione
1348 302 1407 340 sui
1429 302 1558 339 furen-

311 362 386 394 tem
419 355 674 402 concitarent,
703 355 934 393 Demaratus
961 355 1293 394 Lacedaemonius
1314 358 1423 394 solus
1444 357 1558 395 dixit:

310 409 439 458 ipsam
465 409 569 447 illam
590 420 667 456 qua
687 409 761 447 sibi
780 410 950 457 placeret
972 409 1250 448 multitudinem
1273 410 1506 458 indigestam
1523 415 1561 448 et

310 474 468 512 gravem
488 464 733 502 metuendam
755 474 845 502 esse
865 464 1038 502 ducenti:
1066 475 1144 503 non
1165 465 1265 502 enim
1281 466 1386 503 vires
1403 465 1560 512 habere,

311 519 384 557 sed
410 518 580 567 pondus.
619 518 815 556 inmodica
833 529 1041 566 numquam
1063 519 1146 567 regi
1166 529 1287 567 posse
1310 529 1383 557 nec
1404 520 1470 557 diu
1490 520 1560 556 du-

274 581 294 613 5
311 583 418 619 rare,
441 573 630 621 quicquid
648 573 730 620 regi
750 584 828 612 non
849 578 989 621 potest.
1019 573 1087 620 „ln
1106 574 1248 622 primo,
1269 574 1410 622 inquit,
1432 574 1559 612 statim

309 632 442 666 monte
459 627 638 666 Lacones
658 628 800 665 obiecti
820 628 966 666 dabunt
985 628 1046 665 sui
1061 628 1382 676 experimentum.
1416 632 1474 666 tot
1487 629 1562 666 ista

309 682 481 730 gentium
497 681 602 720 milia
618 683 808 729 [trecenti]
824 682 1088 721 morabuntur.
1118 681 1332 721 haerebunt
1346 683 1383 720 in
1395 683 1560 730 vestigio

309 737 376 775 fixi
401 741 439 774 et
465 736 699 776 commissas
730 736 803 774 sibi
822 738 1022 784 angustias
1042 738 1251 776 tuebuntur
1270 743 1309 776 et
1327 736 1559 785 corporibus

310 791 525 829 obstruent.
553 796 634 830 tota
653 792 740 829 illos
758 791 856 829 Asia
874 803 951 830 non
971 792 1144 831 movebit
1162 794 1263 830 loco.
1293 796 1420 830 tantas
1435 792 1560 829 minas

309 846 400 884 belli
415 850 453 883 et
472 856 598 894 paene
618 846 736 885 totius
757 846 909 894 generis
930 847 1088 885 humani
1106 848 1252 885 ruentis
1273 847 1447 894 inpetum
1465 857 1559 894 pau-

272 905 293 940 6
309 899 626 939 cissimi'sistent.
669 900 764 939 Cum
783 905 820 939 te
838 902 993 939 mutatis
1012 901 1164 948 legibus
1185 902 1268 939 suis
1283 906 1422 939 natura
1437 906 1559 939 trans-

310 956 474 1002 miserit,
505 955 543 993 in
572 956 710 994 semita
736 955 916 993 haerebis
945 961 983 993 et
1009 956 1233 993 aestimabis
1258 956 1385 994 futura
1405 954 1559 1001 damna,

310 1021 398 1048 cum
425 1010 703 1058 conputaveris
733 1011 865 1057 quanti
897 1010 1245 1060 Thermopylarum
1277 1014 1442 1057 angusta
1468 1019 1560 1048 con-

311 1065 493 1102 stiterIntz
530 1065 634 1102 scies
662 1069 698 1102 te
726 1065 851 1111 fugari
882 1075 1020 1112 posse,
1048 1074 1134 1102 cum
1163 1065 1300 1103 scieris
1330 1074 1452 1112 posse
1471 1065 1560 1102 reti-

273 1119 404 1158 7neri.
452 1118 598 1156 Cedent
628 1119 784 1166 quidem
818 1119 886 1157 tibi
914 1119 1088 1166 pluribus
1122 1120 1220 1156 locis
1249 1121 1353 1158 velut
1379 1121 1559 1157 torrentis

308 1173 427 1211 modo
448 1173 583 1219 ablati,
615 1173 726 1211 cuius
747 1183 835 1211 cum
854 1183 994 1220 magno
1014 1177 1163 1211 terrore
1183 1173 1305 1220 prima
1326 1174 1383 1210 vis
1405 1172 1559 1210 defluit:

310 1227 453 1265 deinde
480 1227 571 1265 hinc
590 1232 707 1276 atque
727 1227 831 1266 illinc
852 1226 1076 1266 coorientur
1095 1233 1133 1266 et
1150 1228 1227 1265 tuis
1248 1233 1285 1265 te
1304 1226 1452 1265 viribus
1474 1238 1559 1275 pre--

272 1287 295 1322 8
309 1287 425 1320 ment.
453 1281 601 1320 Verum
622 1288 693 1328 est,
717 1283 822 1330 quod
843 1282 993 1329 dicitur,
1013 1282 1200 1320 maiorem
1219 1281 1310 1320 belli
1330 1281 1560 1329 adparatum

309 1346 420 1383 esse,
447 1347 562 1383 quam
584 1337 650 1384 qui
670 1337 790 1384 recipi
811 1336 859 1373 ab
879 1336 941 1373 his
961 1337 1187 1384 regionibus
1210 1336 1349 1384 possit,
1371 1347 1471 1383 quas
1492 1336 1558 1374 ob-

311 1401 488 1438 pugnare
509 1390 733 1429 constituis:
763 1391 835 1428 sed
855 1390 953 1429 haec
972 1401 1036 1429 res
1057 1396 1193 1429 contra
1212 1401 1285 1429 nos
1306 1396 1376 1428 est.
1415 1390 1464 1428 ob
1484 1390 1560 1428 hoc

310 1447 440 1493 ipsum
467 1449 506 1483 te
526 1445 688 1483 Graecia
707 1446 853 1491 vlncet‚
886 1446 977 1493 quia
1005 1457 1081 1484 non
1102 1445 1223 1493 capit:
1250 1445 1304 1484 uti
1324 1449 1404 1483 toto
1424 1449 1462 1482 te
1482 1455 1559 1482 non

273 1505 295 1539 9
312 1505 438 1548 potes.
484 1499 710 1546 Praeterea,
739 1510 840 1548 quae
867 1510 946 1538 una
970 1500 1089 1538 rebus
1118 1501 1225 1538 salus
1246 1505 1323 1547 est,
1354 1509 1562 1538 occurrere

310 1555 361 1592 ad
382 1554 529 1602 primos
549 1564 677 1592 rerum
698 1554 855 1602 inpetus
875 1559 913 1592 et
930 1555 1122 1592 inclinatis
1144 1564 1258 1602 opem
1281 1555 1380 1592 ferre
1396 1564 1471 1591 non
1493 1563 1560 1601 po-

310 1609 403 1647 teris
423 1619 496 1646 nec
517 1610 652 1646 fulcire
672 1619 718 1647 ac
738 1610 893 1647 firmare
912 1609 1094 1647 labentia.
1129 1611 1249 1647 multo
1270 1613 1359 1646 ante
1378 1608 1558 1653 vinceris,

258 1670 300 1703 10
311 1674 427 1713 quam
449 1663 592 1702 victum
614 1674 705 1701 esse
725 1669 762 1701 te
783 1664 942 1702 sentias.
988 1663 1166 1702 Ceterum
1185 1674 1263 1701 non
1286 1667 1347 1701 est
1367 1663 1475 1711 quod
1494 1672 1559 1699 ex-

310 1717 472 1756 ercitum
499 1722 606 1755 tuum
634 1718 684 1756 ob
713 1719 789 1756 hoc
816 1718 1000 1756 sustineri
1029 1723 1143 1765 putes
1177 1728 1255 1756 non
1288 1727 1429 1765 posse,
1470 1717 1562 1763 quia

310 1782 497 1811 numerus
512 1774 598 1810 eius
614 1773 703 1810 duci
721 1784 879 1820 quoque
895 1773 1050 1820 ignotus
1067 1778 1147 1811 est:
1178 1771 1271 1810 nihil
1285 1777 1363 1810 tam
1378 1782 1560 1819 magnum

311 1831 373 1865 est
394 1825 503 1874 quod
522 1827 649 1874 perire
669 1838 746 1864 non
769 1828 915 1875 possit,
946 1827 1007 1865 cui
1026 1826 1200 1865 nascitur
1213 1825 1252 1864 in
1268 1826 1498 1874 perniciem,
1519 1830 1561 1862 ut

258 1882 386 1921 ltalia
413 1881 637 1929 quiescant,
666 1892 716 1919 ex
741 1881 830 1929 ipsa
856 1881 1122 1929 magnitudine
1151 1891 1222 1920 sua
1242 1882 1402 1919 causa.“
1446 1878 1560 1917 Acci—

311 1936 453 1974 derunt
481 1946 582 1982 quae
609 1936 839 1974 Demaratus
876 1936 1143 1984 praedixeram
1181 1935 1311 1973 div1na
1338 1938 1456 1981 atque
1490 1933 1559 1971 hu-

310 2001 427 2028 mana
450 1990 700 2038 impellentem
728 1995 765 2028 et
791 1995 1001 2030 mutantem
1029 1990 1216 2039 quicquid
1240 1989 1458 2034 obstiterat,
1485 1993 1560 2025 tre·

312 2045 415 2083 centi
436 2049 540 2083 stare
560 2045 777 2092 iusserunt,
808 2049 1032 2093 stratusque
1052 2055 1123 2093 per
1143 2048 1260 2082 totam
1277 2042 1424 2090 passim
1442 2043 1559 2080 Grae-

312 2100 413 2137 ciam
431 2099 583 2137 Xerxes
609 2100 815 2146 intellexit,
846 2104 1032 2148 quantum
1050 2099 1098 2137 ab
1119 2098 1291 2136 exercitu
1310 2097 1423 2135 turba
1442 2097 1559 2134 dista-

311 2158 382 2191 ret.
428 2153 564 2201 Itaque
584 2153 735 2192 Xerxes
758 2154 911 2202 pudore
932 2164 1046 2201 quam
1067 2153 1207 2190 damno
1229 2152 1407 2190 miserior
1419 2150 1558 2189 Dema—

313 2212 397 2245 rato
417 2208 562 2255 gratias
583 2209 679 2256 egit,
709 2210 816 2257 quod
836 2210 945 2248 solus
967 2207 1041 2246 sibi
1060 2217 1192 2244 verum
1213 2206 1395 2253 dixisset,
1418 2209 1456 2244 et
1471 2215 1557 2253 per-

260 2260 414 2301 12misit
438 2267 572 2310 petere
592 2263 700 2312 quod
723 2264 849 2302 vellet.
894 2262 1006 2302 Petiit
1024 2262 1088 2299 ille
1106 2265 1148 2299 ut
1169 2261 1324 2310 Sardis,
1354 2261 1557 2299 maximam
