<?xml version="1.0" encoding="UTF-8"?>
<!DOCTYPE html PUBLIC "-//W3C//DTD XHTML 1.0 Transitional//EN"
    "http://www.w3.org/TR/xhtml1/DTD/xhtml1-transitional.dtd">
<html xmlns="http://www.w3.org/1999/xhtml" xml:lang="en" lang="en">
 <head>
  <title>
</title>
<meta http-equiv="Content-Type" content="text/html;charset=utf-8" />
  <meta name='ocr-system' content='tesseract 3.04.00' />
  <meta name='ocr-capabilities' content='ocr_page ocr_carea ocr_par ocr_line ocrx_word'/>
</head>
<body>
  <div class='ocr_page' id='page_1' title='image "./operaquaesupersu01seneuoft/operaquaesupersu01seneuoft_0448.png"; bbox 0 0 1592 2580; ppageno 0'>
   <div class='ocr_carea' id='block_1_1' title="bbox 293 180 1171 222">
    <p class='ocr_par' dir='ltr' id='par_1_1' title="bbox 293 180 1171 222">
     <span class='ocr_line' id='line_1_1' title="bbox 293 180 1171 222; baseline 0.001 -1"><span class='ocrx_word' id='word_1_1' title='bbox 293 180 371 221; x_wconf 81' lang='lat'><strong>122</strong></span> <span class='ocrx_word' id='word_1_2' title='bbox 658 182 701 219; x_wconf 89' lang='lat' dir='ltr'><strong>L.</strong></span> <span class='ocrx_word' id='word_1_3' title='bbox 727 181 914 221; x_wconf 89' lang='lat' dir='ltr'>ANNAEI</span> <span class='ocrx_word' id='word_1_4' title='bbox 947 182 1171 222; x_wconf 86' lang='lat' dir='ltr'>SENECAE</span> 
     </span>
    </p>
   </div>
   <div class='ocr_carea' id='block_1_2' title="bbox 246 281 1542 2340">
    <p class='ocr_par' dir='ltr' id='par_1_2' title="bbox 289 281 1540 385">
     <span class='ocr_line' id='line_1_2' title="bbox 290 281 1539 332; baseline 0.003 -13"><span class='ocrx_word' id='word_1_5' title='bbox 290 283 394 319; x_wconf 89' lang='lat' dir='ltr'><strong>lent</strong></span> <span class='ocrx_word' id='word_1_6' title='bbox 413 282 508 329; x_wconf 89' lang='lat' dir='ltr'><strong>his,</strong></span> <span class='ocrx_word' id='word_1_7' title='bbox 530 282 711 330; x_wconf 88' lang='lat' dir='ltr'><strong>quibus</strong></span> <span class='ocrx_word' id='word_1_8' title='bbox 731 281 943 330; x_wconf 83' lang='lat' dir='ltr'><strong>obligati</strong></span> <span class='ocrx_word' id='word_1_9' title='bbox 962 288 1094 331; x_wconf 91' lang='lat' dir='ltr'><strong>sunt,</strong></span> <span class='ocrx_word' id='word_1_10' title='bbox 1114 282 1306 331; x_wconf 89' lang='lat' dir='ltr'><strong>aliquid</strong></span> <span class='ocrx_word' id='word_1_11' title='bbox 1327 284 1539 332; x_wconf 87' lang='lat' dir='ltr'><strong>adversi,</strong></span> 
     </span>
     <span class='ocr_line' id='line_1_3' title="bbox 289 336 1540 385; baseline 0.003 -12"><span class='ocrx_word' id='word_1_12' title='bbox 289 337 333 374; x_wconf 92' lang='lat' dir='ltr'><strong>in</strong></span> <span class='ocrx_word' id='word_1_13' title='bbox 374 346 468 384; x_wconf 90' lang='lat' dir='ltr'><strong>quo</strong></span> <span class='ocrx_word' id='word_1_14' title='bbox 497 336 745 374; x_wconf 82' lang='lat' dir='ltr'><strong>adfectum</strong></span> <span class='ocrx_word' id='word_1_15' title='bbox 773 347 1028 375; x_wconf 84' lang='lat' dir='ltr'><strong>memorem</strong></span> <span class='ocrx_word' id='word_1_16' title='bbox 1066 337 1263 385; x_wconf 85' lang='lat' dir='ltr'><strong>accepti</strong></span> <span class='ocrx_word' id='word_1_17' title='bbox 1299 339 1540 378; x_wconf 81' lang='lat' dir='ltr'><strong>beneficii</strong></span> 
     </span>
    </p>

    <p class='ocr_par' dir='ltr' id='par_1_3' title="bbox 249 389 1542 711">
     <span class='ocr_line' id='line_1_4' title="bbox 249 389 1539 441; baseline 0.002 -13"><span class='ocrx_word' id='word_1_18' title='bbox 249 396 270 428; x_wconf 84' lang='lat'><strong>2</strong></span> <span class='ocrx_word' id='word_1_19' title='bbox 290 389 585 438; x_wconf 84' lang='lat' dir='ltr'>adprobent.</span> <span class='ocrx_word' id='word_1_20' title='bbox 619 392 690 429; x_wconf 91' lang='lat' dir='ltr'><strong>An</strong></span> <span class='ocrx_word' id='word_1_21' title='bbox 717 391 808 429; x_wconf 91' lang='lat' dir='ltr'><strong>hoc</strong></span> <span class='ocrx_word' id='word_1_22' title='bbox 835 395 974 429; x_wconf 89' lang='lat' dir='ltr'><strong>recte</strong></span> <span class='ocrx_word' id='word_1_23' title='bbox 993 393 1183 430; x_wconf 85' lang='lat' dir='ltr'><strong>saciant</strong></span> <span class='ocrx_word' id='word_1_24' title='bbox 1202 397 1247 430; x_wconf 90' lang='lat' dir='ltr'><strong>et</strong></span> <span class='ocrx_word' id='word_1_25' title='bbox 1266 393 1345 441; x_wconf 90' lang='lat' dir='ltr'><strong>pia</strong></span> <span class='ocrx_word' id='word_1_26' title='bbox 1364 395 1539 432; x_wconf 91' lang='lat' dir='ltr'><strong>volun-</strong></span> 
     </span>
     <span class='ocr_line' id='line_1_5' title="bbox 290 445 1538 496; baseline 0.002 -13"><span class='ocrx_word' id='word_1_27' title='bbox 290 449 408 490; x_wconf 86' lang='lat' dir='ltr'><strong>tate,</strong></span> <span class='ocrx_word' id='word_1_28' title='bbox 439 445 709 493; x_wconf 86' lang='lat' dir='ltr'><strong>quaeritur.</strong></span> <span class='ocrx_word' id='word_1_29' title='bbox 739 455 905 492; x_wconf 88' lang='lat' dir='ltr'><strong>quorum</strong></span> <span class='ocrx_word' id='word_1_30' title='bbox 928 445 1079 484; x_wconf 73' lang='lat' dir='ltr'><strong>anImus</strong></span> <span class='ocrx_word' id='word_1_31' title='bbox 1099 446 1316 485; x_wconf 90' lang='lat' dir='ltr'><strong>simillimus</strong></span> <span class='ocrx_word' id='word_1_32' title='bbox 1336 452 1397 486; x_wconf 86' lang='lat' dir='ltr'><strong>est</strong></span> <span class='ocrx_word' id='word_1_33' title='bbox 1416 458 1538 496; x_wconf 88' lang='lat' dir='ltr'><strong>pravo</strong></span> 
     </span>
     <span class='ocr_line' id='line_1_6' title="bbox 290 499 1542 549; baseline 0.003 -13"><span class='ocrx_word' id='word_1_34' title='bbox 290 509 424 537; x_wconf 85' lang='lat' dir='ltr'><strong>amore</strong></span> <span class='ocrx_word' id='word_1_35' title='bbox 449 499 722 547; x_wconf 83' lang='lat' dir='ltr'><strong>flagrantibus,</strong></span> <span class='ocrx_word' id='word_1_36' title='bbox 755 500 820 548; x_wconf 87' lang='lat' dir='ltr'><strong>qui</strong></span> <span class='ocrx_word' id='word_1_37' title='bbox 848 499 996 538; x_wconf 87' lang='lat' dir='ltr'><strong>amicae</strong></span> <span class='ocrx_word' id='word_1_38' title='bbox 1022 510 1118 539; x_wconf 87' lang='lat' dir='ltr'><strong>suae</strong></span> <span class='ocrx_word' id='word_1_39' title='bbox 1137 505 1272 549; x_wconf 89' lang='lat' dir='ltr'><strong>optant</strong></span> <span class='ocrx_word' id='word_1_40' title='bbox 1295 502 1469 549; x_wconf 90' lang='lat' dir='ltr'><strong>exilium,</strong></span> <span class='ocrx_word' id='word_1_41' title='bbox 1498 507 1542 541; x_wconf 89' lang='lat' dir='ltr'><strong>ut</strong></span> 
     </span>
     <span class='ocr_line' id='line_1_7' title="bbox 290 554 1542 604; baseline 0.002 -13"><span class='ocrx_word' id='word_1_42' title='bbox 290 554 487 592; x_wconf 82' lang='lat' dir='ltr'><strong>desertam</strong></span> <span class='ocrx_word' id='word_1_43' title='bbox 521 555 812 602; x_wconf 79' lang='lat' dir='ltr'><strong>fugientemque</strong></span> <span class='ocrx_word' id='word_1_44' title='bbox 838 554 1086 601; x_wconf 80' lang='lat' dir='ltr'><strong>comitentur,</strong></span> <span class='ocrx_word' id='word_1_45' title='bbox 1118 560 1254 603; x_wconf 89' lang='lat' dir='ltr'><strong>optant</strong></span> <span class='ocrx_word' id='word_1_46' title='bbox 1278 556 1466 604; x_wconf 88' lang='lat' dir='ltr'><strong>inopiam,</strong></span> <span class='ocrx_word' id='word_1_47' title='bbox 1498 561 1542 595; x_wconf 91' lang='lat' dir='ltr'><strong>ut</strong></span> 
     </span>
     <span class='ocr_line' id='line_1_8' title="bbox 289 607 1539 657; baseline 0 -11"><span class='ocrx_word' id='word_1_48' title='bbox 289 608 415 656; x_wconf 84' lang='lat' dir='ltr'><strong>magis</strong></span> <span class='ocrx_word' id='word_1_49' title='bbox 432 607 670 647; x_wconf 80' lang='lat' dir='ltr'><strong>desideranti</strong></span> <span class='ocrx_word' id='word_1_50' title='bbox 690 609 855 656; x_wconf 88' lang='lat' dir='ltr'><strong>donent,</strong></span> <span class='ocrx_word' id='word_1_51' title='bbox 876 614 1013 657; x_wconf 88' lang='lat' dir='ltr'><strong>optant</strong></span> <span class='ocrx_word' id='word_1_52' title='bbox 1028 608 1225 657; x_wconf 88' lang='lat' dir='ltr'><strong>morbum,</strong></span> <span class='ocrx_word' id='word_1_53' title='bbox 1253 615 1297 648; x_wconf 89' lang='lat' dir='ltr'><strong>ut</strong></span> <span class='ocrx_word' id='word_1_54' title='bbox 1315 611 1539 648; x_wconf 81' lang='lat' dir='ltr'><strong>adsideant:</strong></span> 
     </span>
     <span class='ocr_line' id='line_1_9' title="bbox 290 662 1541 711; baseline 0.001 -10"><span class='ocrx_word' id='word_1_55' title='bbox 290 667 329 701; x_wconf 91' lang='lat' dir='ltr'><strong>et</strong></span> <span class='ocrx_word' id='word_1_56' title='bbox 347 663 538 711; x_wconf 91' lang='lat' dir='ltr'><strong>quicquid</strong></span> <span class='ocrx_word' id='word_1_57' title='bbox 557 662 738 701; x_wconf 87' lang='lat' dir='ltr'><strong>inimicus</strong></span> <span class='ocrx_word' id='word_1_58' title='bbox 760 667 930 711; x_wconf 86' lang='lat' dir='ltr'><strong>optaret,</strong></span> <span class='ocrx_word' id='word_1_59' title='bbox 950 669 1124 702; x_wconf 86' lang='lat' dir='ltr'><strong>amantes</strong></span> <span class='ocrx_word' id='word_1_60' title='bbox 1143 668 1299 702; x_wconf 89' lang='lat' dir='ltr'><strong>vovent.</strong></span> <span class='ocrx_word' id='word_1_61' title='bbox 1335 665 1418 702; x_wconf 84' lang='lat' dir='ltr'><strong>sere</strong></span> <span class='ocrx_word' id='word_1_62' title='bbox 1437 665 1541 702; x_wconf 89' lang='lat' dir='ltr'><strong>idem</strong></span> 
     </span>
    </p>

    <p class='ocr_par' dir='ltr' id='par_1_4' title="bbox 246 717 1541 873">
     <span class='ocr_line' id='line_1_10' title="bbox 246 717 1541 766; baseline -0.001 -9"><span class='ocrx_word' id='word_1_63' title='bbox 246 724 268 758; x_wconf 84' lang='grc'>3</span> <span class='ocrx_word' id='word_1_64' title='bbox 286 718 418 766; x_wconf 89' lang='lat' dir='ltr'><strong>itaque</strong></span> <span class='ocrx_word' id='word_1_65' title='bbox 449 717 577 755; x_wconf 82' lang='lat' dir='ltr'><strong>exitus</strong></span> <span class='ocrx_word' id='word_1_66' title='bbox 599 722 659 755; x_wconf 91' lang='lat' dir='ltr'><strong>est</strong></span> <span class='ocrx_word' id='word_1_67' title='bbox 678 717 758 756; x_wconf 88' lang='lat' dir='ltr'><strong>odii</strong></span> <span class='ocrx_word' id='word_1_68' title='bbox 780 722 818 757; x_wconf 85' lang='lat' dir='ltr'><strong>et</strong></span> <span class='ocrx_word' id='word_1_69' title='bbox 837 719 980 756; x_wconf 90' lang='lat' dir='ltr'><strong>amoris</strong></span> <span class='ocrx_word' id='word_1_70' title='bbox 1001 717 1143 756; x_wconf 88' lang='lat' dir='ltr'><strong>insani.</strong></span> <span class='ocrx_word' id='word_1_71' title='bbox 1181 719 1274 756; x_wconf 82' lang='lat' dir='ltr'><strong>Tale</strong></span> <span class='ocrx_word' id='word_1_72' title='bbox 1295 719 1481 766; x_wconf 86' lang='lat' dir='ltr'><strong>quiddam</strong></span> <span class='ocrx_word' id='word_1_73' title='bbox 1501 723 1541 757; x_wconf 88' lang='lat' dir='ltr'><strong>et</strong></span> 
     </span>
     <span class='ocr_line' id='line_1_11' title="bbox 287 770 1539 820; baseline 0 -10"><span class='ocrx_word' id='word_1_74' title='bbox 287 772 349 810; x_wconf 90' lang='lat' dir='ltr'><strong>his</strong></span> <span class='ocrx_word' id='word_1_75' title='bbox 368 770 511 810; x_wconf 85' lang='lat' dir='ltr'><strong>accidit</strong></span> <span class='ocrx_word' id='word_1_76' title='bbox 531 772 596 819; x_wconf 92' lang='lat' dir='ltr'><strong>qui</strong></span> <span class='ocrx_word' id='word_1_77' title='bbox 615 771 752 810; x_wconf 89' lang='lat' dir='ltr'><strong>amicis</strong></span> <span class='ocrx_word' id='word_1_78' title='bbox 772 772 1020 811; x_wconf 87' lang='lat' dir='ltr'><strong>incommoda</strong></span> <span class='ocrx_word' id='word_1_79' title='bbox 1040 776 1185 820; x_wconf 83' lang='lat' dir='ltr'><strong>optant,</strong></span> <span class='ocrx_word' id='word_1_80' title='bbox 1206 783 1308 820; x_wconf 89' lang='lat' dir='ltr'><strong>quae</strong></span> <span class='ocrx_word' id='word_1_81' title='bbox 1323 772 1539 820; x_wconf 81' lang='lat' dir='ltr'><strong>detrahant,</strong></span> 
     </span>
     <span class='ocr_line' id='line_1_12' title="bbox 288 826 1540 873; baseline 0 -8"><span class='ocrx_word' id='word_1_82' title='bbox 288 832 327 865; x_wconf 90' lang='lat' dir='ltr'><strong>et</strong></span> <span class='ocrx_word' id='word_1_83' title='bbox 346 826 397 864; x_wconf 89' lang='lat' dir='ltr'><strong>ad</strong></span> <span class='ocrx_word' id='word_1_84' title='bbox 417 826 652 864; x_wconf 88' lang='lat' dir='ltr'><strong>beneficium</strong></span> <span class='ocrx_word' id='word_1_85' title='bbox 678 826 820 865; x_wconf 85' lang='lat' dir='ltr'><strong>iniuria</strong></span> <span class='ocrx_word' id='word_1_86' title='bbox 845 826 1025 873; x_wconf 84' lang='lat' dir='ltr'><strong>veniunt,</strong></span> <span class='ocrx_word' id='word_1_87' title='bbox 1054 837 1141 865; x_wconf 88' lang='lat' dir='ltr'><strong>cum</strong></span> <span class='ocrx_word' id='word_1_88' title='bbox 1162 827 1285 866; x_wconf 86' lang='lat' dir='ltr'><strong>satius</strong></span> <span class='ocrx_word' id='word_1_89' title='bbox 1305 827 1355 865; x_wconf 90' lang='lat' dir='ltr'><strong>sit</strong></span> <span class='ocrx_word' id='word_1_90' title='bbox 1371 828 1435 865; x_wconf 90' lang='lat' dir='ltr'><strong>vel</strong></span> <span class='ocrx_word' id='word_1_91' title='bbox 1454 837 1540 866; x_wconf 86' lang='lat' dir='ltr'><strong>ees-</strong></span> 
     </span>
    </p>

    <p class='ocr_par' dir='ltr' id='par_1_5' title="bbox 249 881 1542 1255">
     <span class='ocr_line' id='line_1_13' title="bbox 249 881 1541 929; baseline -0.002 -7"><span class='ocrx_word' id='word_1_92' title='bbox 249 888 271 922; x_wconf 82' lang='lat'>4</span> <span class='ocrx_word' id='word_1_93' title='bbox 291 890 380 919; x_wconf 86' lang='lat' dir='ltr'><strong>sare</strong></span> <span class='ocrx_word' id='word_1_94' title='bbox 408 888 526 927; x_wconf 90' lang='lat' dir='ltr'><strong>quam</strong></span> <span class='ocrx_word' id='word_1_95' title='bbox 554 891 626 928; x_wconf 87' lang='lat' dir='ltr'><strong>per</strong></span> <span class='ocrx_word' id='word_1_96' title='bbox 655 882 786 919; x_wconf 90' lang='lat' dir='ltr'><strong>scelus</strong></span> <span class='ocrx_word' id='word_1_97' title='bbox 814 881 945 920; x_wconf 85' lang='lat' dir='ltr'><strong>officio</strong></span> <span class='ocrx_word' id='word_1_98' title='bbox 973 882 1102 919; x_wconf 90' lang='lat' dir='ltr'><strong>locum</strong></span> <span class='ocrx_word' id='word_1_99' title='bbox 1132 891 1334 929; x_wconf 81' lang='lat' dir='ltr'><strong>quaerere.</strong></span> <span class='ocrx_word' id='word_1_100' title='bbox 1381 881 1479 928; x_wconf 80' lang='lat' dir='ltr'><strong>Quid</strong></span> <span class='ocrx_word' id='word_1_101' title='bbox 1506 882 1541 920; x_wconf 91' lang='lat' dir='ltr'><strong>si</strong></span> 
     </span>
     <span class='ocr_line' id='line_1_14' title="bbox 287 935 1540 986; baseline 0.001 -14"><span class='ocrx_word' id='word_1_102' title='bbox 287 935 528 983; x_wconf 85' lang='lat' dir='ltr'><strong>gubernator</strong></span> <span class='ocrx_word' id='word_1_103' title='bbox 553 945 586 986; x_wconf 62' lang='lat' dir='ltr'><strong>a&gt;⁴</strong></span> <span class='ocrx_word' id='word_1_104' title='bbox 605 936 666 973; x_wconf 86' lang='lat' dir='ltr'><strong>dis</strong></span> <span class='ocrx_word' id='word_1_105' title='bbox 692 939 946 984; x_wconf 86' lang='lat' dir='ltr'><strong>tempestates</strong></span> <span class='ocrx_word' id='word_1_106' title='bbox 973 935 1249 974; x_wconf 86' lang='lat' dir='ltr'><strong>infestissimas</strong></span> <span class='ocrx_word' id='word_1_107' title='bbox 1280 940 1318 974; x_wconf 86' lang='lat' dir='ltr'><strong>ct</strong></span> <span class='ocrx_word' id='word_1_108' title='bbox 1346 937 1540 984; x_wconf 86' lang='lat' dir='ltr'><strong>procellas</strong></span> 
     </span>
     <span class='ocr_line' id='line_1_15' title="bbox 287 989 1542 1038; baseline 0 -11"><span class='ocrx_word' id='word_1_109' title='bbox 287 993 412 1038; x_wconf 84' lang='lat' dir='ltr'><strong>petat,</strong></span> <span class='ocrx_word' id='word_1_110' title='bbox 440 993 483 1027; x_wconf 92' lang='lat' dir='ltr'><strong>ut</strong></span> <span class='ocrx_word' id='word_1_111' title='bbox 503 989 650 1037; x_wconf 82' lang='lat' dir='ltr'><strong>gratior</strong></span> <span class='ocrx_word' id='word_1_112' title='bbox 670 1000 734 1028; x_wconf 87' lang='lat' dir='ltr'><strong>ars</strong></span> <span class='ocrx_word' id='word_1_113' title='bbox 755 1000 829 1029; x_wconf 86' lang='lat' dir='ltr'><strong>sua</strong></span> <span class='ocrx_word' id='word_1_114' title='bbox 848 991 1022 1038; x_wconf 88' lang='lat' dir='ltr'><strong>periculo</strong></span> <span class='ocrx_word' id='word_1_115' title='bbox 1043 990 1136 1028; x_wconf 68' lang='lat' dir='ltr'><strong>fiat?</strong></span> <span class='ocrx_word' id='word_1_116' title='bbox 1165 989 1260 1037; x_wconf 91' lang='lat' dir='ltr'><strong>quid</strong></span> <span class='ocrx_word' id='word_1_117' title='bbox 1279 989 1314 1028; x_wconf 89' lang='lat' dir='ltr'><strong>si</strong></span> <span class='ocrx_word' id='word_1_118' title='bbox 1332 990 1542 1038; x_wconf 88' lang='lat' dir='ltr'><strong>imperator</strong></span> 
     </span>
     <span class='ocr_line' id='line_1_16' title="bbox 288 1044 1539 1092; baseline 0 -10"><span class='ocrx_word' id='word_1_119' title='bbox 288 1045 386 1082; x_wconf 87' lang='lat' dir='ltr'><strong>deos</strong></span> <span class='ocrx_word' id='word_1_120' title='bbox 415 1048 518 1090; x_wconf 83' lang='lat' dir='ltr'><strong>oret,</strong></span> <span class='ocrx_word' id='word_1_121' title='bbox 544 1048 588 1082; x_wconf 89' lang='lat' dir='ltr'><strong>ut</strong></span> <span class='ocrx_word' id='word_1_122' title='bbox 612 1055 753 1092; x_wconf 79' lang='lat' dir='ltr'><strong>magna</strong></span> <span class='ocrx_word' id='word_1_123' title='bbox 778 1044 840 1082; x_wconf 87' lang='lat' dir='ltr'><strong>vis</strong></span> <span class='ocrx_word' id='word_1_124' title='bbox 858 1044 1026 1083; x_wconf 90' lang='lat' dir='ltr'><strong>hostium</strong></span> <span class='ocrx_word' id='word_1_125' title='bbox 1047 1045 1283 1083; x_wconf 82' lang='lat' dir='ltr'><strong>circumfusa</strong></span> <span class='ocrx_word' id='word_1_126' title='bbox 1301 1045 1441 1083; x_wconf 88' lang='lat' dir='ltr'><strong>castris</strong></span> <span class='ocrx_word' id='word_1_127' title='bbox 1460 1045 1539 1082; x_wconf 87' lang='lat' dir='ltr'><strong>fos-</strong></span> 
     </span>
     <span class='ocr_line' id='line_1_17' title="bbox 287 1097 1542 1147; baseline 0.001 -11"><span class='ocrx_word' id='word_1_128' title='bbox 287 1108 355 1136; x_wconf 86' lang='lat' dir='ltr'><strong>sas</strong></span> <span class='ocrx_word' id='word_1_129' title='bbox 383 1097 512 1135; x_wconf 88' lang='lat' dir='ltr'><strong>subito</strong></span> <span class='ocrx_word' id='word_1_130' title='bbox 533 1097 668 1145; x_wconf 90' lang='lat' dir='ltr'><strong>inpetu</strong></span> <span class='ocrx_word' id='word_1_131' title='bbox 688 1100 884 1147; x_wconf 88' lang='lat' dir='ltr'><strong>compleat</strong></span> <span class='ocrx_word' id='word_1_132' title='bbox 902 1104 941 1137; x_wconf 86' lang='lat' dir='ltr'><strong>et</strong></span> <span class='ocrx_word' id='word_1_133' title='bbox 962 1099 1106 1137; x_wconf 89' lang='lat' dir='ltr'><strong>vallum</strong></span> <span class='ocrx_word' id='word_1_134' title='bbox 1126 1098 1347 1147; x_wconf 87' lang='lat' dir='ltr'><strong>trepidante</strong></span> <span class='ocrx_word' id='word_1_135' title='bbox 1366 1099 1542 1138; x_wconf 84' lang='lat' dir='ltr'><strong>exercitu</strong></span> 
     </span>
     <span class='ocr_line' id='line_1_18' title="bbox 288 1152 1539 1201; baseline 0.002 -11"><span class='ocrx_word' id='word_1_136' title='bbox 288 1152 484 1190; x_wconf 86' lang='lat' dir='ltr'><strong>convellat</strong></span> <span class='ocrx_word' id='word_1_137' title='bbox 509 1155 547 1189; x_wconf 89' lang='lat' dir='ltr'><strong>et</strong></span> <span class='ocrx_word' id='word_1_138' title='bbox 574 1153 613 1189; x_wconf 86' lang='lat' dir='ltr'><strong>in</strong></span> <span class='ocrx_word' id='word_1_139' title='bbox 641 1152 741 1200; x_wconf 86' lang='lat' dir='ltr'><strong>ipsis</strong></span> <span class='ocrx_word' id='word_1_140' title='bbox 762 1153 886 1200; x_wconf 89' lang='lat' dir='ltr'><strong>portis</strong></span> <span class='ocrx_word' id='word_1_141' title='bbox 907 1153 1050 1190; x_wconf 83' lang='lat' dir='ltr'><strong>infesta</strong></span> <span class='ocrx_word' id='word_1_142' title='bbox 1070 1152 1182 1200; x_wconf 85' lang='lat' dir='ltr'><strong>signa</strong></span> <span class='ocrx_word' id='word_1_143' title='bbox 1202 1154 1431 1201; x_wconf 84' lang='lat' dir='ltr'><strong>constituat,</strong></span> <span class='ocrx_word' id='word_1_144' title='bbox 1461 1163 1539 1201; x_wconf 89' lang='lat' dir='ltr'><strong>quo</strong></span> 
     </span>
     <span class='ocr_line' id='line_1_19' title="bbox 287 1206 1541 1255; baseline 0 -11"><span class='ocrx_word' id='word_1_145' title='bbox 287 1206 436 1244; x_wconf 86' lang='lat' dir='ltr'><strong>maiore</strong></span> <span class='ocrx_word' id='word_1_146' title='bbox 455 1215 542 1243; x_wconf 91' lang='lat' dir='ltr'><strong>cum</strong></span> <span class='ocrx_word' id='word_1_147' title='bbox 560 1207 685 1253; x_wconf 84' lang='lat' dir='ltr'><strong>gloria</strong></span> <span class='ocrx_word' id='word_1_148' title='bbox 702 1207 821 1244; x_wconf 88' lang='lat' dir='ltr'><strong>rebus</strong></span> <span class='ocrx_word' id='word_1_149' title='bbox 841 1207 975 1254; x_wconf 55' lang='lat' dir='ltr'><strong>lapsis*</strong></span> <span class='ocrx_word' id='word_1_150' title='bbox 994 1207 1294 1255; x_wconf 85' lang='lat' dir='ltr'><strong>profligatisque</strong></span> <span class='ocrx_word' id='word_1_151' title='bbox 1313 1211 1541 1246; x_wconf 70' lang='lat' dir='ltr'><strong>succurrat?</strong></span> 
     </span>
    </p>

    <p class='ocr_par' dir='ltr' id='par_1_6' title="bbox 248 1259 1540 1525">
     <span class='ocr_line' id='line_1_20' title="bbox 248 1259 1539 1309; baseline 0.003 -14"><span class='ocrx_word' id='word_1_152' title='bbox 248 1263 269 1295; x_wconf 85' lang='lat'>5</span> <span class='ocrx_word' id='word_1_153' title='bbox 290 1259 433 1299; x_wconf 88' lang='lat' dir='ltr'><strong>Omnes</strong></span> <span class='ocrx_word' id='word_1_154' title='bbox 453 1259 516 1298; x_wconf 90' lang='lat' dir='ltr'><strong>isti</strong></span> <span class='ocrx_word' id='word_1_155' title='bbox 533 1259 727 1298; x_wconf 82' lang='lat' dir='ltr'><strong>beneficia</strong></span> <span class='ocrx_word' id='word_1_156' title='bbox 746 1271 819 1299; x_wconf 87' lang='lat' dir='ltr'><strong>sua</strong></span> <span class='ocrx_word' id='word_1_157' title='bbox 838 1259 1058 1299; x_wconf 86' lang='lat' dir='ltr'><strong>detestabili</strong></span> <span class='ocrx_word' id='word_1_158' title='bbox 1078 1261 1143 1298; x_wconf 87' lang='lat' dir='ltr'><strong>via</strong></span> <span class='ocrx_word' id='word_1_159' title='bbox 1162 1261 1327 1308; x_wconf 88' lang='lat' dir='ltr'><strong>ducunt,</strong></span> <span class='ocrx_word' id='word_1_160' title='bbox 1356 1261 1422 1309; x_wconf 82' lang='lat' dir='ltr'><strong>qui</strong></span> <span class='ocrx_word' id='word_1_161' title='bbox 1441 1262 1539 1300; x_wconf 90' lang='lat' dir='ltr'><strong>deos</strong></span> 
     </span>
     <span class='ocr_line' id='line_1_21' title="bbox 289 1315 1540 1362; baseline 0.001 -9"><span class='ocrx_word' id='word_1_162' title='bbox 289 1319 425 1353; x_wconf 87' lang='lat' dir='ltr'><strong>contra</strong></span> <span class='ocrx_word' id='word_1_163' title='bbox 443 1323 531 1352; x_wconf 90' lang='lat' dir='ltr'><strong>eum</strong></span> <span class='ocrx_word' id='word_1_164' title='bbox 550 1315 763 1361; x_wconf 87' lang='lat' dir='ltr'><strong>advocant,</strong></span> <span class='ocrx_word' id='word_1_165' title='bbox 786 1316 847 1352; x_wconf 88' lang='lat' dir='ltr'><strong>cui</strong></span> <span class='ocrx_word' id='word_1_166' title='bbox 866 1315 943 1362; x_wconf 91' lang='lat' dir='ltr'><strong>ipsi</strong></span> <span class='ocrx_word' id='word_1_167' title='bbox 966 1316 1135 1354; x_wconf 84' lang='lat' dir='ltr'><strong>adfuturi</strong></span> <span class='ocrx_word' id='word_1_168' title='bbox 1156 1320 1264 1362; x_wconf 85' lang='lat' dir='ltr'><strong>sunt,</strong></span> <span class='ocrx_word' id='word_1_169' title='bbox 1286 1320 1324 1354; x_wconf 87' lang='lat' dir='ltr'><strong>et</strong></span> <span class='ocrx_word' id='word_1_170' title='bbox 1343 1321 1431 1354; x_wconf 86' lang='lat' dir='ltr'><strong>ante</strong></span> <span class='ocrx_word' id='word_1_171' title='bbox 1450 1316 1540 1354; x_wconf 90' lang='lat' dir='ltr'><strong>illos</strong></span> 
     </span>
     <span class='ocr_line' id='line_1_22' title="bbox 288 1369 1540 1418; baseline 0.001 -12"><span class='ocrx_word' id='word_1_172' title='bbox 288 1369 410 1407; x_wconf 83' lang='lat' dir='ltr'><strong>sterni</strong></span> <span class='ocrx_word' id='word_1_173' title='bbox 437 1379 553 1416; x_wconf 85' lang='lat' dir='ltr'><strong>quam</strong></span> <span class='ocrx_word' id='word_1_174' title='bbox 581 1369 676 1416; x_wconf 84' lang='lat' dir='ltr'><strong>erigi</strong></span> <span class='ocrx_word' id='word_1_175' title='bbox 701 1370 856 1408; x_wconf 82' lang='lat' dir='ltr'><strong>volunt:</strong></span> <span class='ocrx_word' id='word_1_176' title='bbox 891 1369 1102 1407; x_wconf 86' lang='lat' dir='ltr'><strong>inhumana</strong></span> <span class='ocrx_word' id='word_1_177' title='bbox 1129 1370 1203 1408; x_wconf 87' lang='lat' dir='ltr'><strong>ista</strong></span> <span class='ocrx_word' id='word_1_178' title='bbox 1229 1380 1416 1417; x_wconf 89' lang='lat' dir='ltr'><strong>perverse</strong></span> <span class='ocrx_word' id='word_1_179' title='bbox 1442 1370 1540 1418; x_wconf 83' lang='lat' dir='ltr'><strong>grati</strong></span> 
     </span>
     <span class='ocr_line' id='line_1_23' title="bbox 288 1423 1540 1471; baseline 0.002 -11"><span class='ocrx_word' id='word_1_180' title='bbox 288 1423 407 1461; x_wconf 90' lang='lat' dir='ltr'><strong>animi</strong></span> <span class='ocrx_word' id='word_1_181' title='bbox 433 1427 572 1461; x_wconf 83' lang='lat' dir='ltr'><strong>natura</strong></span> <span class='ocrx_word' id='word_1_182' title='bbox 598 1428 660 1462; x_wconf 88' lang='lat' dir='ltr'><strong>est</strong></span> <span class='ocrx_word' id='word_1_183' title='bbox 677 1428 812 1461; x_wconf 85' lang='lat' dir='ltr'><strong>contra</strong></span> <span class='ocrx_word' id='word_1_184' title='bbox 839 1433 928 1461; x_wconf 90' lang='lat' dir='ltr'><strong>eum</strong></span> <span class='ocrx_word' id='word_1_185' title='bbox 948 1429 1103 1471; x_wconf 85' lang='lat' dir='ltr'><strong>optare,</strong></span> <span class='ocrx_word' id='word_1_186' title='bbox 1132 1425 1194 1462; x_wconf 90' lang='lat' dir='ltr'><strong>cui</strong></span> <span class='ocrx_word' id='word_1_187' title='bbox 1214 1424 1379 1462; x_wconf 86' lang='lat' dir='ltr'><strong>honeste</strong></span> <span class='ocrx_word' id='word_1_188' title='bbox 1398 1425 1540 1463; x_wconf 87' lang='lat' dir='ltr'><strong>deesse</strong></span> 
     </span>
     <span class='ocr_line' id='line_1_24' title="bbox 288 1476 534 1525; baseline 0 -10"><span class='ocrx_word' id='word_1_189' title='bbox 288 1489 366 1515; x_wconf 91' lang='lat' dir='ltr'><strong>non</strong></span> <span class='ocrx_word' id='word_1_190' title='bbox 387 1476 534 1525; x_wconf 86' lang='lat' dir='ltr'><strong>possis.</strong></span> 
     </span>
    </p>

    <p class='ocr_par' dir='ltr' id='par_1_7' title="bbox 248 1531 1540 1852">
     <span class='ocr_line' id='line_1_25' title="bbox 248 1531 1538 1580; baseline -0.002 -8"><span class='ocrx_word' id='word_1_191' title='bbox 248 1541 266 1572; x_wconf 90' lang='grc'><strong>1</strong></span> <span class='ocrx_word' id='word_1_192' title='bbox 362 1531 500 1570; x_wconf 91' lang='lat' dir='ltr'>XXVI.</span> <span class='ocrx_word' id='word_1_193' title='bbox 529 1532 639 1579; x_wconf 86' lang='lat' dir='ltr'><strong>„Non</strong></span> <span class='ocrx_word' id='word_1_194' title='bbox 661 1535 796 1579; x_wconf 88' lang='lat' dir='ltr'><strong>nocet,</strong></span> <span class='ocrx_word' id='word_1_195' title='bbox 815 1532 958 1580; x_wconf 88' lang='lat' dir='ltr'><strong>inquit,</strong></span> <span class='ocrx_word' id='word_1_196' title='bbox 978 1531 1032 1569; x_wconf 92' lang='lat' dir='ltr'><strong>illi</strong></span> <span class='ocrx_word' id='word_1_197' title='bbox 1051 1536 1182 1570; x_wconf 89' lang='lat' dir='ltr'><strong>votum</strong></span> <span class='ocrx_word' id='word_1_198' title='bbox 1205 1542 1353 1580; x_wconf 88' lang='lat' dir='ltr'><strong>meum,</strong></span> <span class='ocrx_word' id='word_1_199' title='bbox 1375 1533 1466 1580; x_wconf 83' lang='lat' dir='ltr'><strong>quia</strong></span> <span class='ocrx_word' id='word_1_200' title='bbox 1488 1534 1538 1570; x_wconf 87' lang='lat' dir='ltr'><strong>si-</strong></span> 
     </span>
     <span class='ocr_line' id='line_1_26' title="bbox 287 1586 1540 1634; baseline 0.002 -11"><span class='ocrx_word' id='word_1_201' title='bbox 287 1587 365 1624; x_wconf 88' lang='lat' dir='ltr'><strong>mul</strong></span> <span class='ocrx_word' id='word_1_202' title='bbox 386 1590 479 1634; x_wconf 86' lang='lat' dir='ltr'><strong>opto</strong></span> <span class='ocrx_word' id='word_1_203' title='bbox 500 1591 538 1625; x_wconf 89' lang='lat' dir='ltr'><strong>et</strong></span> <span class='ocrx_word' id='word_1_204' title='bbox 555 1586 773 1634; x_wconf 89' lang='lat' dir='ltr'><strong>periculum</strong></span> <span class='ocrx_word' id='word_1_205' title='bbox 791 1591 830 1625; x_wconf 89' lang='lat' dir='ltr'><strong>et</strong></span> <span class='ocrx_word' id='word_1_206' title='bbox 846 1587 1102 1624; x_wconf 87' lang='lat' dir='ltr'><strong>remedium.“</strong></span> <span class='ocrx_word' id='word_1_207' title='bbox 1137 1587 1222 1624; x_wconf 91' lang='lat' dir='ltr'><strong>Hoc</strong></span> <span class='ocrx_word' id='word_1_208' title='bbox 1239 1587 1336 1625; x_wconf 87' lang='lat' dir='ltr'><strong>dicis</strong></span> <span class='ocrx_word' id='word_1_209' title='bbox 1364 1586 1540 1625; x_wconf 90' lang='lat' dir='ltr'><strong>nonnihil</strong></span> 
     </span>
     <span class='ocr_line' id='line_1_27' title="bbox 287 1640 1538 1688; baseline 0 -10"><span class='ocrx_word' id='word_1_210' title='bbox 287 1646 326 1678; x_wconf 88' lang='lat' dir='ltr'><strong>te</strong></span> <span class='ocrx_word' id='word_1_211' title='bbox 347 1650 533 1688; x_wconf 86' lang='lat' dir='ltr'><strong>peccare,</strong></span> <span class='ocrx_word' id='word_1_212' title='bbox 562 1641 634 1678; x_wconf 91' lang='lat' dir='ltr'><strong>sed</strong></span> <span class='ocrx_word' id='word_1_213' title='bbox 653 1640 781 1679; x_wconf 88' lang='lat' dir='ltr'><strong>minus</strong></span> <span class='ocrx_word' id='word_1_214' title='bbox 802 1651 920 1688; x_wconf 85' lang='lat' dir='ltr'><strong>quam</strong></span> <span class='ocrx_word' id='word_1_215' title='bbox 946 1641 980 1678; x_wconf 90' lang='lat' dir='ltr'><strong>si</strong></span> <span class='ocrx_word' id='word_1_216' title='bbox 1007 1641 1093 1679; x_wconf 88' lang='lat' dir='ltr'><strong>sine</strong></span> <span class='ocrx_word' id='word_1_217' title='bbox 1121 1641 1295 1679; x_wconf 88' lang='lat' dir='ltr'><strong>remedio</strong></span> <span class='ocrx_word' id='word_1_218' title='bbox 1322 1641 1538 1688; x_wconf 89' lang='lat' dir='ltr'><strong>periculum</strong></span> 
     </span>
     <span class='ocr_line' id='line_1_28' title="bbox 288 1695 1540 1743; baseline 0.001 -10"><span class='ocrx_word' id='word_1_219' title='bbox 288 1700 462 1743; x_wconf 78' lang='lat' dir='ltr'><strong>optares.</strong></span> <span class='ocrx_word' id='word_1_220' title='bbox 511 1695 690 1742; x_wconf 84' lang='lat' dir='ltr'><strong>Nequitia</strong></span> <span class='ocrx_word' id='word_1_221' title='bbox 716 1699 777 1732; x_wconf 90' lang='lat' dir='ltr'><strong>est</strong></span> <span class='ocrx_word' id='word_1_222' title='bbox 802 1699 843 1733; x_wconf 86' lang='lat' dir='ltr'><strong>ut</strong></span> <span class='ocrx_word' id='word_1_223' title='bbox 869 1695 1052 1733; x_wconf 85' lang='lat' dir='ltr'><strong>extrahas</strong></span> <span class='ocrx_word' id='word_1_224' title='bbox 1079 1705 1271 1742; x_wconf 88' lang='lat' dir='ltr'><strong>mergere,</strong></span> <span class='ocrx_word' id='word_1_225' title='bbox 1305 1700 1480 1734; x_wconf 84' lang='lat' dir='ltr'><strong>evertere</strong></span> <span class='ocrx_word' id='word_1_226' title='bbox 1498 1701 1540 1734; x_wconf 89' lang='lat' dir='ltr'><strong>ut</strong></span> 
     </span>
     <span class='ocr_line' id='line_1_29' title="bbox 289 1749 1538 1795; baseline 0 -8"><span class='ocrx_word' id='word_1_227' title='bbox 289 1749 478 1795; x_wconf 83' lang='lat' dir='ltr'><strong>suscites,</strong></span> <span class='ocrx_word' id='word_1_228' title='bbox 502 1753 545 1787; x_wconf 91' lang='lat' dir='ltr'><strong>ut</strong></span> <span class='ocrx_word' id='word_1_229' title='bbox 571 1749 722 1787; x_wconf 89' lang='lat' dir='ltr'><strong>emittas</strong></span> <span class='ocrx_word' id='word_1_230' title='bbox 750 1749 964 1787; x_wconf 87' lang='lat' dir='ltr'><strong>includere.</strong></span> <span class='ocrx_word' id='word_1_231' title='bbox 1006 1759 1084 1787; x_wconf 90' lang='lat' dir='ltr'><strong>non</strong></span> <span class='ocrx_word' id='word_1_232' title='bbox 1111 1754 1173 1787; x_wconf 90' lang='lat' dir='ltr'><strong>est</strong></span> <span class='ocrx_word' id='word_1_233' title='bbox 1191 1749 1421 1787; x_wconf 88' lang='lat' dir='ltr'><strong>beneficium</strong></span> <span class='ocrx_word' id='word_1_234' title='bbox 1441 1749 1538 1788; x_wconf 86' lang='lat' dir='ltr'><strong>iniu-</strong></span> 
     </span>
     <span class='ocr_line' id='line_1_30' title="bbox 288 1803 1538 1852; baseline 0 -10"><span class='ocrx_word' id='word_1_235' title='bbox 288 1803 370 1842; x_wconf 87' lang='lat' dir='ltr'><strong>riae</strong></span> <span class='ocrx_word' id='word_1_236' title='bbox 389 1804 491 1842; x_wconf 88' lang='lat' dir='ltr'><strong>finis.</strong></span> <span class='ocrx_word' id='word_1_237' title='bbox 531 1812 604 1840; x_wconf 88' lang='lat' dir='ltr'><strong>nec</strong></span> <span class='ocrx_word' id='word_1_238' title='bbox 626 1814 814 1850; x_wconf 87' lang='lat' dir='ltr'><strong>umquam</strong></span> <span class='ocrx_word' id='word_1_239' title='bbox 832 1803 872 1841; x_wconf 90' lang='lat' dir='ltr'><strong>id</strong></span> <span class='ocrx_word' id='word_1_240' title='bbox 892 1804 1113 1842; x_wconf 86' lang='lat' dir='ltr'><strong>detraxisse</strong></span> <span class='ocrx_word' id='word_1_241' title='bbox 1133 1803 1310 1841; x_wconf 91' lang='lat' dir='ltr'><strong>meritum</strong></span> <span class='ocrx_word' id='word_1_242' title='bbox 1329 1809 1407 1850; x_wconf 88' lang='lat' dir='ltr'><strong>est,</strong></span> <span class='ocrx_word' id='word_1_243' title='bbox 1428 1804 1538 1852; x_wconf 89' lang='lat' dir='ltr'><strong>quod</strong></span> 
     </span>
    </p>

    <p class='ocr_par' dir='ltr' id='par_1_8' title="bbox 247 1857 1537 2232">
     <span class='ocr_line' id='line_1_31' title="bbox 247 1857 1537 1906; baseline -0.001 -11"><span class='ocrx_word' id='word_1_244' title='bbox 247 1869 269 1902; x_wconf 84' lang='lat'><strong>2</strong></span> <span class='ocrx_word' id='word_1_245' title='bbox 287 1858 374 1906; x_wconf 90' lang='lat' dir='ltr'><strong>ipse</strong></span> <span class='ocrx_word' id='word_1_246' title='bbox 395 1857 463 1906; x_wconf 89' lang='lat' dir='ltr'><strong>qui</strong></span> <span class='ocrx_word' id='word_1_247' title='bbox 483 1857 651 1896; x_wconf 84' lang='lat' dir='ltr'><strong>detraxit</strong></span> <span class='ocrx_word' id='word_1_248' title='bbox 676 1858 869 1896; x_wconf 91' lang='lat' dir='ltr'><strong>intulerat.</strong></span> <span class='ocrx_word' id='word_1_249' title='bbox 905 1857 991 1896; x_wconf 90' lang='lat' dir='ltr'><strong>Non</strong></span> <span class='ocrx_word' id='word_1_250' title='bbox 1014 1859 1196 1896; x_wconf 91' lang='lat' dir='ltr'><strong>volneres</strong></span> <span class='ocrx_word' id='word_1_251' title='bbox 1219 1867 1280 1894; x_wconf 91' lang='lat' dir='ltr'><strong>me</strong></span> <span class='ocrx_word' id='word_1_252' title='bbox 1298 1859 1399 1895; x_wconf 87' lang='lat' dir='ltr'><strong>malo</strong></span> <span class='ocrx_word' id='word_1_253' title='bbox 1421 1868 1537 1905; x_wconf 88' lang='lat' dir='ltr'><strong>quam</strong></span> 
     </span>
     <span class='ocr_line' id='line_1_32' title="bbox 289 1912 1536 1960; baseline -0.002 -10"><span class='ocrx_word' id='word_1_254' title='bbox 289 1923 419 1950; x_wconf 88' lang='lat' dir='ltr'><strong>sanes.</strong></span> <span class='ocrx_word' id='word_1_255' title='bbox 457 1916 570 1960; x_wconf 86' lang='lat' dir='ltr'><strong>potes</strong></span> <span class='ocrx_word' id='word_1_256' title='bbox 599 1912 696 1950; x_wconf 84' lang='lat' dir='ltr'><strong>inire</strong></span> <span class='ocrx_word' id='word_1_257' title='bbox 716 1913 898 1960; x_wconf 84' lang='lat' dir='ltr'><strong>gratiam,</strong></span> <span class='ocrx_word' id='word_1_258' title='bbox 920 1913 972 1959; x_wconf 90' lang='lat' dir='ltr'><strong>si,</strong></span> <span class='ocrx_word' id='word_1_259' title='bbox 995 1912 1087 1960; x_wconf 88' lang='lat' dir='ltr'><strong>quia</strong></span> <span class='ocrx_word' id='word_1_260' title='bbox 1107 1912 1329 1949; x_wconf 88' lang='lat' dir='ltr'><strong>volneratus</strong></span> <span class='ocrx_word' id='word_1_261' title='bbox 1350 1922 1455 1959; x_wconf 90' lang='lat' dir='ltr'><strong>sum,</strong></span> <span class='ocrx_word' id='word_1_262' title='bbox 1475 1922 1536 1949; x_wconf 89' lang='lat' dir='ltr'><strong>sa-</strong></span> 
     </span>
     <span class='ocr_line' id='line_1_33' title="bbox 287 1964 1535 2014; baseline -0.002 -9"><span class='ocrx_word' id='word_1_263' title='bbox 287 1977 373 2005; x_wconf 88' lang='lat' dir='ltr'><strong>nas.</strong></span> <span class='ocrx_word' id='word_1_264' title='bbox 402 1977 502 2014; x_wconf 90' lang='lat' dir='ltr'><strong>non,</strong></span> <span class='ocrx_word' id='word_1_265' title='bbox 522 1966 556 2004; x_wconf 91' lang='lat' dir='ltr'><strong>si</strong></span> <span class='ocrx_word' id='word_1_266' title='bbox 574 1967 778 2013; x_wconf 86' lang='lat' dir='ltr'><strong>volneras‚</strong></span> <span class='ocrx_word' id='word_1_267' title='bbox 805 1971 848 2005; x_wconf 90' lang='lat' dir='ltr'><strong>ut</strong></span> <span class='ocrx_word' id='word_1_268' title='bbox 866 1967 1067 2005; x_wconf 87' lang='lat' dir='ltr'><strong>sanandus</strong></span> <span class='ocrx_word' id='word_1_269' title='bbox 1087 1966 1180 2004; x_wconf 83' lang='lat' dir='ltr'><strong>sim:</strong></span> <span class='ocrx_word' id='word_1_270' title='bbox 1206 1976 1416 2013; x_wconf 86' lang='lat' dir='ltr'><strong>numquam</strong></span> <span class='ocrx_word' id='word_1_271' title='bbox 1436 1964 1535 2003; x_wconf 85' lang='lat' dir='ltr'><strong>cica-</strong></span> 
     </span>
     <span class='ocr_line' id='line_1_34' title="bbox 286 2019 1536 2069; baseline -0.001 -11"><span class='ocrx_word' id='word_1_272' title='bbox 286 2021 362 2059; x_wconf 85' lang='lat' dir='ltr'><strong>trix</strong></span> <span class='ocrx_word' id='word_1_273' title='bbox 380 2019 456 2059; x_wconf 89' lang='lat' dir='ltr'><strong>nisi</strong></span> <span class='ocrx_word' id='word_1_274' title='bbox 475 2021 616 2059; x_wconf 83' lang='lat' dir='ltr'><strong>collata</strong></span> <span class='ocrx_word' id='word_1_275' title='bbox 628 2022 777 2059; x_wconf 88' lang='lat' dir='ltr'><strong>volneri</strong></span> <span class='ocrx_word' id='word_1_276' title='bbox 795 2022 950 2069; x_wconf 87' lang='lat' dir='ltr'><strong>placuit,</strong></span> <span class='ocrx_word' id='word_1_277' title='bbox 969 2021 1075 2068; x_wconf 91' lang='lat' dir='ltr'><strong>quod</strong></span> <span class='ocrx_word' id='word_1_278' title='bbox 1094 2020 1146 2058; x_wconf 92' lang='lat' dir='ltr'><strong>ita</strong></span> <span class='ocrx_word' id='word_1_279' title='bbox 1165 2020 1294 2058; x_wconf 90' lang='lat' dir='ltr'><strong>coisse</strong></span> <span class='ocrx_word' id='word_1_280' title='bbox 1308 2020 1536 2067; x_wconf 79' lang='lat' dir='ltr'><strong>gaudemus,</strong></span> 
     </span>
     <span class='ocr_line' id='line_1_35' title="bbox 287 2074 1535 2121; baseline -0.001 -8"><span class='ocrx_word' id='word_1_281' title='bbox 287 2080 331 2113; x_wconf 90' lang='lat' dir='ltr'><strong>ut</strong></span> <span class='ocrx_word' id='word_1_282' title='bbox 357 2086 436 2113; x_wconf 90' lang='lat' dir='ltr'><strong>non</strong></span> <span class='ocrx_word' id='word_1_283' title='bbox 465 2075 591 2113; x_wconf 85' lang='lat' dir='ltr'><strong>fuisse</strong></span> <span class='ocrx_word' id='word_1_284' title='bbox 616 2076 833 2113; x_wconf 87' lang='lat' dir='ltr'><strong>mallemus.</strong></span> <span class='ocrx_word' id='word_1_285' title='bbox 878 2075 920 2113; x_wconf 91' lang='lat' dir='ltr'><strong>Si</strong></span> <span class='ocrx_word' id='word_1_286' title='bbox 946 2075 1022 2113; x_wconf 90' lang='lat' dir='ltr'><strong>hoc</strong></span> <span class='ocrx_word' id='word_1_287' title='bbox 1049 2075 1084 2112; x_wconf 90' lang='lat' dir='ltr'><strong>ei</strong></span> <span class='ocrx_word' id='word_1_288' title='bbox 1111 2079 1288 2121; x_wconf 85' lang='lat' dir='ltr'><strong>optares,</strong></span> <span class='ocrx_word' id='word_1_289' title='bbox 1318 2074 1430 2111; x_wconf 90' lang='lat' dir='ltr'><strong>cuius</strong></span> <span class='ocrx_word' id='word_1_290' title='bbox 1451 2076 1535 2112; x_wconf 84' lang='lat' dir='ltr'><strong>nul-</strong></span> 
     </span>
     <span class='ocr_line' id='line_1_36' title="bbox 288 2128 1534 2176; baseline 0.001 -10"><span class='ocrx_word' id='word_1_291' title='bbox 288 2130 368 2166; x_wconf 92' lang='lat' dir='ltr'><strong>lum</strong></span> <span class='ocrx_word' id='word_1_292' title='bbox 383 2128 617 2168; x_wconf 87' lang='lat' dir='ltr'><strong>beneficium</strong></span> <span class='ocrx_word' id='word_1_293' title='bbox 635 2129 823 2176; x_wconf 87' lang='lat' dir='ltr'><strong>haberes,</strong></span> <span class='ocrx_word' id='word_1_294' title='bbox 843 2130 1094 2168; x_wconf 90' lang='lat' dir='ltr'><strong>inhumanum</strong></span> <span class='ocrx_word' id='word_1_295' title='bbox 1114 2133 1196 2166; x_wconf 85' lang='lat' dir='ltr'><strong>erat</strong></span> <span class='ocrx_word' id='word_1_296' title='bbox 1216 2133 1366 2166; x_wconf 79' lang='lat' dir='ltr'><strong>votum:</strong></span> <span class='ocrx_word' id='word_1_297' title='bbox 1389 2133 1534 2176; x_wconf 83' lang='lat' dir='ltr'><strong>quanto</strong></span> 
     </span>
     <span class='ocr_line' id='line_1_37' title="bbox 289 2182 1250 2232; baseline -0.001 -12"><span class='ocrx_word' id='word_1_298' title='bbox 289 2182 537 2222; x_wconf 89' lang='lat' dir='ltr'><strong>inhumanius</strong></span> <span class='ocrx_word' id='word_1_299' title='bbox 557 2183 594 2221; x_wconf 87' lang='lat' dir='ltr'><strong>ei</strong></span> <span class='ocrx_word' id='word_1_300' title='bbox 612 2188 747 2232; x_wconf 86' lang='lat' dir='ltr'><strong>optas,</strong></span> <span class='ocrx_word' id='word_1_301' title='bbox 768 2183 830 2222; x_wconf 90' lang='lat' dir='ltr'><strong>cui</strong></span> <span class='ocrx_word' id='word_1_302' title='bbox 849 2183 1082 2222; x_wconf 87' lang='lat' dir='ltr'><strong>beneficium</strong></span> <span class='ocrx_word' id='word_1_303' title='bbox 1100 2182 1250 2220; x_wconf 71' lang='lat' dir='ltr'><strong>debes?</strong></span> 
     </span>
    </p>

    <p class='ocr_par' dir='ltr' id='par_1_9' title="bbox 254 2235 1535 2340">
     <span class='ocr_line' id='line_1_38' title="bbox 254 2235 1534 2286; baseline -0.002 -11"><span class='ocrx_word' id='word_1_304' title='bbox 254 2243 273 2276; x_wconf 91' lang='lat'>1</span> <span class='ocrx_word' id='word_1_305' title='bbox 373 2238 527 2276; x_wconf 89' lang='lat' dir='ltr'><strong>XXVII.</strong></span> <span class='ocrx_word' id='word_1_306' title='bbox 565 2237 734 2286; x_wconf 88' lang='lat' dir='ltr'><strong>„Simul‚</strong></span> <span class='ocrx_word' id='word_1_307' title='bbox 771 2238 930 2286; x_wconf 71' lang='lat' dir='ltr'><strong>inquit,v</strong></span> <span class='ocrx_word' id='word_1_308' title='bbox 950 2242 992 2276; x_wconf 91' lang='lat' dir='ltr'><strong>ut</strong></span> <span class='ocrx_word' id='word_1_309' title='bbox 1022 2236 1172 2285; x_wconf 89' lang='lat' dir='ltr'><strong>possim</strong></span> <span class='ocrx_word' id='word_1_310' title='bbox 1207 2237 1309 2273; x_wconf 83' lang='lat' dir='ltr'><strong>ferre</strong></span> <span class='ocrx_word' id='word_1_311' title='bbox 1337 2235 1391 2274; x_wconf 90' lang='lat' dir='ltr'><strong>illi</strong></span> <span class='ocrx_word' id='word_1_312' title='bbox 1419 2245 1534 2284; x_wconf 87' lang='lat' dir='ltr'><strong>opem</strong></span> 
     </span>
     <span class='ocr_line' id='line_1_39' title="bbox 289 2290 1535 2340; baseline 0 -12"><span class='ocrx_word' id='word_1_313' title='bbox 289 2294 467 2339; x_wconf 87' lang='lat' dir='ltr'><strong>precor.“</strong></span> <span class='ocrx_word' id='word_1_314' title='bbox 511 2292 698 2340; x_wconf 88' lang='lat' dir='ltr'><strong>Primum,</strong></span> <span class='ocrx_word' id='word_1_315' title='bbox 723 2297 765 2331; x_wconf 94' lang='lat' dir='ltr'><strong>ut</strong></span> <span class='ocrx_word' id='word_1_316' title='bbox 782 2297 821 2330; x_wconf 85' lang='lat' dir='ltr'><strong>te</strong></span> <span class='ocrx_word' id='word_1_317' title='bbox 841 2292 878 2330; x_wconf 90' lang='lat' dir='ltr'><strong>in</strong></span> <span class='ocrx_word' id='word_1_318' title='bbox 897 2291 1026 2330; x_wconf 85' lang='lat' dir='ltr'><strong>media</strong></span> <span class='ocrx_word' id='word_1_319' title='bbox 1043 2295 1152 2339; x_wconf 88' lang='lat' dir='ltr'><strong>parte</strong></span> <span class='ocrx_word' id='word_1_320' title='bbox 1168 2290 1247 2328; x_wconf 89' lang='lat' dir='ltr'><strong>voti</strong></span> <span class='ocrx_word' id='word_1_321' title='bbox 1262 2291 1315 2329; x_wconf 89' lang='lat' dir='ltr'><strong>tui</strong></span> <span class='ocrx_word' id='word_1_322' title='bbox 1332 2300 1535 2339; x_wconf 88' lang='lat' dir='ltr'><strong>occupem,</strong></span> 
     </span>
    </p>
   </div>
  </div>
 </body>
</html>
