1592 2580
365 134 549 175 NATUR.
571 134 786 184 QUAES-T.
815 134 956 174 LIB.1.
985 139 1114 174 3—5.
1301 132 1383 174 169

17 252 39 282 μ
99 243 160 277 est
195 247 411 287 corporum
452 241 679 276 nostrorum
720 237 871 285 figuras
904 246 929 274 a
959 236 1107 275 nostris
1142 235 1381 284 corporibus

97 292 267 332 emissas
296 303 344 331 ae
372 297 602 341 separatas,
631 292 695 330 alii
716 303 796 331 non
818 291 1010 340 imagines
1029 292 1067 329 in
1089 292 1276 340 speculo,
1307 292 1381 330 sed

99 350 187 397 ipsa
213 348 371 398 adspici
399 358 572 397 corpora
599 353 748 387 retorta
775 348 980 387 oculorum
1002 348 1089 386 acie
1111 351 1151 386 et
1173 347 1212 385 in
1232 357 1278 386 se
1295 358 1381 386 rur-

97 416 168 443 sus
188 403 354 442 reflexa.
382 414 488 443 nune
508 403 603 442 nihil
625 404 676 442 ad
695 414 778 442 rem
801 403 987 452 pertinet,
1020 403 1224 452 quomodo
1247 403 1380 442 videa-

96 471 186 498 mus
203 460 488 508 quodcumque
503 460 701 498 videmus.
741 459 822 498 Sed
840 459 1076 508 [quomodo]
1095 459 1224 506 imago
1241 456 1381 498 similis
1398 465 1419 498 2

95 515 210 553 reddi
231 526 253 554 e
269 516 437 564 speculo
454 515 586 554 debet.
616 515 713 564 quid
729 520 860 553 autem
877 519 940 554 est
953 520 1032 553 tam
1049 514 1243 553 dissimile
1261 525 1382 563 quam

96 572 157 610 sol
180 576 220 609 et
239 582 377 619 arcus,
402 571 440 609 in
462 582 543 620 quo
564 580 696 620 neque
715 570 845 618 figura
859 570 958 609 solis
973 579 1106 619 neque
1123 571 1234 609 color
1248 580 1383 621 neque

95 626 327 675 magnitudo
348 627 545 676 adparet?
569 637 688 665 arcus
708 627 827 674 longe
844 626 1013 675 amplior
1032 631 1093 664 est
1112 626 1313 675 longeque
1334 635 1383 664 ea

96 687 230 731 parte,
270 693 350 731 qua
378 683 520 731 fulget,
551 681 814 721 rubicundior
843 693 962 730 quam
990 682 1076 729 sol,
1115 681 1260 720 ceteris
1285 691 1381 720 vero

98 737 302 777 coloribus
331 738 530 777 diversus.
578 737 732 776 Deinde
758 747 848 776 cum
879 738 982 776 velis
1009 737 1220 786 speculum
1248 737 1420 776 inesse3

96 793 192 840 aeri,
212 793 286 832 des
303 798 463 842 oportet
477 793 571 832 mihi
589 793 785 841 [eamdem
802 793 1025 832 laevitatem
1042 791 1256 840 eorporis,]
1276 803 1365 830 eam

97 849 188 887 dem
224 850 472 898 qualitatem,
509 849 692 888 eumdem
729 849 909 888 nitorem.
955 848 1065 897 atqui
1092 848 1226 886 nullae
1254 848 1383 887 nubes

95 905 245 943 habent
272 904 572 944 similitudinem
600 903 778 954 speculi=
816 915 889 953 per
920 904 1075 943 medias
1094 913 1219 952 saepe
1241 903 1382 943 transi-

97 970 188 1000 mus
205 971 290 999 nec
309 961 347 999 in
369 961 446 999 illis
467 971 543 999 nos
563 960 777 999 cernimus.
812 960 880 1009 qui
898 959 1090 998 montium
1111 969 1268 998 summa
1287 969 1382 998 con-

97 1017 313 1063 scendunt,
352 1021 537 1065 spectant
561 1015 709 1055 nubem
736 1026 812 1054 nee
839 1020 971 1054 tamen
1002 1014 1215 1063 imaginem
1243 1014 1282 1053 in
1317 1014 1384 1054 illa

96 1071 208 1111 suam
230 1072 469 1121 adspiciunt.
519 1071 684 1120 Singula
702 1071 903 1110 stillicidia
924 1071 1083 1119 singula
1097 1070 1264 1119 specula
1280 1075 1383 1109 sunt.
1400 1074 1422 1107 4

97 1128 293 1167 concedo.
331 1127 404 1167 sed
433 1128 527 1166 illud
555 1130 682 1176 nego,
711 1137 764 1165 ex
783 1125 994 1165 stillicidiis
1015 1131 1202 1165 constare
1225 1126 1382 1165 nubem.

94 1182 215 1222 habet
241 1184 345 1221 enim
374 1183 592 1231 quaedam,
632 1193 683 1220 ex
713 1182 860 1230 quibus
883 1182 969 1220 fieri
989 1180 1192 1220 stillicidia
1210 1181 1382 1230 possint,

95 1250 174 1278 non
196 1239 297 1287 ipsa.
335 1249 384 1276 ne
405 1249 550 1286 aquam
572 1238 733 1287 quidem
762 1237 883 1277 habet
903 1237 1053 1284 nubes,
1083 1237 1157 1276 sed
1177 1238 1382 1276 materiam

95 1296 251 1335 futurae
279 1305 422 1343 aquae.
471 1294 749 1333 Concedamus
777 1294 894 1341 igitur
921 1298 961 1331 et
990 1298 1123 1341 guttas
1158 1293 1380 1332 innumera·
1398 1298 1419 1330 5

93 1351 197 1389 biles
226 1350 400 1388 nubibus
427 1350 564 1388 inesse
593 1355 631 1388 et
656 1350 744 1387 illas
766 1349 908 1387 faciem
926 1349 1118 1395 reddere,
1149 1359 1229 1387 non
1250 1354 1381 1387 tamen

95 1416 216 1444 unam
252 1415 393 1444 omnes
424 1405 622 1453 reddent,
659 1405 734 1443 sed
767 1405 948 1453 singulae
987 1404 1180 1452 singulas.
1235 1403 1383 1443 deinde
1407 1443 1411 1444 ⁷

95 1462 196 1499 inter
227 1471 272 1499 se
303 1461 469 1509 specula
498 1461 718 1509 coniunge:
756 1460 796 1498 in
823 1471 944 1499 unam
965 1459 1177 1508 imaginem
1199 1470 1278 1498 non
1294 1460 1378 1499 coi·

95 1517 212 1564 bunt,
240 1516 315 1555 sed
332 1526 519 1566 quaeque
542 1516 735 1566 particula
754 1516 792 1554 in
813 1527 859 1554 se
878 1515 936 1554 rei
957 1514 1253 1554 similitudinem
1275 1515 1381 1554 clau-

96 1573 175 1611 det.
224 1571 325 1611 Sunt
345 1572 544 1620 quaedam
564 1572 732 1621 specula
751 1582 802 1610 ex
821 1570 955 1610 multis
972 1571 1214 1619 minutisque
1230 1581 1381 1620 conpo-

96 1627 189 1674 sita,
223 1627 368 1676 quibus
398 1628 432 1666 si
460 1638 582 1666 unum
610 1627 836 1666 ostenderis
861 1626 1082 1674 hominem,
1115 1627 1291 1675 populus
1311 1627 1381 1665 ad-

95 1687 209 1733 paret
227 1693 472 1733 unaquaque
494 1683 688 1732 particula
703 1682 844 1721 faciem
860 1693 972 1722 suam
988 1682 1250 1730 exprimente.
1282 1682 1382 1721 haec

95 1750 186 1778 eum
207 1739 286 1778 sint
306 1739 520 1778 coniuncta
539 1744 578 1777 et
597 1739 714 1777 simul
730 1739 959 1783 conlocata,
981 1737 1239 1776 nihilominus
1261 1738 1380 1777 sedu-

96 1800 190 1834 cunt
216 1794 410 1843 imagines
440 1805 537 1833 suas
558 1799 597 1832 et
617 1804 668 1833 ex
690 1805 770 1833 uno
790 1793 946 1832 turbam
967 1793 1158 1832 efficiunt.
1207 1798 1382 1832 ceterum

96 1856 296 1890 catervam
317 1851 422 1889 illam
443 1861 522 1888 non
543 1850 813 1896 confundunt,
846 1849 920 1888 sed
940 1849 1177 1897 diremptam
1196 1850 1237 1887 in
1256 1849 1383 1887 facies

96 1907 276 1955 singulas
306 1906 550 1944 distrahunt:
576 1916 696 1945 arcus
719 1910 850 1944 autem
869 1915 951 1943 uno
975 1904 1301 1953 circumscriptus
1321 1910 1384 1943 est

96 1963 240 2010 ductu,
273 1973 349 2001 una
375 1961 496 2000 totius
523 1966 586 2000 est
604 1962 742 2000 facies.
799 1960 942 2008 ‚‚‚Quid
963 1964 1090 2008 ergo?
1125 1960 1272 2009 inquit,
1302 1971 1382 1999 non
1399 1967 1421 2002 6

96 2023 136 2057 et
155 2028 263 2067 aqua
281 2023 399 2067 rupta
419 2017 554 2056 fistula
570 2027 714 2066 sparsa
730 2022 770 2055 et
782 2026 893 2055 remo
911 2026 1086 2055 excussa
1104 2015 1252 2054 habere
1269 2015 1381 2065 quid-

98 2074 188 2112 dam
209 2074 336 2113 simile
356 2073 439 2119 his,
466 2083 570 2122 quos
591 2073 774 2111 videmus
795 2071 832 2110 in
855 2081 970 2122 arcu,
996 2071 1199 2111 coloribus
1216 2072 1383 2110 solet?‘“

98 2129 248 2168 Verum
268 2134 350 2169 est:
385 2129 457 2168 sed
478 2139 557 2167 non
580 2139 631 2167 ex
651 2128 726 2166 hac
747 2124 892 2174 causa,
922 2137 971 2166 ex
994 2137 1074 2175 qua
1095 2132 1138 2166 tu
1159 2126 1286 2165 videri
1306 2129 1382 2174 vis,

102 2184 197 2234 quia
225 2194 495 2235 unaquaeque
518 2184 632 2223 stilla
663 2184 830 2232 recipiat
861 2183 1080 2231 imaginem
1107 2183 1220 2222 solis.
1265 2182 1382 2221 citius

103 2240 206 2279 enim
237 2241 384 2280 cadunt
414 2241 560 2287 stillae,
594 2250 713 2288 quarn
741 2245 784 2278 ut
812 2240 1026 2287 concipere
1051 2237 1262 2287 imaginem
1288 2249 1382 2287 pos—

102 2295 194 2334 sint.
229 2297 415 2336 standum
445 2301 523 2343 est,
552 2295 687 2344 quoad
714 2294 773 2343 id,
805 2293 913 2343 quod
941 2293 1141 2333 imitantur
1168 2294 1382 2343 excipiant.
