1624 2626
289 176 370 217 298
422 178 465 215 L.
482 177 596 215 ANN.
615 176 783 216 SENEC.
805 176 871 215 DE
891 176 1171 215 CLEMENTIA
1190 176 1282 214 LIB.
1292 176 1320 215 1.
1348 181 1404 216 26.

283 275 517 323 inminebat,
537 275 772 314 exscindere
787 275 967 324 adgressi
982 280 1085 315 sunt.
1113 274 1325 324 aliquando
1340 284 1413 314 sua
1426 284 1538 324 prae·

250 376 252 379 v
291 331 393 369 sidia
411 331 449 368 in
469 331 580 379 ipsos
601 335 933 369 consurrexerunt
953 331 1237 379 perfidiamque
1257 334 1295 368 et
1316 328 1540 378 inpietatem

289 390 329 423 et
347 385 535 424 feritatem
557 389 595 423 et
613 385 799 434 quicquid
818 384 867 422 ab
886 385 961 424 illis
981 385 1216 431 didicerant,
1246 384 1285 423 in
1300 383 1413 432 ipsos
1427 394 1539 422 exer-

290 443 466 478 cuerunt.
497 439 592 487 quid
612 439 714 477 enim
729 443 858 488 potest
872 440 921 477 ab
937 450 984 478 eo
1003 440 1210 488 quisquam
1228 449 1403 487 sperare,
1423 448 1538 486 quem

287 495 432 532 malum
453 503 544 532 esse
564 494 725 533 docuit?
758 494 844 532 Non
865 493 932 532 diu
951 494 1115 542 adparet
1134 493 1308 542 nequitia
1325 503 1398 531 nec
1417 502 1539 541 quan-

250 550 272 583 2
290 553 370 587 tum
396 548 550 586 videtur
574 553 724 596 peccat.
773 547 855 586 Sed
877 554 972 596 puta
998 552 1118 587 tutam
1139 558 1230 586 esse
1255 546 1539 586 crudelitatem:

290 603 407 651 quale
426 601 512 640 eius
530 613 694 650 regnum
711 606 797 641 est?
823 613 902 641 non
917 603 1023 642 aliud
1039 613 1155 651 quam
1172 606 1372 651 captarum
1389 601 1541 639 urbium

289 657 416 696 forma
442 660 480 695 et
506 657 699 695 terribiles
727 657 848 695 facies
876 657 1021 705 publici
1046 662 1187 696 metus.
1225 656 1356 695 omnia
1375 660 1540 702 moesta,

288 711 453 759 trepida,
475 711 652 749 confusa.
679 713 902 760 voluptates
918 711 1030 760 ipsae
1042 711 1237 750 timentur.
1267 721 1346 749 non
1362 709 1542 749 convivia

288 765 419 804 securi
434 765 584 813 ineunt,
603 765 642 803 in
659 766 801 814 quibus
818 765 950 814 lingua
964 765 1130 805 sollicite
1146 765 1261 804 etiam
1277 764 1395 803 ebriis
1411 768 1541 802 custo-

288 819 434 858 dienda
447 825 519 858 est.
543 830 621 858 non
639 820 885 868 spectacula,
906 830 956 859 ex
971 820 1114 869 quibus
1130 819 1293 858 materia
1308 817 1479 857 criminis
1495 828 1542 856 ac

289 873 452 922 periculi
469 874 680 922 quaeritur.
717 874 956 922 adparentur
970 875 1061 913 licet
1079 884 1221 922 magna
1239 873 1406 922 inpensa
1425 877 1463 911 et
1480 882 1541 911 re-

289 928 363 976 giis
380 927 524 976 opibus
535 933 573 967 et
588 928 778 967 artificum
793 926 1000 976 ex'quisitis
1015 929 1258 967 nominibus:
1281 938 1396 977 quem
1412 931 1542 966 tamen

249 987 271 1022 3
290 982 370 1020 ludi
389 982 430 1020 in
455 991 613 1021 carcere
633 983 792 1021 iuvent?
835 983 948 1030 Quod
970 983 1095 1032 istud,
1122 983 1161 1021 di
1179 982 1292 1030 boni,
1320 982 1462 1020 malum
1482 986 1544 1020 est

293 1037 494 1084 occidere,
532 1037 705 1083 saevire,
742 1037 928 1075 delectari
953 1048 1053 1077 sono
1082 1042 1309 1076 catenarum
1335 1040 1375 1075 et
1401 1035 1543 1074 civium

291 1091 422 1139 capita
441 1090 642 1136 decidere,
674 1101 925 1140 quocumque
946 1097 1106 1131 ventum
1127 1096 1187 1130 est
1205 1093 1367 1130 multum
1387 1090 1542 1138 sangui-

290 1145 352 1183 nis
373 1144 559 1192 fundere,
589 1145 780 1193 adspectu
803 1156 876 1184 suo
899 1150 1047 1184 terrere
1066 1156 1113 1184 ac
1132 1146 1296 1194 fugare?
1342 1145 1449 1192 Quae
1467 1143 1544 1182 alia

287 1200 371 1238 vita
397 1203 522 1246 esset,
549 1199 584 1236 si
610 1199 746 1237 leones
771 1200 936 1248 ursique
962 1204 1199 1248 regnarent?
1237 1199 1271 1238 si
1294 1197 1543 1247 serpentibus

288 1253 331 1292 in
359 1264 434 1292 nos
457 1263 503 1292 ac
524 1254 804 1292 noxiosissimo
829 1254 970 1302 cuique
989 1253 1144 1293 animali
1162 1254 1321 1306 daretur
1339 1257 1545 1301 potestas?

251 1310 274 1344 4
290 1308 361 1346 Illa
385 1307 548 1346 rationis
575 1309 752 1356 expertia
779 1312 817 1347 et
843 1319 867 1346 a
891 1309 1006 1348 nobis
1033 1308 1268 1347 inmanitatis
1296 1307 1455 1346 crimine
1476 1307 1542 1346 da-

291 1367 422 1401 mnata
450 1361 646 1401 abstinent
672 1362 754 1400 suis
785 1368 823 1402 et
847 1367 930 1401 tuta
953 1367 1014 1402 est
1034 1363 1149 1401 etiam
1171 1363 1393 1401 interseras
1413 1361 1543 1400 simili-

291 1417 407 1455 tudo:
436 1416 578 1455 horum
606 1426 657 1455 ne
682 1427 706 1455 a
730 1416 969 1456 necessariis
1000 1418 1158 1466 quidem
1187 1417 1261 1455 sibi
1290 1416 1421 1454 rabies
1451 1419 1543 1454 tem·
1591 1446 1600 1457 .

288 1476 423 1520 perat,
455 1471 528 1510 sed
556 1476 719 1510 externa
744 1481 899 1519 suaque
927 1472 966 1509 in
993 1482 1123 1521 aequo
1149 1471 1285 1518 habet,
1315 1481 1394 1519 quo
1419 1470 1546 1519 possit

292 1525 542 1564 exercitatior
568 1537 592 1564 a
618 1526 861 1574 singulorum
881 1526 1070 1565 caedibus
1090 1526 1234 1564 deinde
1253 1524 1292 1563 in
1314 1525 1430 1564 exitia
1452 1535 1543 1574 gen—

291 1580 387 1618 tium
416 1589 590 1628 serpere.
628 1585 667 1619 et
692 1580 838 1619 inicere
865 1581 978 1619 tectis
1007 1581 1154 1629 ignem,
1183 1585 1354 1619 aratrum
1379 1579 1544 1618 vetustis

291 1634 456 1673 urbibus
479 1634 666 1673 inducere
688 1636 899 1683 potentiam
920 1640 1040 1684 putat.
1068 1640 1106 1674 et
1125 1645 1245 1674 unum
1265 1634 1390 1674 occidi
1410 1634 1546 1673 iubere

293 1693 359 1727 aut
376 1690 539 1728 alterum
558 1699 697 1737 parum
716 1690 1007 1738 imperatorium
1026 1690 1161 1728 credit.
1198 1689 1273 1727 nisi
1293 1689 1432 1728 eodem
1450 1692 1545 1738 tem—

294 1753 392 1792 pore
419 1753 517 1791 grex
541 1744 773 1783 miserorum
791 1745 865 1783 sub
891 1747 968 1784 ictu
994 1745 1118 1792 stetit,
1146 1743 1411 1783 crudelitatem
1435 1753 1546 1781 suam

253 1804 276 1838 5
294 1797 334 1836 in
358 1797 538 1836 ordinem
566 1801 742 1837 coactam
767 1803 887 1848 putat.
936 1798 1120 1838 Felicitas
1145 1798 1212 1837 illa
1230 1797 1359 1837 multis
1381 1797 1546 1836 salutem

295 1853 391 1891 dare
417 1857 456 1891 et
480 1853 531 1891 ad
558 1852 676 1892 vitam
702 1854 751 1892 ab
773 1855 863 1902 ipsa
889 1859 1012 1893 morte
1038 1863 1228 1893 revocare
1249 1857 1286 1891 et
1307 1848 1447 1890 mereri
1468 1852 1544 1889 cle-

294 1906 439 1945 mentia
466 1906 643 1946 civicam.
684 1909 834 1947 nullum
865 1913 1136 1948 ornamentum
1167 1905 1357 1956 principis
1390 1905 1544 1954 fastigio

296 1960 453 2009 dignius
478 1962 763 2012 pulchriusque
790 1968 851 2002 est
877 1975 994 2012 quam
1015 1964 1081 2001 illa
1100 1972 1248 2001 corona
1266 1961 1316 1999 ob
1335 1961 1443 1998 cives
1462 1970 1544 1998 ser-

294 2020 430 2054 vatos:
458 2027 537 2055 non
555 2012 712 2056 hostilia
731 2029 838 2057 arma
858 2018 1031 2057 detracta
1045 2017 1178 2063 victis,
1208 2025 1287 2053 non
1303 2025 1441 2053 currus
1455 2014 1544 2052 bar-

294 2067 481 2108 barorum
501 2072 693 2119 sanguine
710 2072 878 2120 cruenti,
906 2083 985 2111 non
1006 2077 1117 2121 parta
1134 2070 1236 2109 bello
1257 2069 1397 2117 spolia.
1437 2069 1545 2106 Haec

297 2122 431 2161 divina
458 2125 633 2172 potentia
657 2131 719 2165 est
744 2126 933 2176 gregatim
963 2137 1010 2165 ac
1040 2125 1195 2175 publice
1228 2133 1413 2162 servare=
1448 2123 1543 2160 mul-

260 2195 262 2199 ·
294 2181 360 2216 tos
394 2178 553 2270 quidem
585 2179 767 2220 occidere
800 2186 838 2221 et
870 2180 1106 2220 indiscretos
1137 2177 1307 2217 incendii
1338 2188 1385 2217 ac
1409 2177 1545 2216 ruinae

295 2235 433 2281 potent
449 2242 472 2270 a
498 2238 571 2272 est.
