1592 2580
362 149 428 190 DE
457 148 738 189 BENEFICIIS
765 148 926 188 LIB.V.
956 153 1086 191 19.20.
1289 149 1369 191 103

167 250 250 290 ΧΧ.
280 250 381 290 lllud
401 250 506 290 solet
526 251 683 300 quaeri:
714 250 900 298 „Fratres
920 250 1001 291 duo
1022 250 1232 291 dissident.
1262 253 1298 291 si
1315 253 1369 291 al-
1389 262 1405 294 1

87 313 213 347 terum
232 316 373 353 servo,
403 317 454 344 an
475 306 566 345 dem
586 307 825 346 beneficium
845 307 902 356 ei,
932 307 1001 355 qui
1020 308 1182 347 fratrem
1199 307 1369 347 invisum

87 373 165 402 non
195 361 353 411 perisse
379 363 550 401 moleste
570 363 722 401 laturus
743 365 865 401 est?“
910 362 1014 402 Non
1045 367 1123 402 est
1151 363 1372 411 dubium,

87 417 206 467 quin
233 417 546 457 beneficium
574 419 642 457 sit
660 418 810 457 etiam
830 418 993 458 invito
1014 419 1288 467 prodesse,
1315 418 1368 458 si—

86 479 153 513 cut
166 484 246 512 non
257 472 368 512 dedit
381 473 633 520 beneficium,
651 472 720 522 qui
735 474 881 513 invitus
898 474 1060 523 profuit.
1083 474 1370 523 „Beneficium
1386 485 1408 517 ⁶2.

84 529 232 578 inquit,
255 539 400 576 vocaS,
421 540 502 578 quo
523 529 589 568 ille
605 529 831 577 offenditur,
854 539 935 579 quo
951 533 1213 579 torqueturw
1248 530 1372 570 Multa

85 584 282 624 beneficia
309 585 463 624 tristem
493 585 664 624 frontem
691 590 732 624 et
758 595 947 634 asperam
974 585 1142 634 habent,
1179 585 1372 635 quemad-

24 677 31 695 ὲ
82 640 248 680 modum
276 650 417 679 secare
445 645 485 680 et
510 650 650 688 urere,
681 645 726 679 ut
751 651 893 689 sanes,
922 645 961 680 et
978 641 1150 681 vinculis
1169 651 1371 681 coercere.

8 733 16 739 .
39 694 43 701 ¹
81 705 166 736 non
193 700 257 735 est
284 697 570 746 spectandum,
607 707 658 735 an
690 696 826 735 doleat
853 697 944 745 quis
970 697 1168 737 beneficio
1189 701 1371 746 accepto,

85 752 161 791 sed
187 762 239 789 an
266 751 443 800 gaudere
471 752 630 791 debeat.
666 763 748 791 non
777 756 840 791 est
865 753 996 792 malus
1015 752 1226 802 denarius,
1253 763 1373 802 quem

84 807 279 846 barbarus
300 812 340 846 et
363 807 527 856 ignarus
550 808 704 847 formae
726 808 911 857 publicae
930 808 1080 847 reiecit.
1125 808 1372 848 Beneficium

85 867 126 901 et
143 862 230 901 odit
247 867 286 902 et
305 863 480 911 accepit,
501 862 538 902 si
556 864 679 902 modo
699 864 740 902 id
761 864 946 912 prodest,
967 864 1002 903 si
1023 863 1070 911 is,
1090 865 1159 912 qui
1180 865 1311 910 dabat,
1331 869 1375 903 ut

84 918 302 967 prodesset
329 918 451 958 dedit.
481 919 577 957 nihil
604 920 744 966 refert,
774 930 824 958 an
844 919 992 958 bonam
1011 930 1095 959 rem
1116 921 1221 959 malo
1243 920 1373 959 animo

87 974 177 1022 quis
204 973 390 1022 accipiat.
437 974 647 1023 Agedum,
681 974 761 1014 hoc
786 975 827 1014 in
854 975 1094 1014 contrarium
1122 981 1253 1015 verte:
1292 975 1411 1018 odit3

86 1030 246 1068 fratrem
263 1040 401 1077 suum,
433 1040 553 1078 quem
567 1030 623 1068 illi
638 1031 803 1079 expedit
816 1030 978 1069 habere.
1008 1031 1115 1070 hunc
1131 1041 1207 1079 ego
1224 1030 1372 1070 occidi:

85 1096 166 1123 non
182 1090 245 1124 est
260 1085 513 1134 beneficium,
531 1085 717 1134 quamvis
734 1085 800 1125 ille
816 1086 924 1125 dicat
938 1097 1033 1125 esse
1043 1091 1082 1125 et
1095 1087 1282 1134 gaudeat.
1310 1087 1372 1124 In-

87 1140 355 1180 sidiosissime
373 1146 494 1179 nocet
508 1142 572 1180 cui
591 1142 743 1190 gratiae
764 1146 934 1190 aguntur
953 1152 1028 1190 pro
1044 1141 1199 1181 iniuria.
1227 1140 1372 1180 Video.

84 1196 258 1236 Prodest
266 1196 402 1245 aliqua
411 1207 479 1235 res
491 1200 532 1235 et
546 1197 639 1236 ideo
654 1197 894 1236 beneficium
905 1202 986 1236 est:
1009 1202 1128 1237 nocet
1136 1203 1176 1237 et
1189 1197 1281 1236 ideo
1292 1208 1372 1237 non

86 1256 150 1290 est
168 1249 420 1291 beneficium.
449 1251 558 1291 Ecce
573 1253 686 1302 quod
701 1263 776 1291 nec
795 1253 924 1302 prosit
937 1263 1014 1291 nec
1030 1257 1175 1292 noceat
1191 1253 1296 1292 dabo
1308 1283 1318 1300 ,
1337 1258 1376 1292 et
1390 1259 1412 1294 4

85 1312 218 1346 tamen
236 1307 476 1346 beneficium
496 1305 589 1346 erit:
619 1313 773 1357 patrem
793 1307 962 1348 alicuius
982 1309 1022 1347 in
1043 1307 1261 1347 solitudine
1281 1319 1375 1348 exa·

87 1363 230 1401 nimem
258 1363 412 1411 inveni,
442 1374 592 1412 corpus
621 1364 709 1403 eius
738 1364 921 1412 sepelivi.
967 1375 1045 1403 nec
1066 1365 1146 1412 ipsi
1166 1364 1301 1412 profui
1319 1387 1376 1393 —-

89 1418 186 1467 quid
205 1419 309 1457 enim
330 1418 435 1457 illius
457 1419 657 1467 intererat,
675 1430 756 1468 quo
777 1430 926 1468 genere
942 1419 1213 1459 dilaberetur?
1225 1441 1282 1457 -ψ-
1301 1430 1376 1460 nec

88 1473 191 1519 filio,
225 1474 323 1522 quid
349 1473 454 1512 enim
484 1484 556 1523 per
583 1474 661 1513 hoc
689 1475 892 1513 commodi
919 1475 1095 1514 accessit
1121 1475 1207 1514 illi?
1247 1475 1377 1514 dicam

90 1529 188 1577 quid
208 1534 451 1568 consecutus
472 1529 543 1568 sit:
574 1530 708 1569 officio
724 1530 908 1569 sollemni
924 1535 964 1569 et
977 1530 1211 1570 necessario
1227 1540 1300 1579 per
1313 1541 1377 1570 me

89 1585 250 1623 functus
271 1589 345 1623 est.
392 1584 576 1624 Praestiti
597 1586 698 1634 patri
717 1586 825 1634 eius,
855 1586 966 1635 quod
981 1586 1070 1635 ipse
1087 1591 1291 1635 praestare
1306 1597 1375 1626 vo·
1392 1591 1414 1625 5

89 1640 231 1680 luisset
259 1651 335 1678 nec
360 1650 439 1678 non
470 1644 510 1679 et
537 1641 755 1681 debuisset.
799 1641 876 1680 hoc
904 1645 1036 1681 tamen
1063 1642 1119 1680 ita
1138 1642 1376 1681 beneficium

90 1701 169 1743 est,
201 1695 236 1734 si
255 1707 334 1735 non
355 1695 655 1735 misericordiae
670 1702 711 1735 et
727 1697 963 1736 humanitati
979 1697 1092 1745 dedi,
1111 1702 1155 1736 ut
1171 1697 1379 1746 quodlibet

91 1751 265 1790 cadaver
299 1751 611 1800 absconderem,
640 1753 714 1790 sed
747 1753 781 1790 si
818 1763 966 1801 corpus
994 1753 1188 1800 adgnovi,
1233 1752 1267 1791 si
1295 1752 1377 1792 filio

90 1812 183 1846 tunc
202 1807 280 1846 hoc
302 1812 509 1856 praestare
528 1818 592 1846 me
612 1806 797 1855 cogitavi.
836 1813 878 1847 at
898 1809 932 1847 si
951 1812 1098 1846 terram
1118 1808 1256 1856 ignoto
1273 1819 1378 1848 mor·

87 1869 158 1902 tuo
179 1862 319 1911 inieci,
343 1863 494 1902 nullum
513 1863 553 1901 in
571 1863 651 1902 hoc
669 1863 800 1903 habeo
818 1863 937 1902 huius
958 1863 1080 1902 officii
1101 1863 1322 1903 debitorem
1338 1864 1377 1903 in

90 1918 295 1968 publicum
323 1919 534 1958 humanus.
581 1918 685 1957 Dicit
714 1919 879 1968 aliquis:
923 1919 1078 1968 „quid
1104 1924 1412 1967 tantoperefi

91 1975 317 2023 quaeris,
350 1975 430 2014 cui
459 1974 669 2013 dederis
694 1974 1006 2013 beneficium
1034 1979 1283 2023 tamquam
1300 1985 1377 2014 re·

91 2029 347 2078 petiturus
397 2030 744 2079 aliquand02“
804 2029 929 2069 Sunt
979 2030 1063 2079 qui
1114 2041 1378 2078 numquam

91 2086 323 2125 iudicant
351 2096 469 2125 esse
497 2085 832 2134 repetendum
863 2090 902 2124 et
921 2085 995 2124 has
1012 2095 1159 2125 causas
1175 2085 1376 2127 adserunt:

90 2140 305 2190 „indignus
325 2142 444 2181 etiam
463 2140 658 2190 repetenti
678 2151 758 2180 non
777 2141 941 2187 reddet,
968 2141 1112 2189 dignus
1132 2141 1224 2190 ipse
1239 2151 1313 2190 per
1331 2152 1377 2182 se

91 2196 249 2238 referet.
294 2203 502 2245 praeterea
522 2197 556 2236 si
575 2197 682 2236 bono
702 2196 789 2236 viro
809 2196 975 2244 dedisti,
1005 2201 1219 2246 exspecta,
1246 2207 1299 2237 ne
1317 2197 1375 2237 in·

91 2251 231 2291 iuriam
262 2252 318 2292 illi
346 2254 471 2292 facias
499 2252 766 2302 adpellando,
793 2256 995 2301 tamquam
1024 2263 1100 2292 sua
1124 2257 1268 2302 sponte
1285 2253 1374 2292 red-

95 2306 247 2348 diturus
274 2319 355 2348 non
383 2309 539 2349 fuisset.
584 2309 618 2348 si
639 2309 744 2347 malo
764 2308 850 2347 viro
871 2307 1036 2357 dedisti,
1067 2309 1255 2358 plectere.
1299 2309 1373 2348 Be-
