1624 2626
315 166 394 207 248
509 198 511 201 .
592 167 634 205 L.
651 167 836 205 ANNAEI
858 167 1082 208 SENECAE
1101 170 1232 209 DIAL.
1252 170 1334 209 Xll.

317 276 383 304 sar
402 265 627 314 Augustus,
655 276 773 314 quem
791 265 884 303 mihi
903 265 1057 305 videtur
1074 277 1202 306 rerum
1225 273 1363 307 natura
1381 267 1568 317 edidisse,

315 326 359 359 ut
385 320 632 368 ostenderet,
662 321 755 368 quid
783 331 934 358 summa
961 322 1055 359 vitia
1072 322 1109 360 in
1130 333 1283 360 summa
1302 324 1457 362 fortuna
1475 334 1568 371 pos—

316 380 422 422 sent,
452 375 599 413 centies
633 375 814 413 sestertio
847 375 1028 415 coenavit
1054 387 1132 415 uno
1165 377 1240 415 die.
1277 377 1371 415 etin
1391 377 1467 416 hoc
1487 389 1568 416 om-

317 431 423 468 nium
451 429 608 467 adiutus
628 429 785 477 ingenio
806 430 870 467 vix
891 435 1017 468 tamen
1039 431 1204 478 invenit,
1234 432 1434 479 quomodo
1456 433 1570 470 trium

278 495 299 527 5
315 483 610 532 provinciarum
636 485 822 522 tributum
851 495 931 522 una
950 494 1075 525 coena
1093 486 1215 524 fieret.
1261 485 1290 524 Ο
1311 486 1567 532 miserabiles,

317 549 484 587 quorum
510 539 682 587 palatum
709 539 784 576 nisi
811 539 862 576 ad
891 540 1087 587 pretiosos
1113 540 1224 579 cibos
1250 551 1329 578 non
1359 541 1566 578 excitatur!

316 593 516 641 pretiosos
544 598 673 632 autem
703 604 781 631 non
810 594 976 632 eximius
1005 604 1126 642 sapor
1150 601 1214 633 aut
1240 595 1373 643 aliqua
1398 595 1570 633 faucium

316 647 496 693 dulcedo,
519 647 591 686 sed
610 647 747 685 raritas
767 651 806 685 et
820 647 1030 687 difficultas
1049 649 1322 696 parandifaeit.
1351 649 1521 697 alioquin
1535 647 1570 687 si

316 701 367 739 ad
378 711 512 740 sanam
523 702 599 741 illis
611 706 780 740 mentem
794 703 1108 751 placeatreverti,
1127 703 1220 752 quid
1232 714 1334 752 opus
1345 702 1569 742 esttotarti-

315 756 391 794 bus
409 756 532 794 ventri
549 757 840 795 servientibus?
860 758 953 805 quid
969 759 1224 796 mercaturis?
1244 759 1336 806 quid
1352 758 1570 796 vastatione

315 810 529 859 silvarum?
549 811 641 859 quid
661 811 844 859 profundi
855 813 1192 860 perscrutatione?
1206 812 1355 861 passim
1365 812 1492 850 iacent
1502 811 1570 850 ali-

313 870 455 912 menta,
474 876 575 912 quae
590 875 719 903 rerum
735 870 874 905 natura
883 867 1064 906 omnibus
1075 868 1173 914 locis
1185 867 1379 915 deposuit,
1390 867 1461 905 sed
1471 866 1570 904 haec

314 919 421 958 velut
442 920 549 957 caeci
560 925 643 958 tran
650 924 766 958 scunt
775 927 812 959 et
821 931 960 960 omnes
970 914 1153 970 region'es
1165 926 1438 970 pervagantur,
1449 920 1572 958 maria

314 973 495 1012 traiciunt
524 979 581 1021 et,
610 985 696 1012 cum
723 977 863 1014 samem
892 977 1036 1024 exiguo
1064 977 1219 1025 possint
1245 977 1406 1023 sedare,
1427 985 1569 1022 magno

277 1028 481 1070 fiinritant.
512 1028 624 1066 Libet
651 1029 803 1067 dicere:
832 1030 927 1077 quid
955 1031 1148 1068 deducitis
1176 1035 1326 1069 naves?
1359 1029 1453 1079 quid
1489 1040 1569 1067 ma-

314 1093 388 1120 nus
423 1086 461 1119 et
497 1082 691 1121 adversus
729 1084 834 1122 seras
873 1090 911 1122 et
947 1085 1142 1124 adversus
1169 1085 1348 1123 homines
1385 1084 1571 1123 armatis?

316 1136 409 1184 quid
437 1140 544 1173 tanto
566 1137 730 1175 tumultu
748 1137 993 1176 discurritis?
1022 1140 1114 1186 quid
1136 1150 1233 1187 opes
1254 1139 1396 1187 opibus
1417 1138 1568 1186 adgeri-

313 1191 390 1229 tis?
410 1201 488 1228 non
508 1190 626 1229 vultis
648 1191 839 1239 cogitare,
862 1204 979 1240 quam
1002 1203 1124 1240 parva
1140 1193 1256 1231 vobis
1278 1203 1447 1240 corpora
1467 1193 1570 1230 sint?

314 1254 445 1283 nonne
473 1246 582 1283 furor
601 1250 640 1283 et
656 1246 816 1284 ultimus
835 1247 1020 1284 mentium
1042 1258 1152 1285 error
1171 1251 1250 1293 est,
1281 1257 1370 1285 cum
1389 1252 1466 1285 tam
1486 1246 1567 1284 exi-

314 1310 434 1347 guum
457 1299 605 1347 capias,
625 1310 770 1348 cupere
789 1301 978 1339 multum?
1005 1302 1115 1340 Licet
1132 1301 1264 1349 itaque
1283 1300 1460 1349 augeatis
1478 1311 1567 1339 cen-

315 1364 406 1400 sus,
437 1355 703 1401 promoveatis
723 1355 843 1394 fines:
871 1367 1082 1404 numquam
1102 1360 1230 1394 tamen
1251 1366 1418 1403 corpora
1439 1359 1570 1393 vestra

313 1408 508 1446 laxabitis.
552 1408 648 1446 Cum
678 1408 777 1447 bene
805 1410 971 1449 cesserit
998 1410 1230 1459 negotiatio,
1257 1411 1416 1449 multum
1435 1409 1570 1448 militia

312 1463 506 1508 retulerit,
537 1472 625 1501 cum
651 1463 825 1511 indagati
851 1464 1027 1514 undique
1047 1465 1123 1503 cibi
1142 1465 1323 1513 coierint,
1350 1464 1430 1504 noh
1449 1463 1569 1502 habe—

277 1517 423 1564 7bitis,
451 1517 519 1555 ubi
538 1518 637 1556 istos
665 1518 879 1566 adparatus
907 1524 1064 1559 vestros
1093 1521 1322 1559 conlocetis.
1368 1519 1467 1567 Quid
1492 1523 1568 1558 tam

313 1572 432 1610 multa
452 1572 712 1620 conquiritis?
740 1572 898 1612 Scilicet
916 1575 1085 1613 maiores
1105 1575 1239 1623 nostri,
1262 1584 1428 1623 quorum
1446 1575 1567 1612 virtus

314 1627 534 1664 etiamnunc
554 1625 647 1665 vitia
664 1632 800 1666 nostra
820 1633 1032 1676 sustentat,
1059 1628 1236 1668 infelices
1255 1634 1386 1676 erant,
1408 1628 1474 1676 qui
1486 1628 1568 1666 sibi

312 1691 431 1719 manu
451 1691 526 1719 sua
543 1680 735 1729 parabant
755 1682 901 1729 cibum,
924 1684 1065 1731 quibus
1085 1689 1189 1722 terra
1208 1683 1336 1722 cubile
1355 1687 1447 1729 erat,
1469 1693 1566 1731 quo-

311 1746 397 1773 rum
424 1739 528 1777 tecta
551 1736 725 1774 nondum
753 1747 848 1775 auro
877 1738 1095 1787 fulgebant,
1123 1749 1288 1787 quorum
1307 1738 1451 1785 templa
1470 1747 1567 1775 non-

313 1789 406 1827 dum
434 1790 599 1837 gemmis
620 1789 805 1829 nitebant.
845 1792 979 1840 itaque
999 1798 1091 1831 tunc
1111 1803 1183 1841 per
1200 1791 1338 1831 fictiles
1359 1793 1456 1830 deos
1476 1790 1565 1829 reli-

311 1845 424 1891 giose
443 1843 655 1883 iurabatur.
693 1846 760 1893 qui
779 1846 868 1885 illos
888 1847 1185 1895 invocaverant,
1206 1847 1256 1885 ad
1275 1846 1428 1885 hostem
1449 1845 1565 1884 mori-

275 1898 405 1946 8turi‚
432 1908 483 1936 ne
502 1899 700 1948 fallerent,
728 1901 920 1940 redibant.
952 1901 1110 1941 Scilicet
1128 1901 1255 1940 minus
1275 1902 1389 1940 beate
1410 1900 1566 1938 vivebat

313 1953 480 1991 dictator
497 1958 651 2002 noster,
682 1954 750 2002 qui
771 1954 999 1994 Samnitium
1018 1957 1169 2004 legatos
1190 1956 1328 2003 audiit,
1349 1966 1437 1994 cum
1456 1953 1563 1993 vilis-

314 2008 453 2045 simum
481 2007 609 2047 cibum
637 2007 677 2046 in
701 2010 789 2049 foco
810 2010 898 2059 ipse
918 2022 1035 2049 manu
1054 2022 1128 2050 sua
1146 2015 1338 2056 versaret,
1367 2009 1454 2056 illa,
1485 2020 1564 2056 qua

312 2060 389 2098 iam
416 2071 538 2110 saepe
565 2062 721 2102 hostem
747 2070 1001 2112 percusserat
1025 2067 1276 2112 laureamque
1295 2064 1333 2102 in
1359 2063 1563 2112 Capitolini

310 2115 416 2154 Iovis
443 2117 590 2164 gremio
617 2124 868 2167 reposuerat,
898 2131 1013 2169 quam
1032 2119 1194 2168 Apicius
1221 2123 1356 2157 nostra
1376 2117 1565 2169 memoria

313 2169 429 2217 vixit,
459 2171 524 2218 qui
544 2172 581 2209 in
598 2171 651 2210 'ea
670 2173 788 2220 urbe,
816 2184 866 2212 ex
888 2185 965 2223 qua
985 2173 1194 2221 aliquando
1214 2173 1438 2221 philosophi
1458 2172 1564 2212 velut

313 2228 564 2271 corruptores
584 2225 796 2267 iuventutis
818 2229 925 2267 abire
941 2229 1038 2267 iussi
1054 2232 1155 2275 sunt,
1173 2227 1373 2266 scientiam
1390 2227 1563 2277 popinae

313 2278 521 2327 professus
554 2279 764 2330 disciplina
793 2294 868 2322 sua
896 2283 1071 2322 seculum
1097 2281 1241 2321 infecit.
1283 2282 1394 2322 cuius
1416 2281 1561 2321 exitum
