1624 2626
311 151 391 192 290
682 150 725 189 L.
754 149 942 189 ANNAEI
971 149 1195 189 SENECAE

311 251 407 288 lices
435 254 473 288 et
498 248 702 296 Augustos
732 246 902 285 diximus
931 251 969 286 et
991 247 1221 287 ambitiosae
1239 249 1430 290 maiestati
1451 251 1558 300 quic-

313 304 406 352 quid
422 303 619 352 potuimus
634 302 831 340 titulorum
846 302 1118 349 congessimus
1135 303 1224 350 [illis
1234 303 1309 343 hoc
1318 305 1558 355 tribuenteSJ,

310 358 461 396 Patrem
483 357 641 406 quidem
656 356 811 394 Patriae
830 355 1133 404 adpellavimus‚
1152 362 1195 396 ut
1208 357 1326 397 sciret
1340 360 1468 398 datam
1485 360 1559 398 sibi

312 416 544 461 potestatem
559 411 743 459 patriam,
765 420 865 457 quae
881 415 942 448 est
955 410 1298 459 temperatissima,
1318 413 1450 453 liberis
1466 425 1559 453 con-

276 477 297 510 3
312 468 447 506 sulens
467 476 619 514 suaque
639 469 731 513 post
745 465 832 503 illos
847 473 1058 512 reponens.
1086 465 1211 503 Tarde
1227 467 1301 505 sibi
1318 473 1426 515 pater
1440 479 1558 506 mem—

313 523 383 560 bra
402 532 475 560 sua
494 520 684 558 abscidat.
711 519 827 558 etiam
846 529 934 557 cum
955 518 1186 566 absciderit,
1212 531 1406 568 reponere
1428 524 1561 571 cupiat

313 581 351 614 et
369 576 407 613 in
427 574 670 614 abscidendo
690 578 820 621 gemat
838 578 1041 612 cunctatus
1061 575 1222 612 multum
1241 576 1397 624 diuque.
1434 588 1560 626 prope

314 629 416 669 enim
443 634 521 677 est,
557 633 599 667 ut
630 628 796 666 libenter
822 627 1000 676 damnet,
1035 628 1100 677 qui
1128 628 1217 667 cito.
1259 640 1386 678 prope
1411 635 1489 680 est,
1519 637 1561 670 ut

315 684 446 733 inique
465 683 620 732 puniat,
651 682 717 731 qui
737 682 864 721 nimis.

279 748 295 779 1.
390 739 475 777 XV.
510 738 740 776 Trichonem
765 737 936 785 equitem
962 736 1183 775 Romanum
1211 737 1397 778 memoria
1414 744 1559 788 nostra,

314 792 406 841 quia
425 793 546 831 fillum
565 803 679 830 suum
700 790 866 839 flagellis
890 790 1106 836 occiderat,
1129 791 1300 839 populus
1319 792 1358 830 in
1374 793 1459 830 foro
1475 804 1560 841 gra-

315 848 416 895 phiis
445 847 631 885 confodit.
669 845 736 883 vix
763 846 866 884 illum
886 844 1055 892 Augusti
1075 845 1256 884 Caesaris
1275 847 1486 886 auctoritas
1507 849 1562 886 in-

275 909 296 941 2
317 902 423 940 sestis
438 907 515 940 tam
531 905 683 949 patrum
700 911 816 948 quam
833 900 1000 938 filiorum
1016 900 1195 938 manibus
1211 900 1364 948 eripuit.
1399 901 1563 950 Tarium,

315 957 381 1005 qui
397 956 517 994 filiurn
527 954 819 1003 deprehensum
833 955 870 992 in
887 953 1095 1002 parricidio
1106 954 1222 993 exilio
1234 954 1433 994 damnavit
1443 966 1565 995 causa

315 1011 482 1058 cognita,
498 1020 613 1047 nemo
629 1020 707 1048 non
724 1009 914 1057 suspexit,
935 1008 1043 1057 quod
1055 1014 1262 1048 contentus
1273 1009 1389 1048 exilio
1400 1015 1437 1048 et
1447 1010 1563 1049 exilio

316 1065 480 1102 delicato
501 1063 700 1102 Massiliae
720 1063 952 1111 parricidam
974 1063 1163 1102 continuit
1181 1069 1220 1102 et
1233 1075 1363 1102 annua
1380 1065 1432 1102 illi
1453 1076 1562 1113 prae-

315 1118 418 1166 stitit,
430 1122 574 1166 quanta
585 1123 785 1165 praestare
796 1118 946 1164 integro
957 1118 1126 1156 solebat:
1143 1118 1241 1157 hacc
1250 1119 1460 1157 liberalitas
1473 1119 1564 1158 effe-

317 1173 386 1219 cit,
412 1178 455 1211 ut
473 1172 510 1209 in
528 1183 605 1219 qua
620 1171 774 1209 civitate
789 1182 1002 1219 numquam
1017 1171 1129 1210 deest
1144 1177 1334 1219 patronus
1351 1174 1562 1221 peioribus,

316 1237 430 1265 nemo
448 1226 650 1273 dubitaret,
674 1226 766 1274 quIn
781 1236 874 1264 reus
890 1226 1027 1264 merito
1039 1225 1246 1265 damnatus
1257 1233 1374 1273 esset,
1397 1238 1512 1276 quem
1530 1228 1563 1266 is

277 1285 299 1320 3
316 1286 424 1330 pater
450 1281 636 1318 damnare
664 1279 876 1328 potuisset,
916 1280 981 1327 qui
1002 1279 1137 1318 odisse
1164 1291 1243 1319 non
1269 1286 1431 1329 poterat.
1478 1283 1564 1321 Hoc

315 1335 402 1383 ipso
414 1336 595 1382 exemplo
607 1334 709 1373 dabo
722 1345 835 1383 quem
854 1344 1048 1382 conpares
1064 1335 1169 1373 bono
1183 1336 1282 1383 patri
1297 1335 1440 1374 bonum
1460 1338 1562 1384 prin-

315 1390 454 1438 cipem.
498 1389 731 1436 Cogniturus
754 1389 803 1427 de
822 1388 903 1426 filio
918 1389 1053 1427 Tarius
1075 1389 1284 1428 advocavit
1303 1391 1340 1427 in
1357 1391 1563 1430 consilium

315 1439 522 1482 Caesarem
541 1445 774 1491 Augustum.
808 1442 969 1481 venitin
989 1444 1164 1491 privatos
1186 1450 1368 1492 penates,
1398 1446 1562 1491 adsedit,

318 1509 408 1546 pars
429 1498 543 1536 alieni
563 1497 717 1536 consilii
733 1496 815 1536 suit.
842 1508 920 1535 non
938 1497 1052 1535 dixit:
1079 1497 1195 1536 immo
1213 1498 1250 1536 in
1267 1510 1391 1537 meam
1407 1500 1563 1538 domum

316 1551 458 1590 veniat.
487 1553 595 1600 quod
614 1552 648 1590 si
666 1553 809 1590 factum
829 1557 954 1597 esset,
981 1552 1160 1591 Caesaris
1180 1554 1311 1592 sutura
1330 1558 1412 1592 erat
1431 1556 1560 1602 cogni-

279 1616 301 1650 4
318 1607 389 1654 tio,
425 1616 504 1644 non
531 1607 664 1654 patris.
708 1606 853 1644 Audita
879 1617 1001 1644 causa
1028 1607 1292 1656 excussisque
1318 1608 1498 1647 omnibus
1526 1614 1563 1647 et

317 1662 375 1699 his
398 1671 498 1709 quae
526 1661 763 1699 adulescens
791 1672 863 1708 pro
885 1671 929 1699 se
950 1661 1102 1700 dixerat
1122 1666 1159 1700 et
1176 1662 1237 1700 his
1260 1663 1402 1711 quibus
1423 1673 1561 1711 argue-

315 1717 448 1763 batur,
479 1715 572 1763 petit
590 1719 630 1753 ut
649 1716 880 1755 sententiam
900 1726 1012 1754 suam
1033 1717 1202 1765 quisque
1222 1717 1428 1764 scriberet,
1450 1728 1498 1756 ne
1515 1729 1562 1756 ea

317 1770 486 1808 omnium
506 1770 635 1816 fieret,
658 1780 759 1818 quae
776 1770 956 1808 Caesaris
976 1770 1128 1819 fuisset.
1172 1772 1314 1809 deinde
1333 1772 1562 1820 priusquam

317 1825 558 1873 aperirentur
578 1823 764 1871 codicilli,
794 1825 935 1863 iuravit
955 1835 998 1863 se
1016 1825 1135 1872 Tarii,
1155 1825 1322 1865 hominis
1341 1827 1561 1874 locupletis,

279 1888 298 1918 5
316 1879 567 1917 hereditatem
594 1889 672 1917 non
694 1878 898 1917 aditurum.
940 1880 1051 1918 Dicet
1073 1880 1235 1929 aliquis:
1266 1881 1407 1928 pusillo
1432 1881 1560 1919 animo

317 1933 456 1980 timuit,
481 1944 530 1971 ne
548 1933 745 1972 videretur
764 1935 899 1978 locum,
910 1935 998 1982 spei
1012 1945 1108 1972 suae
1123 1934 1276 1982 aperire
1292 1935 1391 1973 velle
1409 1934 1478 1982 [in]
1494 1936 1560 1973 filii

317 1988 575 2027 damnatione.
612 1998 685 2035 ego
705 1992 840 2026 contra
859 1989 998 2041 septio.
1029 1989 1189 2037 quilibet
1207 1994 1381 2027 nostrum
1404 1989 1559 2027 debuis-

317 2046 377 2079 set
401 2043 593 2080 adversus
622 2042 828 2090 opiniones
847 2043 1038 2092 malignas
1057 2042 1151 2082 satis
1171 2043 1338 2081 fiduciae
1357 2043 1502 2082 habere
1521 2044 1559 2082 in

319 2095 420 2133 bona
449 2097 712 2144 conscientia,
751 2096 948 2145 principes
977 2098 1095 2136 multa
1120 2097 1263 2136 debent
1288 2098 1403 2136 etiam
1433 2098 1559 2136 famae

279 2153 300 2187 6
317 2149 421 2187 dare.
459 2151 603 2189 Iuravit
630 2161 674 2190 se
701 2162 778 2190 non
801 2152 993 2190 aditurum
1016 2152 1276 2190 hereditatem.
1319 2152 1455 2191 Tarius
1476 2154 1557 2201 qui·

318 2204 405 2241 dem
425 2206 565 2243 eodem
585 2206 647 2243 die
666 2210 704 2252 et
723 2207 886 2245 alterum
903 2206 1088 2244 heredem
1106 2206 1294 2254 perdidit,
1323 2207 1395 2245 sed
1416 2207 1560 2245 Caesar

319 2257 530 2297 libertatem
559 2261 774 2300 sententiae
800 2271 896 2300 suae
915 2260 1089 2300 redemit.
1127 2265 1165 2300 et
1187 2266 1396 2310 postquam
1416 2262 1558 2310 adpro-
