1598 2606
374 158 442 200 DE
468 155 750 200 BENEFICIIS
778 156 874 196 LIB.
890 156 920 196 1.
949 158 1126 196 12—15.
1337 151 1392 194 13

112 265 273 307 cissima
298 266 470 311 tantum,
497 261 571 301 sed
597 259 858 311 ignavissima
877 267 1042 308 quoque
1060 254 1248 296 animalia
1263 254 1393 295 timeri

111 323 164 363 ob
182 321 293 361 virus
312 320 473 359 malum.

190 377 295 417 XIV.
331 376 396 415 Ad
426 373 678 424 propositum
707 381 814 412 nunc
839 374 1099 410 revertamur.
1147 367 1393 407 Beneficium
1410 372 1430 406 1

110 433 180 484 qui
199 433 344 483 quibus
364 432 479 479 libet,
506 431 574 469 dat
588 429 685 468 nulli
699 433 874 478 gratum:
903 437 1021 466 nemo
1039 436 1085 465 se
1101 423 1310 464 stabularii
1325 428 1394 463 aut

110 489 304 539 cauponis
334 486 538 536 hospitem
565 485 715 525 iudicat
737 494 812 523 nec
831 483 1042 523 convivam
1063 481 1195 520 dantis
1216 481 1392 530 epulum,

108 546 176 585 ubi
204 545 283 584 dici
309 548 463 594 potest:
500 541 627 591 „quid
651 540 815 580 enimin
835 549 899 578 me
920 538 1110 578 contulit?
1147 547 1293 586 nempe
1314 536 1393 575 hoc

109 601 222 651 quod
249 605 288 640 et
313 601 352 639 in
379 600 489 639 illum
517 597 586 637 vix
611 597 716 636 bene
745 601 884 636 notum
910 595 987 634 sibi
1016 599 1056 633 et
1081 594 1121 633 in
1141 592 1253 635 illum
1274 592 1393 632 etiam

108 657 309 697 inimicum
340 667 388 695 ac
414 653 689 705 turpissimum
716 652 929 692 hominem.
972 649 1167 699 numquid
1195 649 1302 688 enim
1329 659 1395 687 me

109 713 273 762 dignum
289 712 506 751 iudicavit?
534 710 676 749 morbo
693 720 768 748 suo
785 718 938 747 morem
951 706 1118 756 gessit.“
1148 705 1264 754 Quod
1282 705 1394 744 voles

109 773 265 818 gratum
294 779 408 816 esse,
445 778 580 806 rarum
609 766 747 813 effice,
779 765 884 814 quod
903 764 993 813 quis
1014 762 1161 813 patitur
1182 761 1259 801 sibi
1279 761 1394 810 inpu-

108 824 198 865 tari.
245 824 370 863 Nemo
403 823 505 862 haec
538 823 591 861 ita
621 822 926 870 interpretetur,
968 824 1173 868 tamquam
1205 818 1396 856 reducam
1412 819 1435 853 2

109 880 386 920 liberalitatem
412 883 452 919 et
477 879 600 918 frenis
629 877 844 918 artioribus
863 876 1106 925 reprimam=
1146 874 1214 913 illa
1234 883 1335 913 vero
1354 873 1394 911 in

112 941 303 986 quantum
329 935 426 974 libet
453 939 588 983 exeat,
627 934 701 973 sed
729 938 812 980 eat,
843 943 922 971 non
951 936 1068 971 erret.
1112 929 1225 970 Licet
1246 929 1300 968 ita
1318 930 1394 968 lar-

110 992 206 1042 giri,
234 997 277 1031 ut
296 990 597 1040 unusquisque,
627 989 780 1029 etiamsi
803 999 892 1028 cum
913 987 1046 1027 multis
1067 985 1243 1035 accepit,
1264 986 1304 1024 in
1322 996 1394 1034 po-

111 1050 208 1097 pulo
230 1058 275 1087 se
295 1058 389 1087 esse
409 1058 490 1086 non
511 1050 633 1095 putet.
681 1055 799 1084 nemo
821 1055 900 1084 non
921 1044 1067 1082 habeat
1089 1043 1264 1091 aliquam
1284 1039 1396 1080 fami-

110 1105 248 1143 liarem
267 1109 413 1150 notam,
435 1113 507 1152 per
523 1113 640 1151 quam
664 1105 800 1149 speret
815 1111 860 1140 se
879 1099 1048 1148 propius
1064 1097 1299 1137 admissum.
1329 1097 1394 1135 Di·
1411 1094 1435 1130 3

111 1165 194 1200 cat:
225 1160 391 1209 „accepi
411 1159 518 1198 idem
541 1157 652 1207 quod
671 1157 757 1205 ille,
787 1156 860 1196 sed
880 1157 994 1194 ultro.
1025 1154 1166 1204 accepi
1187 1153 1298 1204 quod
1317 1153 1395 1201 ille,

110 1215 183 1254 sed
205 1226 281 1265 ego
302 1214 404 1255 intra
423 1215 547 1254 breve
568 1219 745 1262 tempuS‚
775 1223 863 1252 cum
880 1212 945 1251 ille
961 1211 1030 1250 diu
1045 1210 1272 1250 meruisset.
1303 1215 1397 1249 sunt

113 1272 180 1320 qui
207 1271 314 1311 idem
341 1270 534 1317 habeant,
571 1269 646 1309 sed
674 1280 755 1308 non
785 1268 941 1308 eisdem
970 1267 1104 1306 verbis
1129 1266 1285 1314 datum,
1314 1277 1395 1305 non

111 1327 254 1367 eadem
285 1326 471 1367 comitate
497 1326 720 1365 tribuentis.
763 1325 829 1363 ille
857 1323 1033 1373 accepit,
1071 1333 1162 1362 cum
1195 1326 1395 1371 rogasset,

112 1393 188 1432 ego
210 1394 291 1422 non
310 1394 509 1432 rogaram.
539 1382 603 1420 ille
623 1379 798 1430 accepit,
820 1380 895 1419 sed
915 1380 1031 1418 facile
1046 1379 1299 1427 redditurus,
1321 1379 1397 1417 sed

113 1439 229 1478 cuius
250 1444 437 1478 senectus
458 1443 497 1477 et
515 1437 642 1476 libera
663 1437 812 1476 orbitas
833 1446 978 1485 magna
998 1434 1265 1484 promittebat.
1302 1434 1397 1472 mihi

115 1495 206 1543 plus
227 1494 353 1540 dedit,
386 1494 569 1543 quamvis
599 1493 709 1531 idem
727 1492 901 1539 dederit,
926 1491 1021 1540 quia
1049 1490 1137 1529 sine
1158 1501 1232 1539 spe
1251 1490 1394 1539 reeipi-

115 1549 208 1588 endi
229 1550 376 1588 dedit.“
421 1549 763 1597 Quemadmodum
783 1547 972 1587 meretrix
990 1547 1044 1586 ita
1062 1546 1164 1585 inter
1182 1548 1329 1585 multos
1350 1556 1394 1584 se
1410 1544 1435 1579 4

116 1605 286 1653 dividet,
320 1610 364 1644 ut
396 1615 514 1644 nemo
548 1615 629 1643 non
658 1603 822 1654 aliquod
851 1604 1010 1652 signum
1038 1602 1245 1641 familiaris
1276 1602 1396 1641 animi

114 1661 234 1710 ferat,
263 1661 318 1699 ita
338 1661 405 1710 qui
426 1660 622 1699 beneficia
647 1670 723 1699 sua
742 1659 927 1698 amabilia
948 1659 1033 1698 vult
1052 1669 1166 1706 esse,
1197 1659 1397 1707 excogitet

116 1717 319 1766 quomodo
347 1717 458 1756 multi
487 1715 712 1765 obligentur
738 1720 778 1754 et
801 1719 933 1754 tamen
961 1714 1107 1765 singuli
1134 1714 1308 1754 habeant
1326 1714 1395 1754 ali-

116 1773 232 1822 quid,
263 1784 343 1822 quo
368 1783 414 1811 se
435 1771 577 1811 ceteris
600 1772 839 1820 praeferant.

195 1828 282 1867 XV.
310 1829 396 1877 Ego
417 1838 514 1868 vero
533 1827 738 1866 beneficiis
753 1838 834 1866 non
851 1826 981 1866 obicio
996 1836 1153 1866 moras:
1186 1836 1266 1876 quo
1283 1826 1399 1876 plura
1416 1835 1434 1868 1

115 1884 349 1934 maioraque
370 1884 534 1932 fuerint,
565 1883 656 1932 plus
678 1882 847 1922 afferent
865 1882 1010 1922 laudis.
1051 1881 1395 1922 Adsitiudicium:

115 1951 248 1990 neque
279 1941 384 1979 enim
411 1939 524 1979 cordi
544 1949 637 1978 esse
658 1939 844 1988 cuiquam
865 1943 1038 1987 possunt
1057 1938 1159 1978 forte
1178 1949 1226 1977 ac
1247 1942 1394 1977 temere

117 1996 222 2035 data.
269 1996 399 2045 Quare
420 1996 454 2035 si
475 1996 565 2045 quis
582 1994 782 2033 existimat
797 2004 892 2042 nos,
913 2004 1003 2033 cum
1019 1994 1095 2033 ista
1112 1993 1394 2043 praecipimuS,
1409 2002 1432 2036 2

115 2051 340 2101 benigitatis
362 2053 464 2092 fines
483 2052 681 2090 introrsus
701 2051 851 2089 referre
872 2055 911 2089 et
929 2050 985 2088 illi
999 2050 1130 2089 minus
1145 2051 1279 2089 laxum
1297 2050 1395 2089 limi—

115 2112 196 2146 tem
223 2109 400 2158 aperiue,
427 2119 478 2147 ne
508 2117 721 2158 perperam
749 2106 991 2145 monitiones
1011 2111 1172 2146 nostras
1193 2106 1394 2146 exaudiat.

119 2174 240 2212 quam
258 2165 361 2203 enim'
383 2165 564 2203 virtutem
587 2163 714 2212 magis
735 2166 1000 2201 veneramur?
1026 2161 1091 2200 cui
1110 2162 1237 2210 magis
1258 2163 1394 2202 stimu-

119 2220 181 2259 los
213 2220 427 2260 addimus?
471 2221 671 2269 quibusve
702 2223 783 2258 tam
814 2217 1002 2258 convenit
1034 2217 1138 2257 haec
1171 2218 1393 2258 adhortatio

121 2285 241 2323 quam
273 2277 391 2316 nobis
426 2277 658 2316 societatem
696 2274 859 2313 humani
891 2274 1051 2323 generis
1091 2274 1396 2314 sancientibus?

122 2330 224 2378 Quid
250 2342 346 2383 ergo
375 2337 460 2372 est?
497 2343 588 2373 cum
607 2332 660 2372 sit
678 2332 784 2371 nulla
801 2330 973 2371 honesta
990 2329 1052 2370 vis
1071 2330 1209 2381 animi,
1238 2331 1391 2371 etiamsi
1406 2335 1430 2371 3
