1592 2580
296 166 374 208 128
663 167 706 206 L.
735 167 922 206 ANNAEI
953 167 1176 207 SENECAE

297 266 449 314 credat,
486 270 528 304 ut
555 266 654 305 sciat
679 267 782 304 illam
808 266 939 306 multis
969 271 1007 306 et
1033 268 1123 306 fidis
1151 269 1330 307 manibus
1350 270 1549 309 continen-

298 321 402 359 dam.
448 319 590 359 Parum
617 320 655 359 in
685 320 792 359 illum
820 322 1047 368 contuleris,
1078 322 1112 361 si
1138 323 1191 360 illi
1223 325 1373 370 [semel]
1396 326 1550 364 stultam

297 375 481 413 fiduciam
507 385 787 423 permansurae
817 386 974 424 semper
999 378 1195 424 potentiae
1224 379 1449 417 excusseris
1480 379 1550 418 do—

297 430 508 477 cuerisque
528 429 687 468 mobilia
702 440 804 476 esse,
827 441 929 478 quae
944 431 1051 469 dedit
1066 442 1196 479 casus,
1217 437 1254 470 et
1268 433 1416 471 maiore
1432 443 1551 472 cursu

296 484 433 532 sugere
445 494 562 532 quam
572 484 734 522 veniunt
749 495 821 522 nec
836 485 897 523 his
908 485 1166 533 portionibus,
1185 486 1326 534 quibus
1339 488 1388 525 ad
1399 498 1552 525 summa

297 544 527 586 perventum
549 544 627 586 est,
650 543 754 578 retro
773 539 837 587 iri,
868 540 939 578 sed
961 550 1081 587 saepe
1103 541 1201 578 inter
1220 541 1414 579 fortunam
1429 542 1549 579 maxi-

258 597 280 631 3
294 603 396 630 mam
416 598 455 631 et
473 594 643 631 ultimam
664 593 758 631 nihil
777 594 997 632 interesse?
1036 595 1175 633 Nescis
1191 601 1378 643 quantum
1399 596 1448 634 sit
1462 606 1549 644 pre-

296 646 390 686 tium
418 647 629 695 amicitiae,
660 648 693 686 si
721 659 799 686 non
829 647 1021 696 intellegis
1049 650 1208 687 multum
1234 655 1272 688 te
1298 650 1333 687 ei
1359 650 1549 697 daturum,

296 702 358 740 cui
387 702 543 740 dederis
572 702 756 750 amicum,
786 713 868 740 rem
894 714 972 742 non
996 703 1178 742 domibus
1199 709 1367 751 tantum,
1398 705 1470 742 sed
1489 714 1550 742 se—

295 755 393 794 culis
422 767 569 804 raram,
598 767 700 805 quae
727 768 806 795 non
833 757 951 796 aliubi
971 759 1095 805 magis
1116 759 1228 796 deest
1248 769 1364 806 quam
1381 759 1448 796 ubi
1467 769 1549 796 cre—

257 817 279 850 4
295 811 398 849 ditur
416 810 630 849 abundare.
678 811 804 858 Quid?
831 812 928 851 istos
948 817 990 851 tu
1008 813 1150 859 libros,
1182 824 1283 860 quos
1308 813 1371 850 vix
1391 823 1549 851 nomen-

297 867 486 903 clatorum
505 866 764 914 conplectitur
781 871 848 905 aut
868 867 1055 905 memoria
1075 873 1141 905 aut
1156 878 1242 904 man
1251 878 1314 913 us,
1336 867 1551 906 amicorum

295 919 499 959 existimas
528 925 648 958 esse?
683 931 761 959 non
786 925 877 960 sunt
899 922 962 959 isti
983 921 1115 968 amici,
1148 921 1215 969 qui
1234 923 1388 969 agmine
1407 932 1549 970 magno

295 975 449 1012 ianuam
475 976 651 1022 pulsant,
685 976 751 1024 qui
780 976 820 1014 in
840 974 988 1024 primas
1012 980 1050 1013 et
1070 977 1266 1014 secundas
1288 975 1550 1015 admissiones

296 1029 537 1077 digeruntur.

260 1095 278 1126 1
374 1083 546 1121 XXXIV.
584 1084 838 1123 Consuetudo
866 1085 942 1123 ista
963 1089 1075 1123 vetus
1097 1089 1157 1122 est
1174 1085 1334 1132 regibus
1355 1095 1549 1134 regesque

297 1137 589 1184 simulantibus,
627 1140 816 1186 populum
845 1139 1056 1177 amicorum
1085 1139 1322 1176 describere.
1369 1139 1439 1178 Est
1460 1151 1549 1188 pro—

296 1191 660 1239 priumsuperbiae
692 1203 833 1240 magno
864 1193 1070 1232 aestimare
1102 1193 1298 1231 introitum
1327 1203 1373 1230 ac
1405 1198 1548 1233 tactum

297 1247 357 1284 sui
384 1246 527 1284 liminis
555 1252 593 1284 et
619 1257 689 1294 pro
711 1247 862 1286 honore
879 1248 992 1294 dare,
1020 1252 1061 1285 ut
1081 1248 1181 1285 ostio
1203 1258 1276 1285 suo
1298 1247 1460 1295 propius
1481 1249 1548 1286 ad-

297 1301 449 1348 sideas,
474 1305 517 1338 ut
534 1301 697 1348 gradum
715 1302 822 1349 prior
835 1301 935 1340 intra
951 1303 1106 1340 domum
1126 1312 1271 1349 ponas,
1292 1302 1331 1339 in
1348 1313 1426 1350 qua
1441 1303 1548 1340 dein-

298 1366 393 1403 ceps
421 1356 541 1393 multa
560 1360 651 1394 sunt
670 1355 789 1402 ostia,
821 1367 924 1404 quae
942 1361 1124 1403 receptos
1147 1366 1306 1404 quoque
1326 1357 1547 1395 excludant.

259 1419 279 1450 2
296 1410 413 1458 Apud
433 1419 507 1448 nos
529 1410 641 1457 primi
664 1411 834 1448 omnium
856 1411 1055 1448 Gracchus
1076 1416 1114 1449 et
1132 1421 1225 1448 mox
1244 1410 1377 1448 Livius
1396 1411 1547 1449 Drusus

296 1463 544 1502 instituerunt
569 1475 779 1512 segregare
805 1465 955 1503 turbam
983 1476 1094 1503 suam
1121 1469 1159 1503 et
1178 1465 1276 1503 alios
1296 1465 1334 1502 in
1355 1470 1549 1504 secretum

296 1519 491 1567 recipere,
527 1520 626 1557 alios
655 1530 743 1557 cum
769 1519 964 1567 pluribus,
995 1520 1094 1558 alios
1121 1519 1343 1558 universos.
1393 1520 1548 1559 Habue-

296 1579 387 1612 runt
402 1574 534 1621 itaque
547 1574 610 1611 isti
625 1574 772 1612 amicos
789 1574 955 1622 primos,
975 1573 1195 1612 habuerunt
1210 1574 1422 1621 secundos,
1441 1585 1546 1612 num·

258 1635 279 1669 3
298 1639 412 1675 quam
432 1637 563 1666 veros.
611 1628 790 1666 Amicum
809 1639 951 1676 vocas,
973 1628 1147 1666 cuiusdis
1169 1628 1327 1676 ponitur
1342 1629 1549 1667 salutatio?

297 1687 364 1720 aut
391 1687 523 1730 potest
548 1682 662 1720 huius
683 1683 750 1721 tibi
771 1688 905 1731 patere
926 1683 1045 1728 fides,
1079 1683 1144 1731 qui
1165 1693 1235 1731 per
1254 1683 1359 1721 fores
1382 1684 1548 1731 maligne

297 1742 454 1785 apertas
481 1747 559 1774 non
586 1737 718 1784 intrat,
750 1739 822 1776 sed
846 1738 1054 1776 inlabitur?
1080 1737 1170 1775 huic
1195 1737 1400 1785 pervenire
1418 1749 1547 1785 usque

296 1792 347 1829 ad
367 1791 685 1838 destringendam
703 1792 918 1831 libertatem
937 1792 1044 1837 licet,
1067 1793 1177 1830 cuius
1195 1794 1353 1839 volgare
1370 1797 1407 1830 et
1422 1793 1547 1840 publi-

297 1857 387 1884 cum
412 1845 577 1883 verbum
606 1851 643 1884 et
666 1846 931 1894 promiscuum
958 1847 1100 1894 ignotis
1130 1846 1252 1884 have
1279 1857 1357 1884 non
1379 1847 1453 1884 nisi
1473 1857 1546 1885 suo

259 1906 281 1938 4
297 1900 435 1938 ordine
460 1899 672 1938 emittitur?
707 1901 770 1939 Ad
790 1911 1077 1950 quemcumque
1096 1900 1228 1948 itaque
1247 1900 1408 1938 istorum
1428 1911 1545 1938 vene·

295 1955 371 2001 ris,
401 1965 567 2002 quorum
588 1955 768 1993 salutatio
791 1956 923 1993 urbem
945 1955 1133 2002 concutit,
1161 1955 1278 2000 scito,
1300 1955 1449 1992 etiamsi
1465 1956 1545 1992 ani·-

295 2009 551 2047 madverteris
573 2009 765 2047 obsessos
788 2010 933 2057 ingenti
955 2009 1172 2057 frequentia
1193 2009 1300 2046 vicos
1322 2013 1359 2047 et
1378 2019 1545 2047 comme-

297 2063 440 2101 antium
466 2062 510 2101 in
531 2069 739 2111 utramque
765 2070 916 2112 partem
948 2063 1114 2102 catervis
1147 2062 1283 2101 itinera
1315 2074 1543 2111 conpressa,

295 2122 424 2156 tamen
451 2118 586 2156 venire
611 2123 650 2156 te
672 2119 709 2156 in
729 2119 859 2157 locum
877 2117 1098 2157 hominibus
1118 2118 1294 2166 plenum,
1325 2118 1458 2156 amicis
1480 2128 1543 2155 va-

259 2173 424 2210 5cuum.
471 2172 515 2210 In
545 2177 707 2221 pectore
732 2174 900 2220 amicus,
937 2184 1014 2212 non
1041 2173 1081 2210 in
1108 2170 1204 2210 atrio
1232 2172 1440 2219 quaeritur.
1479 2172 1543 2210 illo

295 2226 564 2275 recipiendus,
583 2226 661 2265 illic
675 2228 898 2267 retinendus
914 2232 975 2266 est
989 2231 1027 2265 et
1041 2226 1079 2264 in
1096 2236 1237 2265 sensus
1255 2227 1543 2266 recondendus.

295 2279 381 2318 Hoc
400 2281 519 2320 doce:
547 2287 680 2330 gratus
701 2292 757 2321 es.
