1592 2580
16 171 34 185 α·
20 157 21 162 Α
14 134 30 149 ;’
2 78 21 121 -ῧῖ
0 49 30 60 ᾗ

0 2434 13 2525 ,mnu-‹¹-
6 2414 7 2418 „
0 2383 3 2396 ψ

316 161 397 203 314
707 165 750 202 L.
778 165 965 225 ANNAEJ
993 166 1216 206 SENECAE

314 263 425 300 cuius
454 266 603 308 cetera,
639 261 792 300 etiamsi
823 263 961 300 faciem
995 263 1069 302 illis
1101 275 1180 304 non
1209 265 1357 306 habent
1389 268 1565 309 similem.

275 316 411 363 3Quid
440 320 588 364 porro?
627 317 797 354 mundus
825 316 932 365 ipse,
964 317 998 356 si
1027 318 1256 359 consideres
1279 321 1404 370 illum,
1434 334 1566 364 nonne

311 380 360 407 ex
382 370 550 408 diversis
571 371 804 419 conpositus
825 376 913 409 est?
951 372 1044 420 quid
1065 378 1143 420 est,
1171 385 1293 422 quare
1312 377 1348 414 in
1370 377 1485 416 leone
1505 380 1566 418 sol

313 435 469 472 semper
495 425 633 463 ardeat
658 429 697 464 et
718 429 843 463 terras
864 426 1038 465 aestibus
1062 432 1226 476 torreat,
1255 429 1293 466 in
1313 432 1475 479 aquario
1496 434 1564 471 ad-

311 479 472 526 stringat
498 479 683 525 hiemem,
715 479 877 518 ssumina
900 481 991 528 gelu
1014 482 1195 520 claudat?
1228 487 1267 521 et
1285 484 1361 523 hoc
1379 491 1507 524 tamen
1528 492 1567 526 et

311 533 403 571 illud
430 533 542 571 sidus
569 534 746 572 eiusdem
775 534 1022 574 condicionis
1050 541 1129 583 est,
1161 548 1248 575 cum
1276 538 1418 578 effectu
1437 545 1475 578 et
1497 553 1565 579 na-

311 592 393 625 tura
414 587 605 626 dissimile
624 589 684 626 sit.
730 589 834 627 Intra
850 589 1125 629 brevissimum
1145 595 1299 640 tempus
1319 594 1422 632 aries
1441 597 1565 634 extol-

310 642 415 689 litur,
446 643 544 680 libra
563 643 792 681 tardissime
815 644 995 692 emergit:
1033 650 1071 683 et
1086 646 1165 684 ‘hoc
1185 651 1314 685 tamen
1334 648 1445 687 sidus
1465 655 1504 688 et
1521 651 1565 688 il-

310 696 376 734 lud
395 695 572 735 eiusdem
598 703 757 736 naturae
777 703 886 744 sunt,
917 709 1006 737 eum
1025 700 1119 738 illud
1139 701 1281 749 exiguo
1302 707 1477 751 tempore
1496 705 1564 742 ad-

271 758 293 791 4
309 751 490 797 scendat,
511 751 606 790 illud
623 751 690 790 diu
708 753 937 801 proseratur.
980 754 1065 793 Non
1083 754 1214 802 vides,
1237 767 1356 803 quam
1371 758 1566 796 contraria

309 806 407 843 inter
437 816 481 844 se
507 807 700 845 elementa
727 807 832 845 sint?
875 809 1010 855 gravia
1037 814 1074 847 et
1100 809 1201 847 levia
1229 816 1338 857 sunt,
1369 812 1510 860 frigida
1527 818 1565 852 et

309 860 453 907 calida,
482 860 642 899 humida
669 867 708 900 et
734 862 854 900 sicca.
897 868 977 901 tota
1003 863 1101 901 haec
1121 865 1255 903 mundi
1278 867 1492 906 concordia
1513 878 1564 906 ex

308 915 559 955 discordibus
589 920 760 954 constat:
798 926 921 964 negas
950 923 1126 956 cometen
1156 920 1307 957 stellam
1330 931 1441 968 esse,
1473 923 1565 970 quia

309 970 432 1007 forma
457 971 542 1008 eius
570 982 645 1008 non
672 972 915 1018 respondeat
941 972 991 1010 ad
1019 975 1220 1020 exemplar
1247 985 1319 1012 nee
1349 976 1400 1013 sit
1422 977 1563 1015 ceteris

306 1024 470 1062 similis?
510 1027 605 1073 quid
628 1026 758 1063 enim?
798 1025 992 1063 simillima
1020 1033 1079 1065 est
1111 1027 1194 1074 illa,
1231 1040 1332 1076 quae
1365 1030 1563 1070 tricesimo

307 1089 407 1117 anno
430 1081 636 1118 revertitur
655 1080 705 1117 ad
725 1080 855 1118 locum
876 1091 1007 1126 suum,
1040 1081 1150 1129 huic,
1179 1094 1281 1131 quae
1301 1083 1399 1122 intra
1420 1097 1564 1124 annum

271 1140 291 1172 5
307 1134 441 1171 revisit
464 1134 600 1172 sedem
623 1139 762 1172 suam?
807 1134 892 1172 Non
913 1136 963 1172 ad
983 1147 1097 1173 unam
1120 1142 1255 1175 natura
1275 1138 1438 1177 formam
1460 1150 1563 1188 opus

307 1198 420 1226 suum
449 1193 640 1235 praestat,
672 1188 744 1227 sed
764 1188 852 1236 ipsa
871 1189 1058 1232 varietate
1080 1201 1124 1228 se
1144 1193 1280 1230 iactat:
1308 1193 1383 1230 alia
1402 1194 1561 1241 maiora,

305 1242 380 1279 alia
401 1242 600 1280 velociora
619 1243 704 1280 aliis
726 1243 834 1286 fecit,
860 1244 935 1280 alia
952 1245 1160 1291 validiora,
1182 1246 1255 1283 alia
1273 1249 1561 1294 temperatiora.

306 1296 499 1344 quaedam
528 1297 661 1335 eduxit
689 1308 712 1334 a
740 1297 872 1345 turba,
912 1303 952 1336 ut
980 1298 1133 1346 singula
1160 1305 1198 1337 et
1229 1300 1446 1349 conspicua
1471 1313 1561 1350 pro-

305 1351 515 1397 cederent,
555 1352 748 1399 quaedam
781 1351 820 1389 in
853 1362 1011 1399 gregem
1045 1354 1161 1392 misit.
1213 1355 1368 1402 ignorat
1398 1362 1562 1395 naturae

306 1406 535 1453 potentiam,
566 1405 633 1454 qui
656 1406 708 1443 illi
729 1417 805 1445 non
828 1411 936 1454 putat
954 1407 1167 1454 aliquando
1188 1409 1326 1456 licere,
1357 1410 1434 1448 nisi
1455 1413 1562 1459 quod

267 1459 464 1508 6saepius
493 1460 596 1498 fecit.
651 1461 831 1499 Cometas
860 1471 936 1499 non
966 1462 1192 1510 frequenter
1219 1464 1408 1512 ostendit,
1443 1466 1560 1504 adtri-

306 1515 386 1553 buit
411 1515 486 1553 illis
517 1515 632 1553 alium
660 1516 808 1562 locum,
845 1516 919 1553 alia
947 1521 1143 1565 tempora,
1180 1518 1392 1557 dissimiles
1420 1522 1560 1559 ceteris

305 1575 457 1608 motus:
495 1569 618 1608 voluit
651 1575 690 1608 et
722 1570 783 1608 his
818 1571 1122 1618 magnitudinem
1156 1574 1288 1621 operis
1322 1574 1384 1612 sui
1417 1577 1558 1622 colere,

305 1634 468 1671 quorum
499 1624 708 1663 formosior
736 1626 857 1663 facies
887 1631 964 1673 est,
1005 1637 1122 1674 quam
1150 1633 1192 1666 ut
1219 1628 1411 1667 fortuitam
1432 1635 1559 1678 puteS,

304 1679 388 1716 sive
413 1678 708 1727 amplitudinem
737 1689 870 1718 eorum
893 1681 1124 1719 consideres
1145 1681 1229 1720 sive
1250 1683 1461 1731 fulgorem,
1493 1685 1559 1733 qui

302 1733 426 1772 maior
452 1739 513 1772 est
539 1734 818 1782 ardentiorque
848 1745 964 1782 quam
991 1737 1142 1774 ceteris.
1185 1737 1307 1776 facies
1329 1749 1421 1778 vero
1443 1739 1560 1778 habet

302 1787 455 1836 insigne
476 1788 662 1837 quiddam
682 1793 721 1827 et
742 1789 961 1836 singulare,
996 1801 1075 1828 non
1095 1791 1134 1828 in
1155 1797 1362 1839 angustum
1383 1795 1559 1832 coniecta

302 1847 341 1881 et
360 1846 501 1889 artata,
531 1843 601 1881 sed
623 1844 787 1881 dimissa
805 1844 964 1882 liberius
986 1850 1024 1884 et
1042 1846 1248 1884 multarum
1263 1847 1462 1887 stellarum
1478 1859 1557 1886 am-

306 1898 420 1946 plexa
438 1897 651 1944 regionem.

263 1960 281 1992 1
380 1951 551 1989 XXVIII.
579 1953 887 1992 Aristoteles
917 1954 985 1992 ait
1012 1960 1232 1993 cometas
1262 1955 1558 2004 significare

303 2011 646 2054 tempestatem
672 2012 717 2045 et
745 2012 1003 2046 ventorum
1026 2007 1460 2057 intemperantiam
1486 2017 1557 2049 at-

303 2071 396 2109 que
433 2061 672 2099 imbrium.
729 2061 824 2108 Quid
855 2068 980 2110 ergo?
1017 2074 1093 2102 non
1123 2064 1275 2103 iudicas
1313 2065 1423 2103 sidus
1453 2076 1557 2112 esse,

304 2115 413 2163 quod
446 2116 575 2153 futura
608 2116 834 2154 denuntiat?
880 2128 959 2156 non
994 2118 1097 2156 enim
1124 2118 1183 2161 sie
1210 2119 1285 2158 hoc
1314 2120 1555 2168 tempestatis

303 2171 456 2217 signum
475 2174 553 2217 est,
579 2171 779 2218 quomodo
801 2171 952 2210 futurae
972 2172 1130 2220 pluviae
1167 2174 1171 2177 ’

410 2226 619 2263 scintillare
636 2227 758 2263 oleum
775 2230 813 2264 et
827 2231 959 2274 putres
979 2237 1223 2266 concrescere
1237 2228 1394 2275 sunqos.

303 2282 368 2316 aut
388 2279 587 2326 quomodo
609 2279 793 2318 indicium
813 2285 875 2319 est
898 2281 1083 2321 saevituri
1103 2281 1239 2328 maris,
1271 2282 1303 2320 si
1325 2282 1496 2321 marinae
