1592 2580
318 161 398 205 142
699 162 742 201 L.
769 161 960 202 ANNAEI
984 161 1209 202 SENECAE

315 273 396 302 non
432 261 595 301 interius
631 261 902 308 absconderit,
940 260 1049 310 quod
1078 272 1158 300 non
1189 260 1424 305 illismaius
1455 274 1574 312 quam

317 318 427 366 quod
447 317 598 356 detrahi
618 321 758 365 posset
775 316 934 363 pondus
952 317 1146 356 iniecerit:
1176 316 1272 365 quid
1291 323 1383 356 sunt
1400 318 1500 356 istae
1517 323 1573 357 ta-

314 372 451 420 bulae,
474 371 571 420 quid
590 371 891 419 conputationes
911 375 949 409 et
967 371 1106 409 venale
1127 375 1283 419 tempus
1304 376 1342 409 et
1361 371 1574 420 sanguino-

315 426 446 464 lentae
483 425 751 464 centesimae?
802 425 1023 463 voluntaria
1064 425 1168 464 mala
1203 435 1254 464 ex
1297 427 1575 465 constitutione

317 486 455 519 nostra
470 480 702 528 pendentia,
723 479 762 517 in
784 478 928 528 quibus
947 477 1041 517 nihil
1059 484 1120 518 est
1140 480 1267 528 quod,
1288 480 1414 519 subici
1435 480 1574 528 oculis,

273 545 293 577 5
318 535 426 584 quod
446 535 569 573 teneri
589 545 706 572 manu
724 534 871 582 possit,
900 532 1026 571 inanis
1045 534 1230 572 avaritiae
1249 535 1412 573 somnia.
1451 534 1480 573 Ο
1504 534 1573 572 mi—

316 599 468 637 serum,
497 589 532 627 si
562 599 679 636 quem
707 588 875 626 delectat
904 587 1123 636 patrimonii
1150 588 1211 626 sui
1234 588 1332 627 liber
1351 599 1516 637 magnus
1537 593 1575 627 et

312 648 427 681 vasta
460 643 589 691 spatia
619 648 811 681 terrarum
846 642 1014 681 colenda
1052 653 1124 691 per
1152 641 1307 681 vinctos
1336 648 1374 682 et
1404 643 1572 681 inmensi

313 708 454 745 greges
482 707 672 745 pecorum
699 707 771 745 per
799 696 1022 744 provincias
1043 706 1091 735 ac
1108 706 1230 744 regna
1252 697 1440 744 pascendi
1459 702 1497 736 et
1517 698 1573 736 fa-

313 751 419 790 milIa
438 750 640 789 bellicosis
660 751 886 790 nationibus
907 750 1030 789 maior
1047 755 1086 790 et
1105 750 1286 789 aedificia
1304 752 1458 799 privata
1475 751 1573 790 laxi-

272 809 294 845 6
314 811 431 844 tatem
451 805 606 844 urbium
632 816 860 853 magnarum
889 805 1108 843 vincentia!
1147 805 1240 843 Cum
1257 804 1359 843 bene
1378 804 1473 851 ista,
1503 816 1574 854 per

315 870 418 908 quae
439 860 596 899 divitias
618 871 712 898 suas
733 860 934 908 disposuit
952 869 998 898 ac
1017 859 1135 906 fudit,
1165 859 1488 907 circumspexerit
1507 871 1572 898 su—

313 914 564 962 perbumque
585 925 629 953 se
649 915 802 960 fecerit,
831 913 884 960 si,
913 914 1102 962 quicquid
1118 913 1256 959 habet,
1284 913 1320 952 ei
1341 914 1448 962 quod
1467 914 1574 963 cupit

313 974 526 1016 conparet,
560 979 714 1017 pauper
740 973 814 1007 est.
863 969 1019 1007 Dimitte
1045 979 1107 1006 me
1137 973 1175 1006 et
1200 968 1276 1006 illis
1304 968 1447 1007 divitiis
1473 969 1571 1007 meis

311 1023 449 1061 redde.
496 1033 570 1071 ego
598 1034 762 1071 regnum
782 1023 999 1071 sapientiae
1016 1022 1127 1069 novi,
1156 1032 1356 1071 magnum,
1377 1033 1571 1062 securum.

311 1089 385 1126 ego
406 1078 464 1115 sic
484 1078 615 1116 omnia
634 1077 781 1124 habeo,
801 1083 842 1116 ut
863 1077 1036 1115 omnium
1054 1077 1169 1115 sint.“

271 1140 289 1171 1
389 1132 454 1169 XI.
491 1132 626 1180 Itaque
653 1142 741 1170 cum
763 1132 908 1170 Caesar
935 1131 991 1170 illi
1019 1131 1188 1170 ducenta
1215 1131 1401 1179 donaret,
1433 1131 1569 1170 ridens

311 1186 445 1224 reiecit
469 1196 542 1224 nec
571 1186 729 1233 dignam
756 1186 916 1233 quidem
949 1195 1140 1223 summam
1158 1185 1358 1233 iudicans,
1389 1197 1469 1234 qua
1491 1197 1570 1224 non

311 1244 474 1287 accepta
507 1240 750 1287 gloriaretur.
802 1241 850 1278 Di
882 1240 1094 1288 deaeque,
1137 1250 1254 1287 quam
1290 1240 1432 1288 pusillo
1464 1240 1570 1278 illum

269 1301 291 1333 2
313 1295 442 1332 animo
463 1299 530 1332 aut
547 1295 745 1333 honorare
766 1294 888 1332 voluit
906 1299 973 1332 aut
993 1298 1263 1341 corrumpere!
1308 1294 1569 1333 Reddendum

310 1349 469 1396 egregio
497 1349 583 1387 viro
611 1348 877 1387 testimonium
905 1353 977 1389 est.
1014 1349 1212 1396 ingentem
1230 1358 1312 1386 rem
1335 1349 1469 1387 abillo
1491 1349 1569 1387 dici

311 1402 465 1450 audivi,
487 1413 574 1441 cum
593 1403 798 1441 miraretur
822 1403 902 1441 Caii
923 1403 1154 1441 dementiam
1167 1432 1176 1449 ,
1199 1403 1305 1451 quod
1325 1412 1370 1440 se
1389 1407 1570 1450 putasset

309 1456 404 1494 tanti
433 1468 555 1504 posse
583 1457 735 1495 mutari.
774 1459 810 1496 si
832 1462 1036 1506 temptare,
1063 1457 1207 1505 inquit,
1235 1468 1294 1496 me
1311 1459 1567 1504 constituerat,

311 1516 382 1550 toto
401 1513 460 1550 illi
469 1512 538 1558 fui
548 1512 805 1560 experiendus
820 1513 990 1560 imperio.

271 1573 289 1604 1
390 1566 472 1603 XII.
503 1566 680 1614 Sapienti
704 1576 798 1614 ergo
819 1567 958 1604 donari
977 1565 1124 1614 aliquid
1146 1570 1294 1614 potest,
1322 1565 1472 1605 etiamsi
1505 1575 1566 1603 sa—

312 1620 453 1668 pientis
474 1621 604 1659 omnia
623 1625 724 1659 sunt.
750 1630 878 1669 aeque
896 1620 990 1658 nihil
1010 1620 1201 1668 prohibet,
1218 1631 1304 1659 curn
1325 1620 1454 1659 omnia
1472 1619 1566 1658 ami-

311 1675 369 1713 cis
401 1675 578 1713 dicamus
606 1685 698 1713 esse
726 1675 965 1722 communia,
989 1675 1137 1722 aliquid
1165 1676 1290 1713 amico
1310 1675 1459 1713 donari.
1487 1686 1566 1712 non

311 1729 413 1768 enirn
433 1730 525 1767 mihi
541 1728 599 1768 sic
620 1740 706 1768 cum
722 1728 848 1768 amico
865 1730 1086 1767 communia
1101 1730 1231 1767 omnia
1249 1734 1348 1775 sunt,
1367 1729 1565 1777 quomodo

311 1794 398 1822 cum
427 1784 556 1830 socio,
590 1789 632 1822 ut
660 1794 754 1832 pars
782 1795 871 1822 mea
897 1784 963 1830 sit,
990 1794 1083 1831 pars
1109 1783 1230 1828 illius,
1265 1783 1338 1821 sed
1366 1783 1565 1831 quomodo

310 1839 411 1885 patri
441 1839 634 1887 matrique
661 1848 890 1877 communes
918 1837 1028 1876 liberi
1059 1843 1161 1876 sunt.
1198 1837 1339 1885 quibus
1371 1847 1457 1874 cum
1485 1838 1565 1876 duo

311 1898 420 1939 sunt,
454 1903 533 1931 non
571 1892 713 1940 singuli
749 1893 927 1941 singulos
962 1891 1126 1939 habent,
1161 1892 1233 1930 sed
1267 1891 1408 1939 singuli
1435 1891 1564 1930 binos.

272 1947 477 1986 2Primum
504 1947 676 1986 omnium
706 1947 783 1985 iam
813 1946 1002 1994 efficiam,
1029 1951 1071 1985 ut
1095 1946 1275 1994 quisquis
1299 1950 1360 1983 est
1378 1945 1470 1992 iste,
1497 1947 1565 1993 qui

308 2001 424 2038 mein
446 2002 672 2040 societatem
689 2006 818 2048 vocat,
840 2002 938 2039 sciat
959 2011 1004 2039 se
1019 2001 1113 2038 nihil
1131 2010 1282 2038 mecum
1296 1999 1441 2037 habere
1459 2009 1562 2038 com-

307 2065 438 2094 mune.
481 2060 630 2104 quare?
665 2056 758 2104 quia
785 2056 862 2094 hoc
882 2055 1121 2094 consortium
1141 2055 1268 2092 solum
1289 2054 1388 2091 inter
1408 2053 1562 2102 sapien-

308 2114 369 2148 tes
389 2115 469 2157 est,
500 2111 600 2148 inter
628 2121 730 2158 quos
757 2110 926 2148 amicitia
954 2114 1027 2148 est.
1068 2108 1187 2147 ceteri
1205 2118 1282 2146 non
1306 2108 1429 2155 magis
1450 2108 1563 2146 amissi

272 2168 295 2202 3
310 2169 400 2202 sunt
421 2175 537 2212 quam
557 2165 669 2203 socii.
704 2164 855 2204 Deinde
874 2164 1052 2212 pluribus
1072 2162 1199 2200 modis
1220 2163 1439 2201 communia
1460 2168 1562 2200 sunt.
1589 2209 1592 2211 ι

308 2218 517 2265 Equestria
537 2219 709 2258 omnium
727 2219 902 2280 equitum
919 2219 1182 2257 Romanorum
1204 2221 1306 2255 sunt.
1343 2218 1382 2254 in
1409 2217 1484 2256 illis
1507 2221 1563 2255 ta-

309 2283 399 2309 men
423 2274 534 2312 locus
554 2284 666 2312 meus
689 2274 732 2312 fit
751 2274 955 2321 proprius,
975 2282 1091 2320 quem
1112 2271 1315 2318 occupavi.
1350 2272 1426 2309 hoc
1447 2271 1495 2310 si
1500 2271 1592 2309 cui

313 2327 437 2374 cessi,
469 2328 648 2375 quamvis
676 2327 730 2366 illi
750 2326 945 2366 communi
963 2336 1006 2364 re
1026 2325 1233 2378 cesserim,
1264 2331 1392 2365 tamen
1415 2324 1563 2373 aliquid
1589 2324 1592 2342 ¹

1587 2406 1592 2424 l

1587 2425 1589 2445 l

1586 2451 1589 2509 l
