1598 2606
241 190 294 233 12
606 191 650 229 L.
676 189 867 229 ANNAEI
895 189 1119 230 SENECAE

237 291 395 330 bentius
421 288 579 329 donabo
601 292 804 338 argentum
823 288 967 328 sactum
987 299 1103 339 quam
1124 289 1339 339 signatum,
1368 290 1492 330 liben-

236 346 316 384 tius
344 350 496 384 statuas
525 354 643 393 quarn
669 348 820 383 vestem
847 349 886 383 et
912 345 1020 392 quod
1046 355 1145 384 usus
1172 345 1305 384 brevis
1328 345 1493 384 deterat.

235 400 359 449 Apud
386 409 538 448 paucos
559 403 651 447 post
668 409 752 437 rem
771 402 902 437 manet
919 399 1062 448 gratia,
1088 401 1222 448 plures
1245 404 1355 447 sunt,
1384 401 1492 448 apud

237 464 341 504 quos
368 465 447 493 non
479 454 626 492 diutius
653 454 692 491 in
719 453 848 492 animo
882 459 974 493 sunt
999 454 1144 493 donata
1171 465 1288 504 quarn
1322 455 1362 493 in
1394 466 1490 493 usu:

235 519 351 558 ergo,
381 509 416 547 si
435 508 521 547 fieri
540 512 689 557 potest,
712 507 892 548 consumi
908 518 1051 547 munus
1066 519 1195 548 meum
1210 510 1316 548 nolo.
1350 513 1489 556 exstet,

197 570 220 604 3
233 563 394 602 haereat
420 564 546 602 amico
567 573 655 601 meo
668 593 677 611 ‚
708 563 903 601 convivat.
946 563 1068 602 Nemo
1088 568 1167 603 tam
1187 565 1327 603 stultus
1347 568 1427 611 est,
1449 568 1493 603 ut

235 617 458 657 monendus
480 618 541 664 sit,
562 628 612 655 ne
632 616 695 655 cui
714 616 954 665 gladiatores
973 621 1039 656 aut
1053 618 1300 657 venationem
1316 618 1393 657 iam
1407 629 1491 657 mu-

235 683 330 711 nere
357 672 462 711 edito
492 673 617 711 mittat
642 677 680 710 et
707 671 941 711 vestimenta
966 673 1118 711 aestiva
1142 673 1300 721 bruma,
1326 673 1493 712 hiberna

235 727 424 766 solstitio:
455 726 506 766 sit
530 727 569 765 in
588 726 783 765 beneficio
805 736 948 765 sensus
968 727 1198 766 communis.
1229 732 1403 776 tempus,
1433 726 1491 767 lo—

234 792 325 821 cum
339 781 544 830 observet,
574 785 784 830 [personas
795 783 821 832 ,J
841 782 933 831 quia
948 782 1155 821 momentis
1173 783 1367 830 quaedam
1381 787 1492 831 grata

235 842 273 876 et
296 837 449 885 ingrata
469 841 572 875 sunt.
609 840 756 885 quanto
777 836 977 885 acceptius
998 842 1077 884 est,
1108 836 1142 875 si
1163 837 1204 875 id
1224 837 1362 875 damus
1384 837 1492 886 quod

236 891 326 940 quis
354 891 577 930 nonhabet
604 901 722 939 quam
752 891 864 930 cuius
898 891 1013 939 copia
1044 891 1248 930 abundat?
1287 891 1394 940 quod
1424 891 1492 930 diu

195 952 219 986 4
236 946 390 994 quaerit
406 955 481 984 nec
499 946 646 984 invenit
666 956 783 994 quam
803 946 911 994 quod
927 945 1076 995 ubique
1094 946 1253 985 visurus
1274 950 1362 985 est?
1404 945 1490 984 Mu·

233 1011 331 1039 nera
357 1011 436 1038 non
457 1004 533 1039 tam
555 1000 730 1048 pretiosa
748 1011 865 1049 quam
881 1011 971 1039 rara
989 1005 1028 1039 et
1046 1000 1244 1049 exquisita
1263 1001 1357 1048 sint,
1389 1010 1490 1050 quae

234 1055 350 1093 etiam
370 1055 476 1103 apud
497 1055 655 1092 divitem
675 1054 737 1093 sui
755 1055 886 1093 locum
905 1055 1065 1103 saciant,
1086 1054 1189 1094 sicut
1203 1056 1376 1104 gregalia
1392 1066 1489 1104 quo-

235 1119 314 1158 que
328 1119 448 1157 poma
462 1112 502 1147 et
515 1114 608 1157 post
623 1119 774 1157 paucos
791 1109 877 1147 dies
893 1110 994 1148 itura
1008 1110 1047 1147 in
1064 1109 1264 1148 fastidium
1281 1110 1488 1157 delectant,

235 1165 269 1202 si
285 1173 506 1212 provenere
519 1163 720 1202 maturius.
743 1164 809 1201 illa
825 1174 986 1213 quoque
1001 1174 1081 1202 non
1096 1170 1209 1203 erunt
1224 1165 1310 1203 sine
1324 1165 1488 1213 honore,

235 1228 338 1268 quae
356 1222 424 1256 aut
441 1227 555 1256 nemo
576 1216 651 1256 illis
670 1217 770 1256 alius
790 1217 897 1256 dedit
916 1223 982 1256 aut
999 1228 1074 1257 nos
1093 1219 1188 1257 nulli
1208 1219 1284 1257 alii.

198 1281 218 1316 1
312 1271 413 1310 XIII.
431 1272 660 1311 Alexandro
676 1271 896 1320 Macedoni,
913 1283 1002 1311 eum
1014 1273 1142 1312 victor
1157 1273 1317 1312 orientis
1334 1274 1487 1312 animos

234 1337 357 1376 supra
388 1327 560 1366 humana
591 1327 763 1373 tolleret,
800 1327 987 1366 Corinthii
1018 1338 1090 1377 per
1122 1328 1275 1376 legatos
1309 1328 1489 1377 gratulati

234 1386 379 1421 suntet
393 1382 548 1420 civitate
563 1379 671 1420 illum
686 1391 760 1420 sua
770 1381 1026 1420 donaverunt.
1056 1393 1144 1421 cum
1153 1382 1487 1421 risissetAlexan-

235 1437 307 1475 der
323 1436 401 1475 hoc
422 1435 542 1474 officii
559 1445 706 1484 genus,
726 1446 828 1474 unus
844 1446 895 1474 ex
913 1436 1073 1484 legatis,
1091 1439 1207 1485 nulli,
1230 1436 1368 1486 inquit,
1389 1439 1488 1477 civi-

234 1495 346 1531 tatem
370 1501 551 1539 umquam
576 1491 750 1529 dedimus
777 1492 850 1530 alii
874 1502 989 1539 quam
1016 1492 1083 1530 tibi
1104 1495 1142 1530 et
1156 1492 1328 1531 Herculi.
1359 1491 1487 1530 libens

235 1546 390 1594 accepit
403 1546 574 1584 delatum
589 1545 780 1583 honorem
790 1549 828 1583 et
842 1545 993 1593 legatos
1009 1545 1235 1585 invitatione
1247 1546 1401 1595 aliaque
1415 1546 1487 1586 hu-

234 1601 418 1639 manitate
445 1603 681 1648 prosecutus
708 1599 894 1647 cogitavit
918 1610 997 1638 non
1018 1600 1084 1649 qui
1106 1599 1182 1639 sibi
1202 1601 1395 1640 civitatem
1418 1600 1487 1640 da·

199 1667 221 1700 2
236 1660 340 1703 rent,
368 1655 442 1693 sed
461 1654 524 1692 cui
543 1653 760 1692 dedissent.
806 1654 855 1692 Et
872 1654 990 1693 homo
1011 1655 1160 1703 gloriae
1179 1656 1352 1703 deditus,
1373 1656 1485 1694 cuius

235 1719 310 1748 nec
335 1714 514 1748 naturam
543 1718 617 1746 nec
649 1708 809 1746 modum
840 1713 1027 1757 noverat,
1065 1709 1245 1748 Herculis
1276 1710 1485 1757 Liberique

234 1764 402 1812 vestigia
416 1772 588 1812 sequens
608 1773 655 1801 ac
675 1772 725 1800 ne
743 1763 796 1801 ibi
811 1764 970 1812 quidem
987 1764 1188 1812 resistens,
1209 1763 1276 1802 ubi
1295 1765 1361 1802 illa
1378 1764 1486 1803 dese·

236 1823 389 1866 cerant,
415 1818 466 1856 ad
487 1818 638 1856 socium
656 1817 820 1856 honoris
841 1819 902 1857 sui
920 1819 1097 1867 respexit
1116 1829 1140 1857 a
1159 1818 1359 1866 dantibus,
1387 1823 1484 1857 tarn-

236 1884 352 1922 quam
374 1873 546 1919 coelum,
575 1873 683 1921 quod
701 1876 831 1911 mente
845 1873 1061 1912 vanissima
1081 1873 1406 1922 conplectebatur,
1427 1879 1482 1912 te-

202 1931 364 1974 3neret‚
402 1927 495 1976 quia
519 1927 677 1966 Herculi
704 1928 958 1975 aequabatur.
1015 1928 1115 1976 Quid
1142 1928 1244 1966 enim
1268 1928 1332 1965 ille
1359 1928 1484 1966 simile

234 1982 405 2021 habebat
422 1992 596 2020 vesanus
616 1982 864 2031 adulescens,
885 1982 946 2021 cui
968 1994 1040 2031 pro
1057 1983 1198 2021 virtute
1216 1987 1299 2020 erat
1317 1982 1411 2020 felix
1426 1987 1482 2020 te-

234 2037 420 2075 meritas?
447 2037 637 2075 Hercules
659 2036 754 2075 nihil
773 2037 847 2076 sibi
864 2037 976 2076 vicit:
1006 2038 1139 2076 orbem
1152 2041 1339 2075 terrarum
1356 2042 1482 2075 trans·

234 2091 304 2130 ivit
323 2102 402 2129 non
424 2091 762 2140 concupiscendo,
801 2092 873 2131 sed
901 2091 1150 2131 vindicando.
1189 2092 1283 2140 quid
1308 2091 1482 2130 vinceret
1533 2106 1538 2109 ’

235 2146 426 2184 malorum
451 2146 577 2185 hostis
594 2177 603 2194 ‚
641 2147 834 2185 bonorum
861 2146 1031 2194 vindex,
1065 2151 1254 2185 terrarum
1281 2146 1481 2194 marisque

235 2204 425 2249 pacator?
463 2202 515 2239 At
529 2201 592 2239 hic
608 2212 629 2239 a
642 2201 807 2250 pueritia
822 2202 920 2241 latro
936 2201 1185 2250 gentiumque
1198 2206 1381 2248 vastator,
1400 2203 1480 2239 tam

233 2255 406 2294 hostium
425 2255 619 2303 pernicies
640 2267 757 2305 quam
777 2255 1007 2302 amicorum,
1039 2255 1105 2304 qui
1124 2266 1314 2294 summum
1333 2256 1479 2294 bonum

237 2310 397 2350 duceret
413 2311 552 2350 terrori
572 2321 664 2349 esse
682 2311 832 2351 cunctis
846 2310 1093 2358 mortalibus,
1123 2309 1264 2350 oblitus
1281 2321 1360 2350 non
1374 2311 1477 2350 fero-
