1624 2626
184 195 253 234 AD
283 193 527 234 MARCIAM
554 193 621 233 DE
646 192 1043 233 CONSOLATIONE.
1077 199 1235 236 25—27.
1278 192 1359 235 139

74 298 113 338 in
147 302 259 348 parte
290 296 428 337 ultima
460 296 597 336 mundi
631 301 671 336 et
702 296 805 336 inter
837 296 1107 346 paucissimos
1133 301 1267 346 gesta:
1301 300 1359 336 tot

73 355 220 401 secula,
241 358 300 393 tot
318 357 491 392 aetatum
512 357 755 401 contextum,
773 351 930 399 seriem,
953 352 1145 402 quicquid
1162 363 1358 392 annorum

72 413 144 458 est,
165 409 258 448 lieet
272 409 420 448 visere.
451 409 547 448 iicet
564 413 816 457 surrectura,
837 407 931 448 licet
950 408 1102 447 ruitura
1121 419 1248 458 regna
1267 419 1359 458 pro·

72 460 230 515 spicere
255 469 295 504 et
321 475 553 514 magnarum
574 464 732 503 urbium
751 465 892 514 lapsus
923 469 962 503 et
978 464 1101 503 maris
1120 474 1250 503 novos
1270 475 1359 503 cur·

3 545 5 555 ‹
71 531 156 560 sus.
185 520 283 560 Nam
302 520 338 560 si
357 520 427 560 tibi
442 524 577 569 potest
594 520 738 560 solatio
756 529 849 559 esse
865 519 1055 559 desiderii
1074 521 1128 559 tui
1147 530 1359 559 commune
1379 525 1402 561 6

71 577 213 622 satum,
241 576 337 615 nihil
359 588 439 625 quo
461 580 541 616 stat
567 577 657 615 loco
679 575 818 624 stabit,
846 576 980 615 omnia
999 581 1150 615 sternet
1169 576 1359 615 abducet-

72 642 151 682 que
172 635 341 680 [secum]
362 635 557 672 vetustas.
588 641 664 670 nec
685 630 912 670 hominibus
933 633 1076 679 solum,
1095 636 1240 681 (quota
1255 632 1360 670 enim

0 687 1 690 ’
71 688 149 727 ista
168 688 351 727 fortuitae
371 688 574 737 potentiae
598 687 728 736 portio
749 690 862 734 esw)
887 687 962 726 sed
985 687 1107 736 locis,
1129 687 1204 727 sed
1227 686 1358 736 regio-

71 743 211 792 nibus,
240 744 315 783 sed
341 743 480 782 mundi
509 743 689 792 partibus
718 743 842 782 ludet.
880 748 938 783 tot
957 744 1183 793 supprimet
1201 747 1359 782 montes

72 804 112 839 et
140 798 233 838 alibi
258 809 383 848 rupes
410 799 450 838 in
482 800 603 838 altum
629 810 758 838 novas
782 799 989 848 exprimet.
1022 800 1149 838 maria
1168 798 1360 847 sorbebit,

72 854 238 894 flumina
266 858 420 893 avertet
446 859 489 894 et
515 855 757 894 commercio
786 855 961 903 gentium
987 861 1108 904 rupto
1128 855 1360 894 societatem

73 910 232 960 generis
252 910 416 950 humani
435 915 677 959 coetumque
693 910 901 949 dissolvet.
929 910 1023 949 alibi
1042 911 1216 950 hiatibus
1231 909 1359 949 vastis

73 966 273 1006 subducet
289 966 424 1014 urbes,
444 965 684 1005 tremoribus
706 965 857 1014 quatiet
876 970 915 1004 et
936 976 988 1004 ex
1008 966 1144 1006 infimo
1169 965 1359 1016 pestilen—

72 1027 134 1062 tes
162 1021 308 1061 halitus
335 1022 460 1061 mittet
496 1025 535 1061 et
569 1020 898 1060 inundationibus
933 1019 1127 1071 quicquid
1159 1021 1360 1061 habitatur

73 1077 248 1117 obducet
273 1078 514 1126 necabitque
542 1086 661 1115 omne
681 1076 826 1115 animal
848 1076 948 1116 orbe
966 1077 1178 1116 submerso
1200 1083 1239 1116 et
1261 1076 1360 1126 igni-

72 1133 148 1172 bus
167 1134 293 1173 vastis
321 1133 486 1172 torrebit
506 1131 776 1181 incendetque
795 1133 988 1172 mortalia.
1027 1137 1066 1171 et
1087 1143 1178 1172 eum
1199 1137 1358 1182 tempus

71 1188 296 1238 advenerit,
326 1200 406 1238 quo
428 1198 475 1228 se
497 1187 671 1227 mundus
692 1193 960 1228 renovaturus
983 1189 1234 1238 exstinguat,
1263 1188 1350 1227 viri-

70 1244 148 1284 bus
177 1244 254 1284 ista
283 1256 329 1284 se
355 1244 441 1284 suis
471 1244 641 1283 caedent
668 1248 708 1282 et
725 1243 860 1283 sidera
880 1244 1082 1284 sideribus
1098 1245 1301 1284 incurrent
1320 1249 1358 1283 et

73 1300 180 1340 omni
197 1299 391 1350 flagrante
409 1300 576 1339 materia
594 1310 675 1339 uno
693 1299 787 1349 igne
807 1300 998 1350 quicquid
1018 1311 1124 1339 nunc
1145 1311 1197 1339 ex
1217 1301 1354 1350 dispo·

72 1356 148 1396 sito
170 1356 285 1406 lucet,
307 1356 474 1396 ardebit.
505 1355 587 1394 Nos
613 1365 775 1404 quoque
795 1356 934 1396 felices
954 1357 1110 1395 animae
1134 1361 1173 1396 et
1193 1360 1356 1395 aeterna
1376 1353 1397 1389 7

74 1412 255 1460 sortitae,
286 1423 376 1452 cum
403 1413 480 1451 deo
510 1411 642 1450 visum
671 1411 744 1450 erit
770 1411 911 1451 iterum
940 1412 1017 1451 ista
1039 1412 1188 1460 moliri,
1219 1412 1355 1451 laben-

72 1466 177 1506 tibus
204 1468 358 1507 cunetis
385 1473 425 1507 et
449 1467 564 1518 ipsae
591 1478 719 1516 parva
745 1467 885 1507 ruinae
911 1469 1082 1517 ingentis
1111 1468 1294 1507 accessio
1315 1468 1355 1506 in

73 1522 236 1572 antiqua
266 1525 461 1563 elementa
482 1527 721 1563 vertemur.“
757 1523 931 1563 Felicem
950 1524 1076 1564 filium
1094 1529 1224 1573 tuum,
1252 1523 1355 1563 Mar-

74 1577 149 1628 eia,¹
169 1579 236 1629 qui
255 1579 335 1619 ista
353 1579 432 1619 iam
451 1579 580 1619 novit!

446 1812 491 1866 Is.
526 1811 710 1867 ANNAEI
752 1813 976 1868 SENECAE

268 1903 757 1970 DIALOGORUM
797 1906 1021 1967 LIBER
1057 1905 1162 1967 vll.

470 2003 543 2037 AD
593 2003 954 2038 GALLIONEM

525 2082 581 2126 BE
606 2082 713 2126 vm
735 2082 895 2127 Bam.

126 2247 155 2286 1.
184 2247 350 2296 Vivere,
381 2248 506 2287 Gallio
535 2249 676 2295 frater,
709 2258 849 2287 omnes
877 2247 993 2287 beate
1020 2249 1168 2297 volunt,
1196 2249 1271 2288 sed
1298 2250 1350 2289 ad
1372 2257 1390 2291 l

72 2302 382 2353 pervidendum,
411 2303 510 2353 quid
540 2303 591 2342 sit
623 2304 733 2353 quod
762 2304 917 2343 beatam
936 2304 1055 2344 vitam
1076 2303 1235 2354 efficiat,
1257 2307 1349 2344 cali-

73 2362 178 2406 gant.
215 2359 400 2409 adeoque
419 2370 499 2399 non
528 2364 591 2399 est
617 2360 734 2400 facile
754 2360 949 2410 consequi
968 2359 1125 2404 beatam
1141 2361 1281 2411 vitam,
1309 2366 1351 2401 ut
