1592 2580
314 116 393 158 194
684 116 727 155 L.
753 116 941 157 ANNAEI
970 117 1195 158 SENECAE

310 223 377 256 aut
395 218 536 256 salsum
556 220 635 262 est,
665 216 773 264 quod
792 216 842 254 de
860 216 950 264 igne
969 215 1136 256 dlxistis.
1166 221 1226 256 est
1245 215 1346 256 enim
1367 217 1420 257 illi
1437 228 1565 267 aeque

309 283 466 310 sursum
486 270 559 309 iter
578 282 695 318 quam
715 271 940 310 deorsum.“
982 271 1198 320 Utrumque
1215 282 1352 311 verum
1371 282 1463 311 esse
1478 278 1564 321 pot-

309 331 382 365 est.
411 326 512 373 ignis
532 325 633 363 enim
653 330 792 364 natura
811 326 849 363 in
871 325 1054 364 verticem
1074 325 1197 374 surgit
1214 331 1271 374 et,
1299 328 1333 366 si
1349 327 1444 365 nihil
1457 327 1566 367 illum

309 380 510 429 prohibet,
531 380 754 427 adscendit,
776 379 877 419 sicut
894 390 999 428 aqua
1014 384 1152 419 natura
1167 381 1357 420 defertur:
1387 381 1421 420 si
1435 386 1566 420 tamen

309 437 442 484 aliqua
459 435 520 473 vis
543 435 731 482 accessit,
762 444 864 482 quae
884 435 988 473 illam
1007 436 1047 473 in
1069 435 1303 476 contrarium
1324 435 1565 484 circumage-

309 495 386 537 ret,
414 490 480 528 illo
501 488 732 536 intenditur,
760 489 866 527 unde
884 489 1008 528 imbre
1028 488 1182 528 deiecta
1200 495 1272 528 est.
1316 491 1478 529 Fulmen
1498 502 1568 529 au-

273 549 387 586 2tem
417 543 558 582 eadem
590 542 846 590 necessitate,
875 554 954 592 qua
984 544 1196 591 excutitur,
1225 544 1381 583 decidit.
1426 544 1470 583 In
1502 544 1564 583 his

309 599 466 646 ignibus
494 598 636 636 accidit
663 599 772 646 quod
798 598 1022 647 arboribus,
1053 609 1218 647 quarum
1245 599 1446 637 cacumina
1466 598 1566 637 trahi

308 657 478 701 possunt
495 653 567 699 ita,
595 657 637 690 ut
655 657 797 691 terram
817 658 1016 700 spectent,
1047 654 1081 691 si
1100 657 1236 691 tenera
1256 658 1364 701 sunt,
1395 654 1509 693 etiam
1524 657 1566 691 ut

309 708 530 755 adtingant,
559 707 633 746 sed
653 717 742 745 cum
763 707 1008 755 permiseris,
1034 707 1073 746 in
1092 708 1222 745 locum
1241 718 1355 746 suum
1373 707 1565 746 exsilient.

309 762 442 810 itaque
460 772 539 800 non
560 765 638 807 est,
670 763 779 808 quod
798 771 885 800 eum
907 766 1065 810 spectes
1088 762 1281 809 cuiusque
1306 762 1363 799 rei
1380 761 1565 809 habitum,

273 822 295 855 3
311 817 378 864 qui
403 816 457 854 illi
484 826 562 855 non
593 826 643 853 ex
671 817 871 855 voluntate
899 821 972 854 est.
1027 815 1068 855 Si
1090 816 1170 863 igni
1191 817 1390 864 permittes
1409 816 1466 854 ire
1487 827 1565 864 quo

313 870 423 917 velit,
454 871 626 917 coelum,
655 871 696 908 id
723 876 785 909 est
810 870 999 908 levissimi
1027 872 1219 918 cuiusque
1242 871 1377 910 sedem
1396 875 1565 919 repetet:

311 926 377 963 ubi
405 929 467 963 est
494 925 661 973 aliquid,
696 925 803 973 quod
830 935 919 964 eum
946 925 1060 963 feriat
1078 929 1117 963 et
1138 925 1186 963 ab
1207 925 1343 974 inpetu
1361 935 1434 964 suo
1455 936 1566 964 aver-

312 985 385 1027 tat,
415 980 454 1017 id
474 990 551 1018 non
574 983 729 1027 natura,
757 980 829 1018 sed
850 979 1021 1018 servitus
1042 980 1126 1018 eius
1147 980 1201 1018 fit.

391 1034 510 1072 XXV.
545 1034 698 1081 ,‚Dicis,
735 1034 888 1082 inquis,
926 1033 1052 1072 nubes
1080 1035 1242 1072 adtritas
1270 1035 1389 1073 edere
1418 1035 1565 1082 ignem:

313 1099 402 1126 oum
435 1089 514 1126 sint
546 1088 750 1134 humidae,
790 1088 908 1127 inimo
935 1089 1059 1135 udae,
1087 1089 1287 1136 quomodo
1316 1093 1484 1136 possunt
1511 1090 1572 1135 gi—

311 1152 432 1189 gnere
452 1143 599 1189 ignem,
630 1152 745 1190 quem
761 1153 840 1181 non
855 1143 981 1190 magis
996 1142 1206 1181 verisimile
1222 1148 1283 1182 est
1297 1143 1381 1182 fieri
1396 1153 1447 1181 ex
1463 1143 1568 1181 nube

313 1208 429 1245 quam
452 1207 503 1234 ex
524 1199 686 1243 aqtla‘3“

276 1255 294 1286 1
391 1251 527 1290 XXVI.
562 1251 624 1288 Ex
649 1250 752 1289 nube
781 1251 966 1289 nascitur.
1018 1250 1187 1289 Primum
1212 1251 1251 1288 in
1284 1251 1454 1289 nubibus
1487 1261 1567 1289 non

312 1316 417 1353 aqua
441 1310 522 1352 est,
551 1306 622 1343 sed
647 1315 716 1343 aer
735 1306 893 1352 spissus
913 1306 964 1343 ad
984 1306 1220 1353 gignendam
1238 1316 1380 1353 aquam
1401 1315 1566 1354 praepa—

312 1365 440 1407 ratus,
467 1360 642 1398 nondum
667 1360 705 1397 in
726 1359 828 1398 illam
849 1364 1037 1406 mutatus,
1068 1360 1141 1398 sed
1160 1361 1236 1398 iam
1257 1370 1406 1407 pronus
1424 1364 1461 1398 et
1480 1370 1566 1398 ver-

313 1425 424 1461 gens.
466 1425 545 1453 non
573 1418 656 1459 est,
685 1414 794 1461 quod
819 1414 1019 1455 existimes
1046 1424 1133 1452 eam
1164 1414 1272 1462 prius
1302 1414 1451 1462 colligi,
1485 1419 1567 1452 tum

278 1471 298 1503 2
314 1468 485 1507 effundi:
522 1468 637 1507 simul
665 1468 708 1506 fit
734 1472 773 1506 et
798 1469 913 1507 cadit.
963 1469 1112 1508 Deinde
1133 1469 1166 1507 si
1187 1478 1424 1507 concessero
1445 1469 1566 1506 humi—

315 1524 404 1561 dam
431 1533 523 1561 esse
549 1523 692 1560 nubem
720 1523 922 1570 conceptis
951 1523 1066 1571 aquis
1096 1524 1275 1570 plenam,
1312 1522 1407 1561 nihil
1438 1529 1566 1562 tamen

315 1578 496 1626 prohibet
516 1578 646 1624 ignem
668 1587 719 1615 ex
738 1577 897 1616 humido
918 1588 1078 1626 quoque
1097 1577 1230 1624 educi,
1258 1578 1375 1615 immo
1396 1588 1445 1616 ex
1464 1578 1566 1626 ipso,

316 1633 423 1681 quod
438 1632 563 1679 magis
579 1631 742 1677 mireris,
758 1632 934 1674 humore.
956 1633 1113 1679 quidam
1129 1636 1371 1680 negaverunt
1384 1633 1423 1670 in
1438 1632 1567 1679 ignem

316 1687 526 1735 quicquam
559 1696 683 1734 posse
716 1687 881 1733 mutari,
917 1687 1149 1735 priusquam
1181 1691 1367 1725 mutatum
1395 1691 1503 1726 esset
1527 1687 1566 1724 in

316 1752 470 1789 aquam.
512 1745 643 1788 potest
669 1750 763 1788 ergo
792 1741 917 1779 nubes
946 1741 1073 1788 salva,
1104 1752 1221 1790 quam
1244 1741 1432 1789 continet,
1462 1752 1567 1789 aqua

317 1796 445 1843 ignem
472 1799 582 1843 parte
609 1795 742 1842 aliqua
768 1796 828 1834 sui
851 1796 1036 1842 reddere,
1066 1801 1107 1834 ut
1125 1806 1248 1844 saepe
1266 1795 1342 1834 alia
1363 1806 1455 1843 pars
1474 1796 1566 1842 ligni

279 1855 300 1888 3
317 1850 445 1898 ardet,
477 1850 562 1888 alia
580 1849 708 1888 sudat.
758 1850 838 1888 Nec
864 1850 940 1889 hoc
964 1849 1073 1898 dico,
1100 1861 1178 1890 n-on
1196 1849 1387 1889 contraria
1404 1849 1503 1888 inter
1522 1860 1566 1887 se

316 1906 391 1943 ista
409 1914 501 1943 esse
515 1908 554 1943 et
570 1904 732 1942 alterum
753 1905 873 1942 altero
894 1904 1051 1952 perimi,
1081 1905 1153 1943 sed
1173 1905 1239 1945 ubi
1257 1905 1447 1943 valentior
1465 1904 1564 1951 ignis

318 1969 433 2007 quam
462 1959 601 1997 humor
626 1963 705 2005 est,
733 1958 864 1997 vincit.
900 1969 1040 1997 rursus
1065 1969 1152 1998 eum
1172 1959 1286 2006 copia
1304 1958 1478 2006 humoris
1498 1968 1564 1996 ex-

317 2018 496 2061 superat,
528 2017 621 2052 tunc
647 2013 749 2060 ignis
776 2012 861 2051 sine
888 2013 1031 2052 effectu
1057 2018 1128 2052 est.
1167 2013 1298 2060 itaque
1323 2023 1402 2050 non
1429 2013 1566 2050 ardent

317 2069 492 2107 virentia.
543 2068 678 2107 Refert
705 2077 799 2115 ergo
829 2072 1013 2115 quantum
1039 2077 1166 2116 aquae
1193 2067 1254 2106 sit.
1292 2066 1435 2115 exigua
1461 2067 1563 2105 enim

281 2127 397 2162 4non
423 2122 581 2161 resistet
606 2132 678 2160 nee
704 2122 782 2160 vim
807 2121 908 2169 ignis
935 2123 1118 2170 inpediet.
1145 2155 1148 2158 .
1173 2121 1335 2170 quidni?
1374 2120 1564 2160 Maiorum

319 2181 542 2216 nostrorum
568 2176 774 2224 memoria,
801 2181 844 2217 ut
869 2176 1102 2215 Posidonius
1126 2176 1301 2223 tradidit,
1329 2186 1418 2214 cum
1436 2175 1564 2214 insula

319 2231 358 2270 in
376 2233 512 2280 Aegeo
531 2231 629 2271 mari
643 2234 837 2280 surgeret,
857 2232 1066 2280 spumabat
1078 2230 1246 2271 interdiu
1260 2241 1366 2270 mare
1382 2236 1419 2271 et
1433 2231 1562 2270 fumus
