1592 2580
320 159 388 198 DE
416 157 696 198 BENEFICHS
724 158 820 200 LIB.
837 159 906 198 lv.
936 164 1109 201 17—20.
1306 159 1360 202 71

74 264 226 303 nudum
255 266 296 302 et
321 261 520 300 infirmum
550 261 726 300 societas
745 261 882 300 munit.
930 261 1040 300 Duas
1061 262 1188 313 [deus]
1208 273 1275 302 res
1295 263 1365 302 de-

77 321 155 367 dit,
186 328 291 368 quae
319 318 428 356 ilium
458 317 681 356 obnoxium
702 317 993 356 validissimum
1018 318 1217 367 facerent,
1245 319 1367 363 ratio-

77 386 169 414 nem
197 380 238 413 et
264 374 520 413 societatem:
550 373 687 422 itaque
715 372 785 422 qui
813 383 888 422 par
906 384 1002 412 esse
1021 374 1119 413 nulii
1140 381 1302 424 posset,
1332 375 1368 415 si

78 431 359 477 seduceretur,
380 439 512 468 rerum
536 429 696 478 potitur.
735 428 916 468 Societas
932 429 988 468 iiii
1005 430 1224 470 dominium
1242 430 1366 470 omni·
1383 436 1406 471 3

75 498 142 526 um
171 485 400 524 animalium
434 485 556 525 dedit.
602 485 778 524 societas
805 485 922 524 terris
949 485 1128 533 genitum
1153 485 1192 525 in
1213 487 1369 526 alienae

77 547 245 581 naturae
270 541 490 580 transmisit
518 541 728 589 imperium
758 546 798 579 et
825 541 1021 580 dominari
1054 542 1171 581 etiam
1201 543 1240 581 in
1269 543 1369 594 mari

77 599 208 637 iussit.
243 597 344 636 haec
373 597 603 636 morborum
628 596 785 645 inpetus
807 597 952 644 arcuit,
981 598 1176 637 senectuti
1200 598 1366 638 admini-

79 655 169 693 cula
191 653 419 702 prospexit,
449 652 593 691 solatia
615 657 755 691 contra
774 652 937 692 dolores
959 653 1080 692 dedit.
1118 653 1221 694 haec
1241 656 1366 694 fortes

19 711 24 715 '
78 721 155 748 nos
183 709 296 756 facit,
335 709 446 757 quod
475 709 567 747 licet
594 713 735 747 contra
763 708 962 747 fortunam
992 710 1207 749 advocare.
1254 711 1407 750 Hanc4

80 766 314 805 societatem
333 765 428 803 tolie
446 769 486 803 et
505 765 694 803 unitatem
715 764 875 812 generis
895 764 1079 813 humani,
1108 777 1189 815 qua
1205 767 1286 806 vita
1300 778 1366 806 su-

80 822 268 868 stinetur,
294 820 472 859 scindes.
515 821 676 859 tolletur
699 825 851 868 autem,
884 820 918 859 si
945 821 1096 869 efficis,
1123 827 1168 861 ut
1185 822 1367 872 ingratus

80 877 237 915 animus
263 887 344 914 non
377 886 450 925 per
477 886 522 926 se
549 876 737 916 vitandus
767 876 836 922 sit,
867 877 942 915 sed
962 877 1057 926 quia
1077 878 1227 926 aliquid
1247 878 1303 918 illi
1321 879 1366 917 ti—

79 933 267 972 mendum
289 937 363 971 est.
394 942 514 980 quam
534 931 646 970 multi
665 931 769 970 enim
785 937 899 979 sunt,
929 933 1075 982 quibus
1091 933 1257 982 ingratis
1273 945 1368 974 esse

78 994 163 1028 tuto
176 989 294 1027 iicet?
314 988 496 1037 Denique
508 988 702 1036 ingratum
713 998 817 1026 voco
828 988 1015 1037 quisquis
1026 994 1132 1028 metu
1143 996 1281 1038 gratus
1292 995 1366 1030 est.

163 1044 264 1083 XIX.
293 1044 402 1082 Deos
422 1054 541 1082 nemo
562 1054 688 1082 sanus
708 1044 830 1082 timet.
859 1045 971 1082 furor
991 1049 1054 1083 est
1069 1045 1175 1083 enim
1191 1050 1368 1085 metuere
1386 1054 1403 1087 1

80 1100 271 1153 salutaria
297 1109 371 1137 nec
403 1099 618 1148 quisquam
645 1104 753 1137 amat
780 1110 885 1148 quos
914 1100 1037 1138 timet.
1090 1101 1149 1140 Tu
1176 1101 1365 1151 denique,

78 1156 273 1204 Epicure,
305 1155 426 1194 deum
452 1155 643 1193 inermem
671 1154 791 1201 facis,
823 1156 956 1194 omnia
982 1155 1037 1194 ini
1065 1156 1163 1203 tela,
1207 1167 1365 1196 omnem

22 1250 25 1252 ,
79 1211 287 1250 detraxisti
322 1210 540 1259 potentiam
575 1215 634 1258 et,
673 1221 724 1248 ne
753 1210 942 1259 cuiquam
971 1212 1212 1251 metuendus
1241 1218 1364 1261 esset,

78 1267 284 1317 proiecisti
313 1267 422 1305 ilium
451 1271 566 1304 extra
590 1271 751 1304 metum.
798 1267 914 1305 Hunc
942 1267 1060 1315 igitur
1085 1268 1286 1317 inseptum
1305 1269 1362 1308 in·
1380 1276 1402 1310 2

79 1323 187 1372 genti
208 1323 369 1371 quidem
389 1327 428 1360 et
451 1322 721 1370 inexplicabili
737 1333 850 1360 muro
867 1322 1124 1372 divisumque
1141 1336 1164 1363 a
1179 1329 1366 1364 contactu

79 1384 119 1417 et
135 1390 159 1417 a
174 1383 396 1427 conspectu
411 1377 635 1417 mortaiium
652 1389 732 1416 non
749 1378 876 1417 habes
893 1389 1018 1427 quare
1034 1381 1233 1419 verearis:
1256 1382 1367 1420 nulla

79 1434 133 1473 ibi
153 1445 227 1472 nec
248 1434 445 1473 tribuendi
465 1444 540 1472 nec
560 1434 733 1472 nocendi
753 1434 918 1472 materia
936 1439 1010 1473 est.
1040 1434 1080 1473 in
1097 1436 1230 1474 medio
1246 1437 1365 1475 inter-

79 1491 186 1528 vallo
214 1489 333 1528 huius
354 1494 394 1528 et
420 1490 582 1528 alterius
610 1490 712 1528 coeli
734 1489 922 1528 desertus
953 1489 1043 1528 sine
1069 1491 1248 1540 animali,
1278 1493 1366 1531 sine

82 1545 260 1592 homine,
291 1545 378 1583 sine
406 1555 449 1582 re
475 1544 614 1583 ruinas
639 1545 880 1584 mundorum
900 1556 1026 1594 supra
1046 1548 1300 1596 se—circaque
1320 1559 1367 1587 se

82 1601 310 1639 cadentium
330 1601 451 1639 evitat
470 1611 549 1639 non
571 1600 795 1639 exaudiens
818 1605 910 1640 vota
928 1612 1004 1640 nec
1023 1603 1149 1641 nostri
1165 1604 1364 1643 curiosus.

81 1657 206 1705 Atqui
235 1656 341 1694 hunc
370 1656 429 1694 vis
460 1655 587 1694 videri
616 1657 749 1695 colere
775 1667 855 1694 non
884 1657 998 1695 aliter
1017 1669 1138 1707 quam
1159 1665 1363 1708 parentem
1381 1669 1403 1704 3

81 1718 216 1762 grato,
252 1717 295 1750 ut
324 1713 489 1761 opinor,
519 1712 671 1751 animo:
705 1717 772 1750 aut
799 1712 835 1751 si
862 1723 943 1751 non
971 1713 1034 1753 vis
1063 1714 1190 1753 videri
1213 1721 1364 1764 gratus,

83 1768 178 1817 quia
197 1769 348 1806 nulium
370 1767 496 1806 habes
518 1767 623 1806 iilius
643 1767 900 1815 beneficium,
930 1769 1006 1808 sed
1021 1773 1059 1808 te
1075 1770 1195 1809 atomi
1212 1776 1251 1809 et
1265 1771 1366 1810 istae

83 1824 211 1862 micae
238 1829 331 1863 tuae
359 1824 462 1862 sorte
488 1833 535 1861 ac
562 1828 712 1862 temere
739 1824 1102 1873 conglobaverunt,
1135 1836 1207 1864 cur
1236 1826 1366 1866 colis?

83 1879 278 1928 „Propter
295 1879 562 1926 maiestatem,
590 1878 742 1927 inquis,
775 1880 862 1918 eius
890 1880 1075 1920 eximiam
1104 1882 1403 1930 singularem—4

83 1945 163 1983 que
182 1938 406 1974 naturam.“
449 1935 501 1973 Ut
520 1934 739 1974 concedam
758 1935 847 1973 tibi:
877 1946 1022 1985 nempe
1044 1937 1123 1976 hoc
1138 1937 1238 1976 sacis
1256 1938 1365 1978 nullo

83 1991 212 2039 pretio
232 1990 439 2038 inductus,
468 1990 577 2028 nulla
597 2000 683 2038 spe.
731 1995 793 2029 est
812 2001 908 2040 ergo
925 1991 1073 2040 aliquid
1091 2003 1165 2041 per
1181 2004 1226 2031 se
1241 2004 1365 2043 expe-

83 2047 267 2093 tendum,
304 2047 418 2085 cuius
447 2051 487 2085 te
517 2046 609 2094 ipsa
637 2045 810 2093 dignitas
838 2047 967 2086 ducit:
995 2048 1037 2085 id
1057 2053 1120 2087 est
1137 2048 1363 2097 honestum.

84 2101 186 2149 Quid
214 2107 276 2141 est
296 2107 428 2141 autem
447 2101 657 2140 honestius
679 2112 798 2149 quam
818 2107 971 2150 gratum
990 2107 1113 2142 esse?
1147 2103 1266 2145 huius
1285 2106 1364 2144 vir-

83 2157 179 2196 tutis
198 2158 363 2196 materia
380 2164 460 2196 tam
480 2158 556 2195 iate
579 2161 687 2205 patet
707 2168 825 2206 quam
845 2158 938 2196 vita.

165 2213 249 2252 XX.
282 2213 391 2261 „Sed
419 2213 542 2259 inest,
570 2211 718 2260 inquit,
748 2213 841 2251 huic
862 2213 969 2251 bono
991 2214 1107 2252 etiam
1127 2215 1274 2255 utilitas
1293 2217 1361 2256 ali·
1379 2225 1399 2258 1

89 2271 206 2315 qua.“
253 2268 322 2307 Cui
342 2270 447 2307 enim
467 2268 601 2307 virtuti
620 2279 700 2307 non
720 2268 852 2307 inest?
889 2269 962 2307 sed
983 2270 1024 2308 id
1044 2275 1209 2320 propter
1226 2282 1272 2311 se
1292 2284 1361 2311 ex-

88 2323 169 2371 peti
188 2323 349 2374 dicitur,
375 2325 505 2374 quod,
532 2324 716 2374 quamvis
735 2323 881 2364 habeat
900 2326 1036 2375 aliqua
1053 2332 1168 2366 extra
1186 2338 1360 2368 commo-
