1624 2626
95 186 463 230 CONTUMELIAM
478 185 727 226 ACCIPERE
750 183 1048 230 SAPIENTEM.
1078 183 1147 223 v1.
1164 183 1248 223 V11.
1284 182 1338 224 23

51 292 238 332 diderunt
254 290 434 338 tabellas,
457 289 603 339 quibus
625 287 791 328 avaritia
810 287 913 326 falso
941 287 1047 326 laeta
1065 286 1224 326 divitias
1244 287 1340 326 ima·

49 348 224 398 ginatur=
259 357 334 396 ego
371 346 532 395 quidem
569 346 702 385 omnia
735 344 889 393 integra
921 343 1168 392 inlibataque
1194 343 1340 383 habeo.

49 405 220 454 proinde
238 405 340 443 istos
360 402 581 450 interroga,
611 402 678 451 qui
699 400 814 448 ssent,
846 400 915 450 qui
940 400 1223 449 lamentantur,
1251 398 1340 438 stri-

51 462 124 500 ctis
144 460 288 509 gladiis
308 460 416 498 nuda
436 469 508 508 pro
530 459 701 507 pecunia
721 467 893 506 corpora
921 461 1150 505 opponunt,
1181 455 1249 504 qui
1269 455 1341 494 ho-

51 522 153 556 stem
173 521 337 555 onerato
359 515 451 554 sinu
470 514 663 563 fugiunt.“
692 514 798 562 Ergo
817 512 871 552 ita
889 512 1036 559 habes,
1059 511 1230 561 Serene,
1252 521 1341 560 per·
1357 514 1381 550 8

51 574 199 612 sectum
218 573 327 611 illum
342 572 483 619 virum,
504 570 687 608 humanis
705 569 933 618 divinisque
947 568 1160 607 virtutibus
1180 569 1344 617 plenum

51 629 147 667 nihil
168 629 352 677 perdere.
383 628 490 666 bona
511 627 597 665 eius
619 626 760 665 solidis
789 630 827 665 et
846 624 1238 675 inexsuperabilibus
1258 635 1344 662 mu-

52 684 237 723 nimentis
259 683 488 733 praecincta
508 687 612 721 sunt.
643 693 722 721 non
743 682 992 732 Babylonios
1013 681 1068 719 illi
1088 691 1226 720 muros
1248 689 1344 718 con-

52 741 210 788 tuleris,
232 751 335 789 quos
356 739 588 778 Alexander
607 738 784 786 intravit,
805 749 886 776 non
909 736 1158 785 Carthaginis
1179 740 1247 775 aut
1266 735 1345 775 Nu-

52 796 224 835 mantiae
247 796 419 842 moenia,
439 805 520 834 una
540 805 659 833 manu
680 798 810 843 capta,
831 805 911 832 non
933 793 1170 843 Capitolium
1192 802 1344 831 arcem-

51 863 122 900 ve,
158 852 306 891 habent
339 853 416 890 ista
448 850 593 890 hostile
625 849 858 899 vestigium:
899 851 967 889 illa
994 859 1100 899 quae
1123 849 1347 898 sapientem

52 913 237 955 tuentur,
273 913 312 946 et
331 918 356 945 a
374 907 536 945 flamma
555 911 595 946 et
613 906 663 945 ab
684 907 846 945 incursu
866 910 950 945 tuta
969 910 1082 954 sunt,
1112 903 1265 944 nullum
1287 904 1346 942 in-

55 965 214 1003 troitum
234 963 439 1013 praebent,
459 964 636 1010 excelsa,
657 961 998 1011 inexpugnabilia,
1020 961 1084 1000 dis
1106 971 1250 1009 aequa.

80 1018 82 1020 ’
133 1019 220 1058 Vll.
261 1019 348 1058 Non
369 1023 431 1057 est
451 1019 561 1067 quod
581 1018 694 1057 dicas
722 1018 818 1065 ista,
843 1022 887 1056 ut
906 1018 1037 1064 soles,
1060 1017 1167 1055 hunc
1187 1015 1348 1064 sapien·
1369 1019 1389 1052 1

53 1082 133 1115 tem
151 1080 330 1114 nostrum
352 1085 550 1123 nusquam
573 1074 754 1112 inveniri.
811 1084 891 1112 non
921 1074 1110 1122 fingimus
1138 1073 1247 1111 istud
1276 1071 1348 1110 hu—

54 1132 157 1170 mani
178 1130 324 1180 ingenii
344 1142 491 1169 vanum
513 1129 639 1168 decus
659 1140 735 1168 nec
754 1130 956 1179 ingentem
979 1130 1194 1178 imaginem
1220 1128 1351 1167 falsae

53 1188 110 1226 rei
133 1187 403 1235 concipimus,
433 1187 507 1225 sed
527 1187 685 1235 qualem
707 1186 1012 1232 confirmamus,
1033 1184 1291 1224 exhibuimus
1311 1188 1351 1224 et

54 1240 346 1290 exhibebimus,
364 1253 457 1284 raro
478 1242 645 1281 forsitan
662 1242 901 1291 magnisque
929 1247 1102 1281 aetatum
1130 1239 1349 1279 intervallis

53 1310 190 1338 unum.
245 1309 379 1348 neque
405 1299 510 1337 enim
535 1307 681 1346 magna
701 1302 740 1337 et
758 1297 997 1337 excedentia
1016 1298 1176 1336 solitum
1201 1307 1248 1335 ac
1265 1296 1351 1335 vul-

55 1365 190 1404 garem
219 1355 383 1394 modum
414 1355 555 1394 crebro
589 1354 817 1403 gignuntur.
876 1358 1053 1393 ceterum
1087 1353 1153 1392 hic
1180 1353 1271 1402 ipse
1295 1351 1351 1390 M.

58 1412 174 1458 Cato,
203 1421 227 1449 a
247 1411 361 1450 cuius
379 1411 582 1450 mentione
602 1410 702 1449 haec
722 1411 941 1460 disputatio
962 1409 1182 1459 processit,
1205 1418 1353 1447 vereor

58 1477 109 1505 ne
137 1478 262 1515 supra
280 1472 461 1506 nostrum
481 1466 690 1515 exemplar
709 1467 772 1505 sit.
818 1467 1004 1515 Denique
1029 1465 1204 1504 validius
1233 1464 1353 1504 debet
1370 1468 1393 1503 2

58 1532 151 1560 esse
171 1523 280 1570 quod
301 1523 424 1562 laedit
442 1533 490 1561 eo
513 1523 623 1572 quod
643 1523 824 1561 laeditur.
874 1533 955 1562 non
976 1527 1038 1560 est
1060 1527 1191 1561 autem
1212 1520 1354 1559 fortior

59 1577 236 1626 nequitia
257 1578 418 1617 virtute:
438 1590 519 1618 non
540 1583 674 1627 potest
697 1589 793 1628 ergo
814 1579 919 1617 laedi
936 1579 1114 1627 sapiens.
1145 1576 1294 1616 Iniuria
1312 1577 1354 1615 in

61 1635 190 1672 bonos
212 1633 290 1672 nisi
310 1645 334 1672 a
352 1635 466 1673 malis
486 1646 566 1674 non
589 1640 812 1684 temptatur.
846 1635 964 1674 bonis
985 1635 1087 1673 inter
1108 1644 1154 1673 se
1175 1644 1257 1682 pax
1277 1638 1352 1672 est.

59 1690 151 1728 mali
182 1693 288 1737 [non]
317 1694 396 1728 tam
424 1690 541 1729 bonis
573 1690 788 1739 perniciosi
816 1701 936 1740 quam
964 1691 1066 1730 inter
1097 1700 1155 1729 se.
1205 1689 1354 1739 quodsi

58 1745 164 1784 laedi
190 1745 268 1784 nisi
288 1746 480 1785 infirmior
499 1757 579 1785 non
610 1751 761 1794 potest,
789 1748 919 1786 malus
946 1753 1079 1786 autem
1105 1746 1214 1786 bono
1242 1745 1353 1784 infir-

59 1802 163 1841 mior
181 1806 255 1849 est,
277 1812 351 1840 nec
372 1802 515 1840 iniuria
533 1802 649 1841 bonis
669 1802 748 1841 nisi
768 1813 790 1841 a
810 1803 964 1853 dispari
984 1802 1162 1842 verenda
1182 1806 1260 1840 est:
1294 1800 1354 1839 in-

60 1858 163 1897 iuria
182 1858 221 1896 in
243 1858 465 1906 sapientem
487 1858 616 1896 virum
644 1868 724 1896 non
745 1859 863 1899 cadit.
910 1859 1006 1898 illud
1034 1859 1139 1897 enim
1167 1858 1247 1896 iam
1271 1867 1353 1896 non

60 1925 107 1953 es
127 1914 408 1953 admonendus
429 1914 627 1952 neminem
643 1914 793 1954 bonum
814 1925 908 1954 esse
922 1915 1000 1954 nisi
1017 1915 1252 1963 sapientem.
1282 1912 1356 1960 „Si
1375 1913 1398 1947 3

60 1970 219 2018 iniuste,
246 1969 385 2019 inquit,
406 1969 595 2009 Socrates
619 1970 828 2010 damnatus
849 1976 924 2019 est,
954 1971 1136 2010 iniuriam
1158 1968 1356 2018 accepit.“

59 2025 147 2065 Hoc
174 2026 264 2065 loco
286 2025 516 2075 intellegere
535 2037 610 2064 nos
633 2031 791 2075 oportet
810 2037 936 2076 posse
956 2027 1138 2073 evenire,
1166 2029 1210 2065 ut
1237 2025 1357 2064 saciat

61 2082 206 2130 aliquis
228 2082 411 2121 iniuriam
439 2083 533 2120 mihi
562 2088 601 2121 et
628 2092 703 2131 ego
733 2094 813 2122 non
842 2083 1055 2131 accipiam:
1089 2086 1291 2131 tamquam
1321 2082 1355 2120 si

63 2137 155 2186 quis
173 2148 271 2185 rem,
290 2148 409 2187 quam
429 2148 451 2177 e
471 2139 564 2177 villa
577 2149 668 2176 mea
683 2138 892 2188 subripuit,
913 2139 952 2177 in
972 2138 1092 2178 domo
1112 2148 1203 2176 mea
1218 2143 1354 2186 ponat,

62 2194 128 2232 ille
149 2194 295 2232 furtum
315 2194 464 2242 fecerit,
479 2205 554 2243 ego
572 2194 667 2232 nihil
683 2194 940 2243 perdiderim.
966 2194 1103 2234 Potest
1118 2193 1264 2242 aliquis
1280 2204 1353 2233 no·
1373 2198 1396 2233 4

19 2246 21 2253 ’
64 2259 162 2288 cens
182 2249 280 2298 fieri,
303 2250 485 2298 quamvis
508 2261 588 2289 non
609 2250 810 2290 nocuerit=
848 2250 885 2288 si
906 2250 996 2300 quis
1015 2260 1106 2290 cum
1130 2260 1260 2290 uxore
1280 2260 1357 2288 sua

63 2310 266 2353 tamquam
300 2306 431 2345 aliena
453 2307 723 2353 concumbat,
759 2306 914 2345 adulter
947 2305 1038 2353 erit,
1075 2306 1260 2356 quamvis
1289 2306 1356 2344 illa

17 2396 19 2398 .
64 2360 246 2401 adultera
270 2372 351 2401 non
380 2362 444 2402 sit.
492 2362 639 2412 aliquis
666 2362 760 2402 mihi
789 2373 986 2402 venenum
1013 2363 1142 2412 dedit,
1172 2362 1247 2402 sed
1275 2361 1355 2400 vim
