1592 2580
219 180 297 222 218
588 183 630 220 L.
656 183 844 227 ANNAEI
878 183 1102 224 SENECAE

219 287 284 321 cut
307 283 414 330 apud
434 293 509 321 nos
528 282 689 322 mutatio
710 282 813 321 aeris
834 283 996 322 imbrem
1017 285 1126 332 facit,
1161 285 1212 324 ita
1229 285 1330 324 infra
1349 291 1473 326 terras

217 337 365 375 flumen
388 343 454 376 aut
472 338 612 376 rivum.
642 348 765 385 supra
783 348 857 376 nos
877 349 956 376 non
979 344 1109 386 potest
1127 345 1232 378 stare
1251 342 1386 389 segnis
1406 342 1474 381 diu

217 397 256 429 et
273 391 418 439 gravis.
462 392 674 440 aliquando
695 393 798 430 enim
819 393 904 431 sole
921 398 1118 441 tenuatur,
1146 395 1359 442 aliquando
1379 406 1473 434 ven-

216 445 266 484 tis
296 446 544 494 expanditur.
585 447 718 495 itaque
745 447 948 486 intervalla
973 458 1115 496 magna
1142 448 1328 488 imbribus
1361 454 1472 488 sunt:

218 500 292 538 sub
320 504 427 539 terra
456 511 548 539 vero
580 501 771 550 quicquid
790 506 868 549 est,
907 502 1014 550 quod
1033 503 1140 540 illum
1158 505 1195 542 in
1216 514 1359 552 aquam
1380 515 1472 543 con—

215 560 361 603 vertat,
391 555 496 594 idem
524 566 683 604 semper
709 561 787 604 est,
815 557 953 595 umbra
972 562 1180 605 perpetua,
1208 559 1329 606 frigus
1348 564 1472 597 aeter-

216 620 308 648 num
321 639 330 656 ,
359 609 614 649 inexercitata
631 610 818 650 densitas.
865 621 1022 660 semper
1042 622 1135 660 ergo
1157 613 1359 660 praebebit
1379 612 1474 651 sonti

176 673 199 708 3
218 668 257 702 et
281 663 432 702 flumini
460 675 617 704 causas.
661 665 794 704 Placet
819 666 934 704 nobis
963 671 1104 704 terram
1126 677 1219 705 esse
1238 668 1474 706 mutabilem.

174 947 191 979 1

216 718 315 756 haec
337 729 499 768 quoque
519 719 708 768 quicquid
727 720 893 766 efflavit,
917 719 1010 769 quia
1029 731 1108 760 non
1127 720 1251 760 libero
1271 724 1362 760 aere
1381 731 1473 760 con-

217 772 378 821 cipitur,
414 774 629 814 crassescit
663 775 845 823 protinus·
867 780 905 814 et
923 775 962 812 in
991 775 1195 814 humorem
1223 777 1472 815 convertitur.

214 827 380 866 Habes
410 829 614 876 primam
637 840 879 878 aquarum
900 829 1143 868 subterra
1164 831 1473 870 nascentium

216 892 237 920 c
247 892 270 920 a
280 894 304 921 u
315 893 334 921 s
346 893 370 920 a
379 894 430 921 m.

305 937 351 975 X.
394 937 602 976 Adicias
630 937 781 977 etiam
805 937 948 986 licet,
986 939 1122 987 quod
1153 939 1282 978 fiunt
1311 939 1475 978 omnia

215 1002 270 1030 ex
293 1002 316 1030 0
328 1002 363 1028 m
376 992 493 1030 nibu
506 1003 545 1039 s,
566 1002 616 1030 ex
632 1003 736 1041 aqua
752 1003 839 1039 aer,
861 1003 912 1031 ex
927 995 1019 1031 aere
1036 1004 1161 1042 aqua,
1181 994 1283 1041 ignis
1300 1005 1350 1031 ex
1370 996 1473 1041 aere,

215 1056 266 1084 ex
285 1045 376 1094 igne
398 1056 486 1084 aer:
509 1057 632 1095 quare
652 1058 745 1095 ergo
766 1058 845 1085 non
863 1053 1004 1086 eterra
1023 1048 1089 1086 fiat
1110 1053 1242 1096 aqua?
1261 1058 1363 1097 quae
1383 1047 1417 1087 si
1436 1047 1475 1086 in
1518 1065 1520 1067 ·

214 1101 292 1138 alia
319 1100 517 1139 mutabilis
548 1106 628 1148 est,
663 1102 759 1140 etin
778 1112 941 1149 aquam,
975 1102 1093 1140 immo
1114 1103 1282 1141 maxime
1301 1103 1337 1140 in
1360 1103 1473 1140 hanc.

213 1159 382 1202 utraque
410 1156 513 1192 enim
542 1161 711 1204 cognata
733 1162 794 1194 est
812 1166 898 1202 res,
932 1161 1100 1204 utraque
1120 1158 1272 1204 gravis,
1308 1162 1475 1205 utraque

215 1209 357 1255 densa,
390 1213 556 1256 utraque
585 1210 623 1248 in
650 1215 865 1248 extremum
892 1211 1025 1249 mundi
1046 1212 1250 1259 conpulsa.
1290 1211 1351 1249 Ex
1371 1221 1476 1259 aqua

175 1272 196 1305 2
216 1268 319 1302 terra
342 1263 405 1302 fit:
444 1274 513 1302 cur
532 1275 611 1302 non
631 1275 735 1313 aqua
751 1265 819 1303 fiat
839 1275 861 1302 e
880 1269 1013 1303 terra?
1046 1266 1131 1312 „At
1150 1276 1291 1318 magna
1310 1266 1473 1304 flumina

214 1321 344 1356 sunt.“
374 1318 468 1356 Cum
490 1319 654 1366 videris,
686 1323 832 1367 quanta
853 1324 961 1367 sunt,
983 1330 1120 1357 rursus
1141 1330 1191 1357 ex
1213 1325 1360 1368 quanto
1381 1331 1471 1368 pro-

214 1372 334 1410 deant
352 1372 529 1419 adspice.
559 1373 738 1420 Miraris,
760 1383 848 1411 cum
871 1374 1048 1412 labantur
1067 1374 1255 1422 adsidue,
1278 1375 1473 1423 quaedam

212 1437 307 1465 vero
330 1427 522 1465 concitata
540 1428 760 1476 rapiantur,
780 1428 887 1476 quod
908 1432 1067 1476 praesto
1088 1428 1139 1467 sit
1158 1429 1231 1466 illis
1254 1439 1359 1477 aqua
1373 1439 1473 1476 sem-

215 1492 286 1528 per
305 1486 433 1521 nova?
469 1482 564 1530 quid
584 1481 619 1520 si
638 1481 810 1528 mireris,
842 1483 969 1530 quod,
999 1493 1088 1521 cum
1108 1484 1214 1521 venti
1239 1488 1361 1522 totum
1382 1485 1475 1521 aera

212 1535 420 1583 inpellant,
455 1547 536 1574 non
565 1536 701 1575 deficit
723 1537 906 1585 spirituS,
941 1537 1014 1576 sed
1042 1547 1112 1585 per
1141 1537 1226 1576 dies
1254 1543 1474 1586 noctesque

213 1591 430 1638 aequaliter
449 1590 553 1638 fluit,
581 1601 656 1630 nec
675 1595 718 1628 ut
736 1590 898 1630 flumina
918 1596 1025 1630 certo
1045 1593 1157 1630 alveo
1180 1593 1372 1639 seruntur,
1401 1592 1476 1630 sed

212 1655 285 1692 per
300 1650 451 1683 vastum
468 1645 568 1683 coeli
589 1645 755 1693 spatium
776 1646 854 1684 lato
871 1646 1006 1694 inpetu
1019 1646 1153 1684 vadit?
1189 1647 1284 1695 quid
1305 1646 1338 1685 si
1357 1647 1474 1685 ullam

212 1699 358 1737 undam
380 1709 595 1746 superesse
616 1699 786 1747 mireris,
818 1711 922 1748 quae
941 1701 1195 1748 superveniat
1213 1706 1269 1739 tot
1288 1700 1472 1739 fluctibus

170 1758 191 1792 3
212 1754 373 1792 fractis?
412 1753 514 1792 Nihil
548 1755 697 1801 delicit,
738 1755 830 1803 quia
856 1759 979 1794 totum
1007 1755 1046 1793 in
1074 1765 1118 1793 se
1146 1756 1260 1794 redit.
1302 1755 1475 1794 omnium

213 1809 495 1846 elementorum
523 1808 561 1845 in
582 1810 772 1847 alternum
797 1819 983 1854 recursus
1005 1814 1107 1848 sunt.
1153 1810 1340 1858 quicquid
1364 1809 1474 1847 alteri

212 1863 333 1910 perit,
367 1863 406 1900 in
434 1863 596 1900 alterum
627 1864 766 1902 transit
791 1868 830 1902 et
857 1870 994 1902 natura
1021 1869 1152 1912 partes
1181 1875 1275 1902 suas
1301 1864 1409 1902 velut
1433 1864 1473 1901 in

214 1917 457 1964 ponderibus
479 1916 710 1956 constitutas
732 1918 947 1965 examinat,
967 1929 1016 1956 ne
1036 1919 1255 1966 portionum
1277 1918 1472 1966 aequitate

172 1976 193 2009 4
213 1971 368 2010 turbata
395 1972 565 2010 mundus
594 1972 895 2019 praeponderet.
940 1972 1077 2011 Omnia
1095 1972 1134 2010 in
1156 1973 1336 2011 omnibus
1361 1977 1470 2010 sunt:

213 2037 292 2064 non
311 2030 460 2064 tantum
488 2037 556 2064 aer
570 2027 608 2064 in
629 2026 758 2073 ignem
777 2027 933 2073 transit,
954 2027 1028 2065 sed
1048 2038 1258 2076 numquam
1277 2026 1364 2065 sine
1380 2027 1472 2073 igne

213 2085 286 2118 est.
325 2081 486 2119 detrahe
506 2080 560 2118 illi
583 2081 774 2119 calorem:
807 2081 994 2129 rigescet,
1030 2081 1163 2128 stabit,
1200 2081 1402 2119 durabitur
1434 2085 1474 2119 et

212 2134 377 2172 transiet
403 2146 471 2174 aer
496 2135 535 2173 in
566 2136 788 2180 humorem,
818 2136 890 2173 sed
918 2136 1168 2174 nihilominus
1196 2147 1273 2174 non
1295 2136 1382 2174 sine
1399 2135 1471 2172 hu-

212 2199 324 2226 more
352 2195 424 2228 est.
470 2194 509 2228 et
537 2192 631 2227 aera
657 2194 695 2228 et
723 2199 866 2237 aquam
887 2190 979 2228 facit
998 2195 1119 2236 terra,
1151 2190 1223 2229 sed
1243 2201 1321 2228 non
1344 2190 1471 2237 magis

212 2253 399 2290 umquam
430 2244 516 2282 sine
539 2254 645 2292 aqua
674 2248 734 2283 est
762 2254 879 2292 quam
902 2245 987 2283 sine
1007 2246 1109 2282 aere.
1151 2249 1189 2282 et
1207 2244 1297 2283 ideo
1319 2244 1471 2282 facilior

214 2301 274 2336 est
301 2297 468 2336 invicem
496 2299 705 2346 transitus,
741 2297 833 2347 quia
862 2299 957 2346 illis,
991 2299 1029 2336 in
1058 2309 1158 2346 quae
1187 2299 1467 2338 transeundum
