1592 2580
280 186 333 226 52
648 184 692 222 L.
719 182 909 221 ANNAEI
936 181 1160 221 SENECAE

279 286 364 323 sive
392 287 611 321 exterarum
639 282 811 330 gentium
837 279 1029 320 homines.
1074 279 1220 327 Erigite
1242 279 1429 318 audacter
1449 280 1529 318 ani-

280 349 367 377 mos
386 343 424 376 et
444 336 633 386 quicquid
648 338 686 374 in
703 336 832 374 medio
850 335 1000 374 sordidi
1014 334 1115 372 iacet
1126 334 1357 372 transsilite=
1387 345 1529 383 exspe-

241 395 263 429 4
280 397 358 432 ctat
386 402 458 432 vos
485 393 524 430 in
554 401 705 430 summo
734 400 876 437 magna
901 388 1095 427 nobilitas.
1151 389 1251 435 Quid
1280 389 1467 435 superbia
1492 389 1531 426 in

278 452 425 486 tantam
451 446 662 484 vanitatem
690 445 930 491 adtollimur,
958 448 1001 481 ut
1025 443 1217 481 beneficia
1243 453 1266 480 a
1285 444 1411 481 servis
1434 443 1531 481 indi-

279 511 444 550 gnemur
460 501 642 548 accipere
663 504 700 537 et
723 504 870 537 sortem
889 508 1024 537 eorum
1045 502 1270 545 spectemus
1292 497 1400 535 obliti
1418 499 1530 535 meri-

278 560 435 595 torum?
475 555 640 593 Servum
667 560 710 592 tu
738 563 975 601 quemquam
1002 563 1124 590 vocas
1152 551 1325 589 libidinis
1355 557 1393 590 et
1418 553 1532 600 gulae

281 621 423 649 servus
452 615 491 648 et
517 610 736 654 adulterae,
770 609 887 645 immo
914 607 1176 645 adulterarum
1199 616 1405 643 commune
1426 617 1532 644 man-

243 671 263 702 5
281 665 451 713 stipium?
500 664 665 702 Servum
684 673 807 700 vocas
828 671 1064 710 quemquam
1088 665 1156 699 tu?
1203 660 1286 706 Quo
1307 661 1462 698 tandem
1484 661 1533 698 ab

282 719 366 758 istis
387 719 533 766 gerulis
560 717 713 764 raperis
734 716 861 755 cubile
887 716 992 754 istud
1017 721 1124 753 tuum
1148 714 1536 752 circumferentibus?

282 784 362 822 quo
390 778 428 811 te
447 772 622 821 penulati
649 772 712 810 isti
723 772 769 808 ‘in
792 770 950 809 militum
972 773 1037 816 [et]
1061 769 1217 817 quidem
1237 779 1316 806 non
1336 769 1536 816 volgarem

283 829 430 866 cultum
462 826 685 874 subornati,
725 837 825 874 quo,
863 826 1042 872 inquam,
1076 829 1114 861 te
1146 823 1210 861 isti
1244 823 1440 861 efferunt?
1485 823 1535 861 ad

284 883 428 920 ostium
447 881 612 920 alicuius
634 880 802 927 ostiarii,
831 880 882 917 ad
900 879 1036 917 hortos
1054 878 1216 915 alicuius
1233 887 1282 915 ne
1299 878 1536 916 ordinarium

285 937 443 985 quidem
470 935 650 974 habentis
680 934 874 973 officium=
910 938 947 971 et
974 932 1118 971 deinde
1144 942 1266 979 negas
1287 932 1355 970 tibi
1375 943 1399 969 a
1418 942 1534 970 servo

282 997 348 1029 tuo
364 991 601 1028 beneficium
617 991 702 1028 dari
719 999 852 1038 posse,
869 988 931 1026 cui
947 988 1125 1026 osculum
1142 987 1256 1024 alieni
1272 987 1376 1024 servi
1390 986 1536 1024 benefi-

245 1050 266 1084 6
283 1046 385 1083 cium
413 1049 501 1083 cst?
545 1045 652 1091 Quae
674 1049 735 1082 est
756 1049 863 1082 tanta
882 1042 998 1080 animi
1019 1042 1243 1079 discordia?
1284 1041 1424 1079 eodem
1442 1045 1536 1078 tem-

283 1110 381 1148 pore
413 1109 552 1137 servos
587 1098 762 1146 despicis
791 1102 830 1136 et
857 1097 979 1144 colis,
1015 1095 1253 1143 imperiosus
1290 1096 1390 1133 intra
1422 1095 1538 1132 limen

283 1159 401 1201 atque
429 1154 634 1201 inpotens,
665 1151 822 1190 humilis
850 1151 946 1188 foris
975 1155 1012 1188 et
1039 1155 1116 1188 tam
1146 1155 1393 1198 contemptus
1422 1160 1539 1196 quam

284 1212 540 1246 contemnens
559 1221 568 1242 ε
615 1217 745 1254 neque
782 1205 883 1242 enim
919 1205 986 1242 ulli
1020 1204 1145 1251 magis
1179 1205 1351 1242 abiciunt
1387 1205 1538 1241 animos

285 1273 404 1312 quam
440 1261 507 1310 qui
540 1260 708 1309 inprobe
742 1260 882 1299 tollunt
915 1259 1089 1307 nullique
1116 1258 1166 1295 ad
1198 1259 1410 1296 calcandos
1440 1259 1539 1296 alios

285 1317 503 1365 paratiores
530 1326 647 1364 quam
676 1316 742 1364 qui
771 1314 1026 1352 contumelias
1053 1315 1192 1350 >facere
1224 1313 1453 1361 accipiendo
1483 1313 1539 1350 di-

288 1371 480 1410 dicerunt.

252 1428 270 1460 1
369 1425 504 1463 XXIX.
538 1424 714 1463 Dicenda
732 1424 831 1462 haec
852 1423 1007 1461 fuerunt
1027 1421 1077 1459 ad
1098 1421 1413 1459 contundendam
1434 1420 1540 1459 inso-

286 1480 443 1519 lentiam
461 1479 662 1517 hominum
678 1489 728 1516 ex
745 1479 900 1516 fortuna
916 1476 1169 1525 pendentium
1185 1476 1542 1523 vindicandumque

286 1535 348 1573 ius
376 1534 556 1572 beneficii
584 1533 703 1571 dandi
731 1533 876 1579 servis,
907 1536 949 1570 ut
976 1531 1065 1569 filiis
1088 1541 1246 1578 quoque
1267 1530 1540 1568 vindicaretur.

290 1587 553 1638 quaeritur
591 1587 711 1635 enim,
754 1597 811 1624 an
846 1586 1123 1634 aliquando
1165 1585 1315 1623 liberi
1355 1584 1543 1622 maiora

287 1642 543 1682 beneficia
569 1643 686 1680 dare
711 1641 1010 1690 parentibus
1034 1640 1140 1679 suis
1162 1639 1376 1688 possint,
1403 1649 1542 1687 quam

290 1697 598 1745 acceperint.
1184 1704 1189 1709 ·

253 1754 275 1787 2
369 1751 468 1791 Illud
497 1751 726 1789 conceditur
743 1751 886 1789 multos
907 1749 1015 1787 filios·
1030 1749 1200 1787 maiores
1222 1748 1543 1796 potentioresque

290 1805 493 1845 exstitisse
511 1816 630 1853 quam
650 1809 833 1854 parentes
856 1814 965 1843 suos.
1012 1814 1140 1851 aeque
1159 1808 1197 1841 et
1218 1803 1331 1849 illud,
1361 1803 1543 1840 meliores

292 1861 429 1899 fuisse.
478 1860 586 1908 quod
612 1860 646 1898 si
674 1864 846 1906 constat,
877 1863 1008 1907 potest
1033 1859 1136 1905 fieri,
1160 1862 1203 1896 -ut
1221 1857 1383 1894 meliora
1399 1856 1543 1894 tribue-

291 1916 385 1961 rint,
416 1924 505 1952 cum
532 1919 570 1953 et
597 1915 752 1953 fortuna
771 1914 846 1954 illis
868 1915 993 1952 maior
1011 1918 1118 1951 esset
1136 1916 1174 1950 et
1192 1911 1329 1948 melior
1348 1912 1543 1949 voluntas.

256 1971 278 2004 3
293 1969 533 2017 ‚‚Quicquid,
560 1969 703 2017 inquit,
732 1973 811 2016 est,
841 1969 947 2016 quod
964 1968 1031 2006 det
1049 1967 1148 2015 patri
1166 1965 1290 2012 silius,
1319 1965 1455 2012 utique
1473 1965 1543 2002 mi-

295 2035 369 2062 nus
398 2029 477 2070 est,
508 2024 600 2071 quia
625 2024 727 2062 hanc
754 2024 883 2071 ipsam
908 2022 1028 2061 dandi
1056 2022 1274 2059 facultatem
1294 2018 1395 2067 patri
1415 2019 1543 2057 debet..

295 2078 351 2115 Ita
375 2089 586 2126 numquam
604 2078 797 2116 beneficio
816 2077 1000 2124 vincitur,
1021 2075 1132 2114 cuius
1150 2074 1385 2112 beneficium*
1404 2079 1466 2112 est
1483 2074 1542 2120 ip-

297 2142 404 2179 sum,
426 2133 534 2180 quod
563 2132 765 2171 vincitur.“
810 2132 977 2170 Primum
1005 2129 1198 2179 quaedam
1216 2128 1365 2166 initium
1387 2128 1436 2166 ab
1456 2127 1543 2166 aliis

296 2186 451 2224 trahunt
469 2192 507 2225 et
524 2191 652 2225 tamen
667 2186 784 2225 initiis
802 2187 884 2225 suis
900 2186 1048 2224 maiora
1064 2187 1172 2230 sunt,
1200 2193 1274 2220 nec
1289 2183 1378 2221 ideo
1395 2181 1544 2230 aliquid

298 2250 378 2277 non
400 2245 461 2278 est
486 2242 610 2280 maius
631 2251 679 2279 eo
701 2252 779 2289 quo
801 2240 949 2288 coepit,
977 2239 1068 2288 quia
1087 2249 1166 2276 non
1188 2237 1382 2285 potuisset
1399 2238 1439 2274 i‘n
1460 2241 1543 2274 tan-

260 2298 283 2332 4
298 2296 641 2346 tumprocedere,
675 2296 751 2335 nisi
778 2295 988 2345 coepisset.
1035 2293 1148 2333 Nulla
1172 2302 1252 2332 non
1269 2302 1333 2331 res
1353 2290 1545 2341 principia
