1624 2626
30 156 396 201 CONTUMELIAM
410 155 659 196 ACCIPERE
670 152 968 194 SAPIENTEM.
979 152 1247 193 XVII—XIX.
1263 151 1317 193 33

28 264 140 310 sima,
161 261 291 310 qualis
313 260 362 298 in*
373 258 588 299 concubitu
607 261 716 296 esset
731 267 834 296 uxor
848 255 947 304 eius,
964 255 1122 295 obiecit.
1152 255 1192 294 di
1209 254 1318 303 boni,

26 319 104 358 hoc
123 318 252 356 virum
283 316 440 363 audire,
469 313 692 363 principem
713 313 817 351 scire
837 317 876 351 et
894 322 1027 361 usque
1048 322 1097 351 eo
1118 311 1318 350 licentiam

27 372 286 424 pervenisse,
306 377 368 420 ut,
389 382 469 410 non
492 370 584 408 dico
606 368 829 416 consulari,
857 378 939 406 non
960 367 1050 406 dico
1071 367 1222 415 amico,
1244 367 1320 406 sed

24 434 178 469 tantum
197 427 338 467 marito
358 429 547 476 princeps
568 430 607 464 et
627 425 863 464 adulterium
891 434 1009 463 suum
1037 428 1171 462 narret
1201 429 1240 462 et
1260 424 1317 461 fa—

27 485 218 526 stidium?
247 485 457 529 Chaereae,
478 482 637 521 tribuno
654 481 828 526 militum,
846 490 980 518 sermo
1001 491 1082 518 non
1104 489 1178 528 pro
1198 489 1319 517 manu
1335 480 1357 515 3

27 547 122 589 erat,
142 540 354 589 languidus
375 549 475 577 sono
497 542 546 586 et,
567 539 608 576 ni
629 538 734 575 sacta
753 546 913 585 nosses,
933 536 1178 585 suspectior.
1226 534 1319 574 huic

27 598 145 637 Caius
179 598 337 644 signum
370 594 518 644 petenti
551 594 673 633 modo
707 592 947 640 Veneris,
992 592 1115 631 modo
1148 590 1320 640 Priapi

26 654 148 693 dabat
181 653 293 692 aliter
325 655 448 699 atque
482 650 594 689 aliter
627 649 879 698 exprobrans
914 652 1066 688 armato
1100 647 1319 688 mollitiam.

24 710 126 748 haec
146 709 235 758 ipse
256 707 509 756 perlucidus,
530 706 783 755 crepidatus,
804 709 980 743 auratus.
1030 704 1163 752 coegit
1182 704 1319 752 itaque

24 766 135 804 illum
154 765 211 804 uti
231 765 349 811 ferro,
369 773 420 801 ne
442 763 606 811 saepius
628 762 787 810 signum
807 765 981 810 peteret:
1002 760 1068 798 ille
1088 760 1239 809 primus
1260 761 1319 797 in—

24 827 86 860 ter
105 821 334 859 coniuratos
355 829 516 857 manum
538 818 718 866 sustulit,
738 817 804 855 ille
825 816 1024 855 cervicem
1044 816 1217 855 mediam
1236 827 1320 854 uno

24 878 106 916 ictu
127 876 286 915 decidit.
318 875 530 924 plurimum
553 874 699 912 deinde
718 872 898 921 undique
920 872 1102 921 publicas
1123 883 1170 910 ac
1188 870 1320 920 priva-—

25 938 87 972 tas
107 932 271 971 iniurias
290 930 565 970 ulciscentium
586 929 811 978 gladiorum
831 929 1030 976 ingestum
1052 933 1124 974 est,
1147 928 1222 965 sed
1239 928 1320 976 pri—

26 999 116 1027 mus
137 988 199 1026 vir
217 988 300 1035 suit,
324 987 392 1035 qui
411 987 570 1024 minime
590 986 702 1024 visus
726 989 799 1023 est.
853 986 908 1023 At
925 984 1031 1022 idem
1048 983 1168 1022 Caius
1187 984 1322 1022 omnia
1335 993 1358 1027 4

26 1044 288 1084 contumelias
311 1047 479 1092 putans,
511 1046 555 1080 ut
581 1046 673 1080 sunt
707 1040 963 1079 ferendarum
991 1039 1227 1088 inpatientes
1261 1041 1319 1078 sa-

25 1100 255 1139 ciendarum
278 1098 542 1147 cupidissimi,
571 1098 696 1136 iratus
718 1097 791 1136 fuit
809 1096 1012 1135 Herennio
1033 1096 1185 1142 Macro,
1208 1096 1320 1145 quod

23 1157 130 1195 illum
154 1155 321 1194 Caium
340 1156 598 1193 salutaverat.
646 1163 721 1191 nec
748 1153 901 1201 inpune
927 1153 1052 1190 cessit
1071 1152 1318 1201 primipilari,

26 1212 136 1261 quod
157 1211 436 1259 Caligulam
457 1210 625 1249 dixerat.
674 1210 752 1248 hoc
773 1209 878 1247 enim
907 1209 947 1246 in
978 1208 1122 1247 castris
1143 1212 1262 1246 natus
1283 1212 1322 1246 et

25 1270 208 1307 alumnus
229 1267 432 1315 legionum
451 1266 590 1305 vocari
611 1266 785 1312 solebat,
817 1266 926 1303 nullo
949 1265 1110 1303 nomine
1129 1263 1319 1303 militibus

24 1324 255 1364 familiarior
274 1334 466 1372 umquam
486 1323 629 1361 factus.
677 1322 751 1360 sed
778 1321 858 1361 iam
881 1320 1161 1369 Caligulam
1183 1321 1320 1359 convi—

23 1381 131 1420 cium
150 1386 190 1419 et
210 1380 403 1429 probrum
422 1378 636 1417 iudicabat.
686 1377 940 1416 Conturbatis
962 1387 1059 1425 ergo
1087 1376 1166 1415 hoc
1186 1377 1321 1426 ipsum
1336 1386 1357 1418 5

12 1430 173 1475 'solatio
194 1435 278 1483 erit,
300 1435 454 1474 etiamsi
474 1439 613 1474 nostra
633 1433 802 1472 facilitas
822 1433 1014 1472 ultionem
1035 1433 1226 1480 omiserit,
1261 1433 1320 1471 fu-

25 1498 157 1531 turum
176 1491 348 1540 aliquem
369 1492 437 1540 qui
455 1501 610 1540 poenas
631 1484 766 1538 exigat
785 1501 809 1528 a
827 1499 1004 1539 procace
1025 1493 1064 1528 et
1083 1489 1262 1537 superbo
1283 1495 1322 1527 et

26 1547 243 1595 iniurioso,
280 1557 383 1595 quae
410 1546 505 1586 vitia
526 1557 743 1595 numquam
771 1545 812 1584 in
838 1556 920 1584 uno
941 1545 1102 1584 homine
1123 1550 1162 1583 et
1180 1545 1220 1583 in
1239 1556 1318 1584 nna

27 1603 265 1642 contumelia
285 1607 584 1641 consumuntur.
641 1601 923 1651 Respiciamus
954 1612 1091 1640 eorum
1121 1602 1319 1650 exempla,

29 1670 198 1709 quorum
219 1658 430 1697 laudamus
451 1658 693 1706 patientiam,
713 1663 756 1697 ut
776 1657 976 1705 Socratis,
1000 1658 1067 1707 qui
1089 1658 1318 1696 comoedia-

25 1727 114 1755 rum
135 1715 361 1764 publicatos
382 1715 422 1752 in
442 1724 488 1752 se
508 1719 551 1752 et·
566 1718 770 1762 spectatos
800 1715 907 1753 sales
937 1714 976 1751 in
999 1718 1152 1762 partem
1171 1714 1320 1752 bonam

26 1771 182 1820 accepit
215 1770 384 1818 risitque
412 1773 493 1808 non
522 1770 669 1816 minus,
711 1781 831 1819 quam
858 1780 947 1808 cum
981 1770 1031 1809 ab
1058 1780 1187 1808 uxore
1212 1770 1318 1807 Xan-

27 1827 166 1876 thippe
199 1827 391 1865 inmunda
422 1836 528 1874 aqua
564 1826 881 1873 perfunderetur.
929 1825 1158 1864 Antistheni
1195 1830 1321 1863 mater

27 1884 198 1922 barbara
218 1888 257 1921 et
274 1882 474 1920 Thraessa
495 1881 752 1920 obiciebatur.
795 1881 1008 1931 respondit
1036 1886 1083 1919 et
1111 1881 1319 1920 deorum

27 1945 233 1977 matrem
261 1939 460 1976 idaeam
489 1947 617 1976 esse.
1179 1974 1185 1977 ,

107 1995 208 2033 ΧΙΧ.
243 1995 330 2032 Non
353 1998 414 2032 est
432 1994 471 2032 in
492 1994 620 2032 rixam
642 1994 1044 2045 colluctationemque
1063 1992 1316 2030 veniendum.
1336 2005 1354 2037 1

0 2056 2 2068 ²
28 2052 170 2099 procul
189 2050 396 2089 auferendi
419 2050 544 2099 pedes
567 2053 658 2088 sunt
677 2054 715 2088 et
735 2049 928 2099 quicquid
947 2049 1089 2087 horum
1109 2048 1158 2086 ab
1178 2046 1315 2097 inpru—

29 2107 214 2146 dentibus
235 2107 303 2145 fiet
321 2106 425 2154 (fieri
446 2111 576 2145 autem
604 2105 681 2143 nisi
705 2105 754 2144 ab
782 2104 1091 2154 inprudentibus
1119 2114 1200 2142 non
1228 2109 1315 2153 pot-

14 2166 106 2208 est)
130 2162 424 2211 neglegendum
452 2168 490 2201 et
517 2162 693 2201 honores
725 2161 974 2209 iniuriaeque
1005 2158 1114 2208 volgi
1147 2160 1187 2198 in
1223 2172 1315 2209 pro-

27 2219 182 2257 miscuo
197 2218 421 2257 habendae.
456 2228 530 2256 nec
546 2217 608 2255 his
626 2217 842 2256 dolendum
853 2227 928 2255 nec
947 2216 1024 2255 illis
1039 2215 1315 2264 gaudendum:

28 2275 204 2324 alioquin
233 2274 355 2312 multa
381 2274 521 2313 timore
556 2274 882 2312 contumeliarum
916 2277 982 2311 aut
1015 2271 1147 2310 taedio
1175 2282 1316 2311 neces·
1333 2281 1355 2314 2

54 2330 137 2368 aria
179 2331 404 2369 omittemus
445 2329 698 2379 publicisque
740 2334 778 2367 et
823 2329 987 2378 privans
1031 2327 1196 2376 officiis,
1247 2330 1297 2366 ali

85 2400 213 2424 SENECA
235 2400 324 2423 rim..
346 2389 372 2423 Ι.
1018 2382 1044 2424 3
