1592 2580
326 95 393 136 DE
420 94 700 135 BENEFICIIS
727 94 823 134 LlB.
839 95 888 134 V.
918 99 1045 137 7-9.
1096 100 1099 102 '
1275 93 1328 134 93

4 212 5 215 ’
33 197 140 249 ¹nihil
164 197 308 237 dicitur
330 196 522 246 perdere,
545 197 639 245 quia
653 196 846 245 quicquid
860 195 916 235 illi
931 196 1205 244 avellitur,·ad
1223 195 1330 235 illam

6 282 7 285 ,
34 253 167 301 redit,
192 263 266 292 nec
282 252 414 302 perire
435 252 650 301 quicquam
667 257 820 301 potest,
846 253 957 301 quod
975 263 1056 301 quo
1074 253 1235 291 excidat
1250 263 1331 291 non

5 326 8 351 ε
44 309 177 357 habet,
197 310 270 348 sed
289 309 431 348 eodem
447 309 678 357 revolvitur,
699 309 808 348 unde
828 308 1012 347 discedit.
1042 308 1172 356 „Quid
1189 309 1330 356 simile,

46 365 201 415 inquis,
221 365 342 403 habet
358 364 437 403 hoc
452 366 680 413 exemplum
698 364 930 413 propositae
945 364 1229 413 quaestioni?⁴‘
1266 364 1329 403 Di-
1346 365 1370 417 β

47 431 148 460 cam.
181 420 280 460 Puta
301 426 340 459 te
356 419 553 469 ingratum
569 431 682 459 esse:
713 432 794 460 non
814 421 914 469 perit
929 420 1180 459 beneficium.
1212 420 1333 458 habet

46 477 144 516 illud
165 476 233 526 qui
253 476 375 515 dedit.
406 481 501 524 puta
519 482 558 515 te
577 476 759 525 recipere
775 477 900 515 nolle:
930 477 1038 524 apud
1054 481 1093 514 te
1108 481 1189 520 est,
1220 481 1330 514 ante-

46 543 166 582 quam
182 532 374 571 redditur.
411 532 497 570 Non
520 537 636 581 potes
655 533 868 581 quicquam
888 533 1085 580 amittere,
1108 532 1203 581 quia
1220 531 1333 580 quod

45 588 283 635 detrahitur,
322 587 580 627 nihilominus
614 588 683 626 tibi
718 588 947 636 acquiritur.
993 588 1096 627 intra
1129 593 1168 626 te
1198 587 1331 636 ipsum

45 644 155 684 orbis
176 645 326 693 agitur:
356 644 592 693 accipiendo
618 644 711 692 das,
739 644 874 683 dando
895 644 1060 693 accipis.

129 700 194 739 lX.
235 699 526 748 „Beneficium,
555 700 702 749 inquit,
733 699 809 738 sibi
836 700 932 738 dare
959 703 1136 748 oportet:
1173 710 1269 748 ergo
1295 700 1370 739 etl

30 757 198 795 ,referre
227 756 394 804 gratiam
421 759 620 804 oportet.“
668 755 839 794 Primum
867 756 965 794 illud
995 756 1140 794 salsum
1169 761 1250 803 est,
1281 766 1333 794 cx

47 823 127 861 quo
158 812 333 860 pendent
360 812 584 860 sequentia.
620 821 738 850 nemo
762 811 868 849 enim
896 811 972 850 sibi
994 811 1233 851 beneficium
1255 812 1333 859 dat,

47 868 121 906 sed
151 873 315 906 naturae
337 878 435 906 suae
458 872 588 916 paret,
618 878 642 905 a
664 878 744 916 qua
763 868 815 906 ad
835 867 1039 906 caritatem
1060 868 1122 906 sui
1146 868 1334 916 conposi-

45 928 112 963 tus
141 929 214 962 est.
251 923 358 961 unde
384 923 439 961 illi
468 934 623 962 summa
644 934 741 962 cura
759 928 822 961 est
841 923 1021 962 nocitura
1039 923 1212 971 vitandi,
1243 934 1334 973 prom

45 980 182 1019 futura
200 978 430 1027 adpetendi.
465 979 604 1028 Itaque
627 989 702 1018 nec
721 979 897 1017 liberalis
917 984 990 1026 est,
1013 980 1081 1027 qui
1102 979 1176 1018 sibi
1199 979 1334 1026 donat,
1351 982 1373 1016 2

45 1045 122 1075 nec
142 1036 339 1082 clemens,
368 1034 436 1083 qui
456 1034 532 1074 sibi
553 1034 742 1083 ignoscit,
762 1045 837 1073 nec
857 1034 1108 1083 misericors,
1133 1035 1202 1084 qui
1221 1035 1335 1073 malis

47 1090 134 1131 suis
156 1091 347 1139 tangitur:
379 1091 488 1139 quod
505 1091 592 1129 aliis
609 1095 814 1139 praestare
829 1090 1044 1129 liberalitas
1061 1095 1142 1138 est,
1164 1091 1336 1130 clemen-

37 1146 122 1194 tia,
155 1146 453 1194 misericordia,
481 1145 558 1185 sibi
579 1151 785 1195 praestare
808 1150 949 1184 natura
968 1150 1042 1185 est.
1088 1146 1336 1186 Beneficium

46 1213 114 1242 res
128 1202 352 1241 voluntaria
367 1207 441 1241 est.
471 1208 512 1241 at
531 1203 730 1251 prodesse
743 1202 820 1241 sibi
839 1203 1115 1241 necessarium
1132 1207 1207 1244 est.
1250 1202 1336 1250 Quo

49 1258 141 1308 quis
158 1258 272 1307 plura
286 1257 484 1296 beneficia
499 1258 610 1296 dedit
622 1258 910 1297 beneficentior
925 1263 1006 1296 est:
1039 1259 1131 1307 quis
1146 1268 1338 1307 umquam

36 1314 236 1354 laudatus
257 1317 340 1361 est,
369 1315 479 1362 quod
498 1314 575 1352 sibi
595 1315 683 1362 ipse
702 1314 845 1353 fuisset
864 1313 1042 1352 auxilio?
1068 1314 1178 1362 quod
1201 1324 1246 1352 se
1262 1313 1337 1352 eri·

49 1370 209 1420 puisset
234 1368 483 1408 latronibus?
524 1369 648 1409 Nemo
678 1368 756 1408 sibi
779 1368 1019 1408 beneficium
1039 1369 1125 1417 dat,
1154 1380 1235 1408 non
1256 1379 1338 1407 ma-

49 1426 113 1475 gis
142 1435 262 1473 quam
291 1424 527 1473 hospitium,
555 1435 672 1463 nemo
696 1425 773 1464 sibi
793 1425 934 1472 donat,
965 1435 1046 1463 non
1067 1424 1196 1473 magis
1219 1435 1336 1473 quam

51 1480 190 1520 credit.
239 1479 282 1519 Si
303 1479 371 1518 dat
389 1480 465 1518 sibi
486 1481 659 1529 quisque
674 1480 934 1528 beneficium,
963 1491 1127 1529 semper
1142 1481 1229 1528 dat,
1251 1481 1339 1519 sine
1354 1489 1377 1523 3

50 1535 350 1576 intermissione
369 1535 456 1583 dat,
485 1535 585 1575 inire
609 1536 896 1576 beneficiorum
919 1547 1083 1576 suorum
1103 1547 1184 1576 non
1207 1542 1341 1585 potest

51 1602 273 1632 numerum.
322 1591 484 1640 quando
511 1602 608 1640 ergo
635 1592 803 1641 gratiam
828 1593 994 1639 referet,
1033 1603 1124 1631 cum
1157 1603 1232 1642 per
1262 1592 1342 1632 hoc

51 1647 206 1697 ipsum,
244 1657 325 1696 quo
355 1648 521 1695 gratiam
546 1648 688 1695 refert,
725 1647 964 1687 beneficium
992 1648 1086 1687 dat?
1133 1648 1340 1698 quomodo

42 1703 158 1747 ,enim
185 1703 416 1742 discernere
447 1703 610 1752 poterit,
645 1708 777 1742 utrum
806 1703 874 1742 det
905 1704 982 1743 sibi
1013 1703 1255 1743 beneficium
1290 1714 1341 1742 an

52 1759 214 1807 reddat,
242 1769 331 1797 cum
360 1757 463 1797 intra
486 1759 670 1798 eumdem
695 1759 895 1798 hominem
922 1770 990 1799 res
1008 1764 1198 1808 geratur?
1224 1759 1340 1798 Libe-

43 1813 141 1854 ravi
168 1825 231 1853 me
251 1814 449 1863 periculo:
477 1814 716 1854 beneficium
738 1813 832 1853 mihi
854 1815 960 1869 dedi.
989 1815 1130 1854 iterum
1152 1826 1216 1854 me
1238 1815 1340 1864 peri-

22 1880 23 1883 *
47 1871 147 1909 culo
174 1869 322 1910 liber0=
360 1876 490 1910 utrum
520 1871 572 1910 do
595 1870 833 1909 beneficium
853 1882 903 1909 an
922 1871 1080 1911 reddo?
1124 1871 1279 1910 Deinde
1298 1872 1380 1910 ut4

56 1926 225 1976 primum
246 1925 343 1966 illud
360 1927 591 1974 concedam,
613 1927 709 1965 dare
730 1937 805 1965 nos
825 1927 1064 1966 beneficium
1080 1926 1212 1975 nobis,
1232 1927 1343 1976 quod

25 1979 237 2030 'sequitur
263 1993 343 2021 non
370 1983 602 2021 concedam.
638 1993 729 2020 nam
750 1983 908 2021 etiamsi
927 1983 1090 2030 damus,
1119 1993 1201 2022 non
1221 1983 1341 2021 debe-

44 2047 166 2085 :mus‚
196 2037 290 2086 quia
317 2038 447 2077 statim
474 2039 711 2087 recipimus:
744 2038 927 2087 accipere
954 2049 1018 2077 me
1041 2042 1202 2087 oportet
1219 2038 1341 2077 bene—

41 2091 211 2140 fficium,
246 2093 392 2132 deinde
427 2094 592 2142 debere,
631 2093 778 2132 deinde
809 2094 973 2133 referre.
1019 2094 1192 2133 debendi
1225 2095 1340 2134 locus

58 2158 140 2188 non
166 2153 246 2196 est,
277 2149 372 2198 quia
398 2149 486 2189 sine
513 2150 594 2189 ulla
621 2160 735 2188 mora
760 2149 989 2197 recipimus.
1031 2150 1108 2189 Dat
1125 2161 1242 2190 nemo
1263 2151 1340 2189 nisi

47 2203 184 2250 alteri.
222 2204 341 2244 debet
360 2215 477 2244 nemo
498 2205 574 2244 nisi
594 2205 718 2244 alteri.
753 2205 886 2244 reddit
905 2215 1023 2245 nemo
1042 2206 1119 2245 nisi
1139 2206 1270 2246 alteri=
1301 2206 1342 2245 id

48 2258 163 2300 intra
180 2270 302 2300 unum
321 2271 402 2301 non
421 2266 557 2313 potest
573 2261 680 2311 fieri,
701 2261 811 2311 quod
830 2261 976 2301 totiens
997 2262 1100 2302 duos
1123 2261 1258 2312 exigit.
