1592 2580
320 164 387 205 DE
415 163 694 206 BENEFICIIS
721 162 900 203 LIB.V1.
934 166 1107 202 22—25.
1275 157 1356 200 121

78 272 157 306 tam
176 266 298 306 multa
316 264 572 315 generabant.
621 263 816 313 Cogitavit
836 273 913 302 nos
932 266 1025 301 ante
1044 265 1205 307 natura,
1236 270 1355 310 quam

78 323 190 370 fecit,
218 331 294 361 nec
321 326 398 361 tam
420 321 509 360 leve
529 331 634 370 opus
654 330 815 367 sumus,
845 323 887 357 ut
905 317 958 357 illi
979 317 1228 367 potuerimus
1249 315 1357 354 exci-

79 379 187 417 dere.
234 377 339 415 Vide
367 382 559 426 quantum
586 375 704 415 nobis
742 373 984 424 permiserit,
1013 384 1134 422 quam
1155 383 1237 412 non
1258 371 1396 412 intras

78 431 259 472 homines
288 432 448 471 humani
475 431 629 482 imperii
656 430 839 470 condicio
868 430 930 469 sit.
978 430 1073 468 vide
1099 429 1139 467 in
1167 433 1360 477 quantum

78 488 316 538 corporibus
334 489 472 537 vagari
490 489 638 537 liceat„
649 497 754 537 quae
769 497 848 525 non
864 485 1042 525 coercuit
1055 485 1136 524 fine
1149 489 1358 530 terrarum,

65 545 151 584 ‘sed
172 554 329 584 omnem
356 544 396 582 in
416 549 568 593 partem
589 543 653 582 sui
671 542 790 582 misit.
826 542 920 581 vide
939 541 1059 580 animi
1078 545 1271 590 quantum
1289 550 1359 578 au-

77 600 216 648 deant,
256 600 592 649 quemadmodum
620 600 697 638 soli
724 602 794 638 aut
819 597 1003 637 noverint
1028 597 1130 637 deos
1149 601 1218 636 aut
1237 605 1359 645 quae-

76 661 166 695 rant
184 660 223 695 et
243 660 375 695 mente
393 656 433 694 in
453 655 576 694 altum
595 655 689 694 data
707 654 842 694 divina
866 653 1121 693 comitentur=
1150 652 1258 691 scies
1279 661 1360 690 non

78 722 172 750 esse
199 711 399 750 hominem
427 710 727 750 tumultuarium
752 714 792 749 et
812 710 1068 758 incogitatum
1091 719 1209 758 opus.
1256 708 1397 746 Inter7

77 767 251 806 maxima
265 778 400 806 rerum
418 778 581 806 suarum
600 771 743 805 natura
761 766 858 804 nihil
876 765 1008 812 habet,
1030 775 1111 814 quo
1126 764 1255 814 magis
1274 764 1360 812 glo·

78 823 202 862 rietur
219 828 287 862 aut
306 828 413 862 certe
432 823 497 862 cui
515 823 723 872 glorietur:
759 825 932 871 quantus
952 821 1029 860 iste
1051 822 1163 859 furor
1181 824 1245 860 est
1265 830 1359 859 con·

80 879 318 918 troversiam
346 879 408 917 dis
437 879 614 918 muneris
641 879 704 917 sui
732 879 894 917 facere?
930 876 1135 926 quomodo
1162 877 1361 915 adversus

80 945 153 973 eos
180 933 245 973 hic
271 934 345 973 erit
372 939 530 983 gratus,
561 934 707 984 quibus
734 934 861 983 gratia
887 933 1028 972 referri
1054 932 1142 972 sine
1167 931 1361 981 inpendio

80 1001 161 1029 non
181 995 332 1039 potest,
364 990 432 1039 qui
451 995 571 1039 negat
591 1001 638 1029 se
657 990 707 1029 ab
726 990 776 1028 iis
796 988 1028 1037 accepisse,
1056 999 1082 1027 a
1102 988 1248 1038 quibus
1270 997 1363 1026 cum

79 1045 251 1085 maxime
278 1045 442 1095 accipit,
473 1045 542 1095 qui
569 1051 608 1085 et
635 1056 797 1094 semper
823 1044 953 1084 daturi
974 1050 1068 1084 sunt
1087 1049 1126 1084 et
1144 1053 1362 1093 numquam

78 1102 305 1151 recepturi?
345 1107 494 1151 quanta
522 1106 653 1140 autem
681 1101 924 1150 perversitas
953 1100 1004 1139 ob
1032 1099 1111 1139 hoc
1138 1099 1258 1138 alicui
1280 1104 1399 1139 non8

80 1157 248 1205 debere,
278 1158 372 1206 quia
391 1158 507 1196 etiam
526 1157 707 1196 infitianti
727 1157 925 1205 benignus
940 1160 1020 1204 est,
1041 1160 1080 1196 et
1096 1155 1360 1195 continuatio-

79 1223 170 1251 nem
196 1211 326 1261 ipsam
354 1213 582 1262 seriemque
609 1212 894 1252 beneficiorum
916 1216 1362 1261 argumentum‘vocare

78 1269 310 1307 necessario
326 1269 486 1307 dantis?
520 1268 662 1316 ‚,Nolo.
686 1267 763 1307 sibi
777 1268 934 1307 habeat.
961 1268 1052 1317 quis
1067 1268 1177 1307 illum
1190 1269 1360 1316 rogat?“

79 1329 119 1363 et
146 1334 285 1363 omnes
312 1324 412 1363 alias
442 1323 672 1373 inpudentis
697 1323 818 1363 animi
839 1333 962 1363 voces
982 1324 1045 1362 his
1065 1324 1249 1362 adstrue:
1279 1333 1361 1362 non

80 1380 171 1433 ideo
192 1380 248 1429 de¹
261 1385 301 1418 te
321 1379 451 1418 minus
471 1384 645 1418 meretur
662 1379 719 1427 is,
740 1380 855 1418 cuius
875 1379 1091 1418 liberalitas
1112 1379 1165 1417 ad
1184 1383 1222 1417 te
1242 1377 1362 1416 etiam

81 1435 175 1475 dum
193 1445 317 1483 negas
338 1437 521 1484 pervenit
541 1435 738 1484 cuiusque
757 1435 1045 1474 beneficiorum
1062 1435 1129 1473 vel
1142 1434 1221 1474 hoc
1236 1433 1360 1473 maxi-

80 1501 188 1529 mum
207 1495 287 1537 est,
317 1491 427 1539 quod
447 1492 564 1529 etiam
586 1491 767 1540 querenti
788 1491 954 1529 daturus
974 1495 1048 1529 est.

159 1545 300 1584 XXIV.
326 1546 412 1585 Non
436 1546 572 1593 vides,
594 1546 933 1595 quemadmodum
951 1551 1128 1584 teneram
1148 1545 1362 1584 liberorum
1383 1554 1401 1587 l

81 1601 283 1640 infantiam
301 1607 487 1650 parentes
497 1602 546 1640 ad
564 1602 783 1641 salubrium
799 1612 933 1640 rerum
950 1600 1179 1650 patientiam
1190 1605 1363 1649 cogant?

79 1657 274 1696 Flentium
301 1667 472 1706 corpora
498 1667 546 1696 ac
571 1658 878 1706 repugnantium
909 1657 1085 1706 diligenti
1106 1668 1203 1696 cura
1225 1658 1363 1695 fovent

81 1718 122 1752 et
148 1723 198 1751 ne
227 1713 404 1751 membra
429 1713 591 1752 libertas
624 1712 822 1752 inmatura
848 1713 1104 1762 detorqueat,
1141 1713 1182 1751 in
1209 1718 1364 1752 rectum

82 1768 237 1808 exitura
264 1768 558 1816 constringunt,
593 1773 633 1807 et
658 1779 752 1808 mox
783 1768 965 1807 liberalia
997 1769 1130 1807 studia
1162 1768 1365 1807 inculcant

83 1823 258 1863 adhibito
285 1824 426 1863 timore
452 1824 692 1863 nolentibus.
731 1824 783 1862 ad
810 1823 990 1862 ultimum
1008 1825 1204 1863 audacem
1223 1824 1362 1862 iuven-

81 1884 160 1919 tam
186 1880 418 1928 frugalitati,
446 1879 609 1928 pudori,
637 1879 816 1920 moribus
842 1880 979 1927 bonis,
1010 1880 1207 1928 siparum
1226 1880 1362 1928 sequi-

82 1941 165 1982 tur,
195 1940 375 1974 coactam
403 1935 616 1984 adplicant.
663 1935 1001 1974 Adulescentibus
1031 1946 1195 1984 quoque
1215 1945 1262 1973 ac
1285 1935 1399 1980 iam2

82 1992 312 2040 potentibus
340 1991 422 2039 sui,
459 1991 494 2029 si
520 1991 698 2029 remedia
726 1996 834 2030 metu
862 1996 930 2030 aut
956 1991 1260 2040 intemperantia
1285 1991 1362 2030 rei-

84 2047 210 2094 ciunt,
247 2047 310 2086 vis
344 2046 553 2086 adhibetur
585 2056 634 2084 ac
670 2046 854 2085 servitus.
909 2047 1048 2095 Itaque
1074 2046 1362 2086 beneficiorum

83 2103 255 2141 maxima
285 2107 396 2147 sunt,
436 2113 538 2151 quae
572 2113 595 2140 a
628 2102 860 2150 parentibus
894 2101 1136 2151 accipimus,
1174 2103 1269 2141 dum
1295 2107 1362 2142 aut

84 2158 287 2197 nescimus
306 2163 374 2197 aut
393 2160 591 2198 nolumus.

165 2213 286 2252 XXV.
324 2214 395 2253 His
432 2214 598 2262 ingratis
625 2217 666 2252 et
691 2211 998 2262 repudiantibus
1026 2213 1243 2262 beneficia,
1280 2224 1361 2253 non
1378 2219 1397 2254 1

88 2268 182 2316 quia
198 2269 356 2318 nolunt,
379 2270 453 2308 sed
477 2279 527 2308 ne
543 2269 735 2316 debeant,
755 2268 906 2308 similes
926 2273 1019 2308 sunt
1037 2279 1089 2308 ex
1104 2268 1263 2310 diverso
1283 2269 1358 2308 ni-

87 2323 177 2362 mis
195 2324 345 2374 grati,
377 2325 460 2375 qui
481 2324 682 2374 aliquid
708 2324 1014 2366 incommodi
1042 2325 1249 2375 precari
1275 2335 1358 2365 so-
