1624 2626
559 71 581 82 υ

237 190 371 231 DIAL.
396 191 447 230 V.
484 189 551 229 DE
578 189 671 229 IRA
697 189 793 229 ΗΒ.
820 189 886 228 ΙΠ.
915 194 1073 231 19—22.
1245 188 1300 231 97

20 293 127 333 illum
145 291 253 340 regis
268 286 484 331 'comitatus
503 290 751 329 auferentem
765 299 814 330 eo
828 290 1096 338 redacturum,
1114 295 1158 331 ut
1171 296 1300 331 trans—

18 348 68 388 iri
93 348 323 396 calcarique
347 347 466 386 etiam
493 357 518 386 a
543 345 702 385 feminis
729 350 883 396 posset.
927 346 1016 386 Huc
1044 347 1190 386 deinde
1218 357 1300 386 om·
1316 353 1340 388 3

19 414 110 444 nem
137 403 336 443 transtulit
362 402 456 441 belli
484 402 722 451 adparatum
748 407 788 442 et
813 401 964 441 tamdiu
994 402 1154 442 adsedit
1175 403 1301 453 operi,

18 461 150 500 donec
177 470 198 498 c
217 463 256 498 et
279 468 388 497 Lxxx
416 458 610 497 cuniculis
640 458 812 497 divisum
837 459 995 497 alveum
1021 458 1062 497 in
1090 469 1157 498 ccc
1184 464 1224 498 et
1251 469 1302 498 Lx

16 517 128 555 rivos
147 514 399 565 dispergeret
417 519 457 552 et
475 514 628 553 siccum
644 513 891 563 relinqueret
902 514 941 552 in
956 516 1160 554 diversum
1175 514 1300 554 fluen—

16 572 124 611 tibus
152 571 282 620 aquis.
320 569 442 609 Periit
469 571 605 619 itaque
632 575 672 608 et
696 574 874 620 tempus,
905 581 1051 620 magna
1078 571 1118 609 in
1145 571 1300 620 magnis
1317 580 1339 612 4

17 627 142 667 rebus
157 627 320 672 iactura,
343 631 381 665 et
399 627 563 664 militum
584 626 715 673 ardor,
734 636 850 675 quem
870 627 1020 666 inutilis
1038 627 1155 666 labor
1173 627 1301 676 fregit,

17 688 59 722 et
85 683 246 723 occasio
274 682 538 731 adgrediendi
563 681 790 730 inparatos,
820 682 914 721 dum
942 682 1009 722 ille
1027 683 1174 722 bellum
1202 683 1297 722 indi—

17 744 125 778 ctum
142 738 249 778 hosti
269 749 359 777 cum
381 737 542 776 flumine
560 738 674 786 gerit.
710 738 782 776 Hic
803 738 932 787 furor,
955 739 1049 788 quid
1071 739 1176 777 enim
1195 739 1302 777 aliud
1318 746 1339 779 5

19 799 171 834 voces?
196 795 403 834 Romanos
425 804 590 843 quoque
610 793 788 841 contigit.
819 793 860 832 C.
876 794 980 833 enim
1001 795 1150 833 Caesar
1169 794 1300 833 villam

18 851 56 889 in
74 849 364 889 Herculanensi
384 849 704 899 pulcherrimam,
726 849 821 898 quia
839 855 966 889 mater
987 860 1065 889 sua
1082 850 1302 900 aliquando

18 905 59 945 in
78 907 146 944 illa
166 905 367 944 custodita
387 910 491 952 erat,
521 904 641 944 diruit
667 906 844 954 fecitque
869 907 956 945 eius
984 916 1060 955 per
1085 905 1163 945 hoc
1190 911 1304 945 nota—

19 962 138 1000 bilem
165 963 378 1001 fortunam.
420 964 588 1000 stantem
622 960 727 999 enim
754 962 1163 1010 praenavigabamus,
1197 971 1304 1001 nunc

20 1028 147 1056 causa
164 1017 320 1056 dirutae
340 1017 556 1066 quaeritur.

99 1073 219 1111 XXII.
232 1073 294 1112 ‘Et
307 1071 408 1110 haec
427 1071 642 1120 cogitanda
664 1076 758 1110 sunt
776 1073 980 1122 exempla,
1004 1083 1111 1122 quae
1130 1072 1243 1120 vites,
1264 1077 1303 1111 et
1320 1075 1338 1108 l

18 1129 87 1168 illa
103 1138 127 1166 e
145 1128 366 1176 contrario,
389 1138 492 1177 quae
513 1128 717 1176 sequaris,
747 1128 971 1174 moderata,
1000 1129 1126 1176 lenia,
1154 1127 1302 1177 quibus

18 1194 93 1223 nec
108 1183 161 1223 ad
175 1184 430 1223 irascendum
450 1194 577 1222 causa
595 1183 720 1222 defuit
739 1194 814 1222 nec
831 1184 881 1223 ad
899 1185 1174 1223 ulciscendum
1189 1188 1302 1233 pote-

19 1245 118 1279 stas.
161 1239 264 1288 Quid
283 1240 388 1279 enim
418 1239 572 1278 facilius
590 1239 662 1278 fuit
680 1240 882 1288 Antigono
904 1250 1025 1289 quam
1052 1241 1157 1279 duos
1177 1240 1300 1279 mani·
1318 1243 1339 1276 2

19 1297 183 1345 putares
203 1296 296 1335 duci
314 1295 472 1343 iubere,
501 1296 570 1344 qui
597 1295 876 1335 incumbentes
903 1296 1012 1344 regis
1041 1296 1301 1336 tabernaculo

19 1352 230 1399 faciebant,
252 1352 362 1402 quod
378 1351 560 1390 homines
576 1356 616 1391 et
630 1351 972 1401 periculosissime
988 1357 1028 1391 et
1041 1352 1304 1391 libentissime

21 1408 190 1456 faciunt,
224 1408 319 1458 [qm]
354 1407 405 1446 de
435 1417 533 1455 rege
567 1417 642 1447 suo
676 1408 780 1446 male
813 1408 1069 1447 existimant?
1110 1409 1304 1447 Audierat

21 1464 156 1502 omnia
173 1463 418 1512 Antigonus,
446 1468 584 1512 utpote
612 1474 702 1502 cum
729 1464 832 1503 inter
859 1464 1056 1502 dicentem
1076 1469 1116 1503 et
1138 1464 1302 1503 audien-

21 1524 100 1557 tem
120 1520 227 1567 palla
244 1519 467 1558 interesset.
495 1530 614 1568 quam
633 1520 698 1559 ille
717 1519 857 1558 leviter
875 1519 1090 1559 commovit
1107 1525 1165 1559 et:
1189 1521 1301 1567 „lon-

22 1574 126 1622 gius,
146 1574 284 1622 inquit,
305 1573 510 1622 discedite,
531 1585 584 1614 ne
601 1586 678 1614 vos
700 1585 772 1613 rex
791 1575 966 1615 audiat.“
996 1576 1107 1613 Idem
1129 1575 1302 1625 quadam
1318 1578 1340 1612 3

25 1635 161 1677 nocte,
190 1640 280 1668 cum
308 1630 506 1678 quosdam
531 1641 583 1669 ex
601 1631 790 1670 militibus
812 1632 898 1670 suis
916 1631 1151 1670 exaudisset
1170 1632 1304 1670 omnia

24 1687 128 1724 mala
146 1685 393 1734 inprecantis
411 1685 515 1734 regi,
543 1686 612 1735 qui
632 1687 745 1735 ipsos
764 1688 804 1726 in
817 1686 922 1726 illud
941 1687 1016 1726 iter
1033 1692 1074 1726 et
1091 1687 1302 1726 inextrica-

24 1742 101 1780 bile
121 1742 245 1780 lutum
265 1741 513 1789 deduxisset,
532 1743 706 1781 accessit
722 1742 774 1781 ad
795 1753 887 1789 eos,
910 1743 978 1792 qui
999 1742 1172 1782 maxime
1191 1743 1302 1782 labo-

23 1797 182 1845 rabant,
212 1802 252 1835 et
280 1807 370 1835 cum
390 1797 619 1845 ignorantes
638 1808 663 1836 a
682 1809 763 1847 quo
782 1799 1068 1838 adiuvarentur
1086 1798 1303 1848 explicuis-

24 1857 106 1892 set:
135 1863 290 1900 „nunc,
325 1853 474 1902 inquit,
502 1853 726 1893 maledicite
744 1854 968 1903 Antigono,
997 1854 1112 1894 cuius
1138 1853 1235 1893 vitio
1262 1854 1302 1892 in

24 1908 97 1947 has
117 1909 297 1947 miserias
317 1908 534 1947 incidistis:
563 1909 600 1947 ei
620 1913 750 1948 autem
770 1910 872 1949 bene
894 1915 1042 1960 optate,
1064 1910 1132 1959 qui
1152 1920 1229 1949 vos
1249 1919 1302 1949 ex

24 1963 99 2002 hac
119 1964 310 2013 voragine
330 1964 505 2003 eduxit.“
534 1964 643 2002 Idem
662 1969 740 2004 tam
760 1966 842 2004 miti
862 1967 994 2005 animo
1014 1966 1186 2005 hostiurn
1208 1975 1302 2004 suo—
1316 1973 1340 2008 4

23 2030 110 2058 rum
129 2020 339 2059 maledicta
362 2031 481 2069 quam
502 2019 648 2059 civium
674 2021 770 2059 tulit.
802 2022 939 2070 itaque
959 2032 1047 2060 cum
1074 2021 1114 2059 in
1135 2022 1301 2069 parvulo

26 2076 202 2124 quodam
222 2077 387 2115 castello
408 2076 547 2114 Graeci
569 2075 851 2115 obsiderentur
877 2082 917 2116 et
935 2077 1084 2116 fiducia
1109 2077 1187 2116 loci
1207 2086 1301 2116 con—

26 2135 245 2171 temnentes
274 2131 430 2172 hostem
458 2133 580 2171 multa
607 2133 647 2170 in
675 2132 965 2172 deformitatem
984 2132 1171 2181 Antigoni
1193 2132 1300 2172 ioca—

23 2192 161 2227 rentur
179 2191 219 2226 et
238 2198 346 2227 nunc
371 2192 560 2228 staturam
584 2186 790 2236 humilem,
817 2199 924 2227 nunc
946 2188 1141 2228 conlisum
1160 2199 1302 2228 nasum

25 2242 273 2282 deriderent=
303 2244 506 2292 „gaudeo‚
533 2243 680 2292 inquit,
701 2248 741 2282 et
760 2244 912 2293 aliquid
931 2244 1026 2283 boni
1045 2254 1186 2294 spero,
1206 2245 1243 2284 si
1261 2245 1301 2282 in

0 2294 7 2301 ⁸
27 2298 169 2337 castris
202 2299 301 2338 meis
336 2299 513 2339 Silenum
546 2299 717 2338 habeo.“
770 2299 867 2338 Cum
900 2300 976 2340 hos
1005 2300 1165 2340 dicaces
1198 2301 1301 2338 same
1318 2307 1339 2339 5

27 2352 267 2402 domuisset,
297 2355 424 2404 captis
443 2356 503 2395 sic
527 2365 628 2395 usus
649 2360 731 2405 est,
757 2360 801 2395 ut
826 2365 899 2396 eos
918 2356 987 2407 qui
1004 2356 1165 2396 militiae
1183 2356 1300 2396 utiles

84 2422 216 2449 sermm
235 2424 325 2448 unm.
345 2414 370 2449 1.
1064 2416 1085 2453 7
