1624 2626
335 169 414 209 :200
590 169 633 206 L.
656 167 844 207 ANNAEI
872 166 1096 206 SENECAE
1124 167 1255 206 DIAL.
1269 168 1316 206 X.

298 272 319 306 5
337 267 550 316 cupiscitis.
577 266 729 315 Audies
745 266 960 314 plerosque
974 264 1170 304 dicentes:
1190 275 1241 312 „a
1251 263 1577 313 quinquagesimo

335 333 438 360 anno
454 322 492 359 in
509 321 629 360 otium
643 320 840 359 secedam.
869 319 1139 368 sexagesimus
1154 329 1216 357 me
1230 330 1356 357 annus
1371 319 1419 357 ab
1437 319 1578 358 officiis

336 377 537 414 dimittet.“
582 380 620 414 et
646 385 762 423 quem
787 374 942 413 landem
966 374 1153 422 longioris
1179 374 1282 412 vitae
1308 374 1495 421 praedem
1514 384 1577 412 ac-

335 431 461 478 cipis?
490 430 578 478 quis
598 431 673 468 ista
693 429 793 467 sicut
811 428 990 476 disponis
1009 429 1066 466 ire
1084 427 1279 476 patietur?
1306 439 1385 467 non
1404 428 1527 476 pudet
1540 432 1578 466 te

334 484 519 532 reliquias
542 484 645 522 vitae
672 483 740 523 tibi
765 492 970 521 reservare
996 487 1034 521 et
1062 483 1103 520 id
1132 483 1257 521 solum
1277 487 1431 530 tempus
1451 483 1579 520 bonae

334 539 451 577 menti
478 539 692 586 destinare,
734 537 841 585 quod
872 536 912 574 in
943 538 1088 575 nullam
1120 547 1203 575 rem
1230 537 1398 575 conferri
1426 536 1580 584 possit?

310 619 311 622 =
335 605 452 642 quam
479 603 609 631 serum
637 597 698 631 est
725 598 816 630 tunc
841 592 975 630 vivere
993 592 1185 639 incipere,
1213 601 1302 629 cum
1321 591 1579 629 desinendum

333 652 421 687 est?
449 658 551 695 quae
569 652 645 685 tam
670 647 786 684 stulta
807 646 1050 684 mortalitatis
1071 645 1215 684 oblivio
1238 646 1278 683 in
1300 645 1578 693 quinquagesi-

333 713 437 740 mum
457 707 494 740 et
513 701 802 748 sexagesimum
821 710 965 738 annum
979 700 1136 738 differre
1150 710 1247 738 sana
1262 700 1425 738 consilia
1437 703 1475 737 et
1487 698 1579 736 inde

332 757 434 795 velle
452 755 570 794 vitam
590 755 797 802 inchoare,
826 766 904 803 quo
926 755 1040 802 pauci
1060 755 1356 802 perduxerunt?

297 815 316 847 1
410 811 478 848 IV.
514 809 886 848 Potentissimis
920 814 965 847 et
992 808 1038 847 in
1069 809 1217 848 altum
1246 806 1465 847 sublatis
1494 806 1577 845 ho-

332 864 545 903 minibus
574 864 757 902 excidere
778 873 897 902 voces
920 863 1093 910 videbis,
1124 863 1264 911 quibus
1289 862 1409 900 otium
1429 866 1578 923 optent,

332 920 509 966 laudent,
539 919 717 957 omnibus
740 918 854 957 bonis
875 917 957 956 suis
979 918 1211 966 praeferant.
1249 917 1409 965 cupiunt
1426 915 1579 954 interim

333 984 384 1011 ex
409 974 475 1012 illo
504 973 658 1019 fastigio
688 983 781 1021 suo,
808 973 842 1011 si
866 976 948 1011 tuto
967 972 1099 1018 liceat,
1129 972 1383 1010 descendere.
1428 981 1518 1009 nam
1536 976 1580 1008 ut

333 1027 427 1065 nihil
453 1031 564 1065 extra
589 1027 761 1065 lacessat
784 1030 850 1064 aut
877 1027 1043 1074 quatiat,
1072 1028 1110 1064 in
1138 1036 1183 1064 se
1210 1027 1298 1074 ipsa
1318 1026 1473 1064 fortuna
1478 1012 1577 1063 ruit.

295 1091 317 1125 2
330 1082 454 1121 Divus
471 1083 687 1128 Augustus,
718 1080 780 1118 cui
795 1081 835 1118 di
848 1081 962 1142 plura
979 1091 1095 1128 quarn
1111 1081 1186 1118 ulli
1195 1081 1479 1128 praestiterunt,
1499 1090 1579 1117 non

333 1135 449 1174 desiit
468 1136 635 1183 quietem
655 1135 729 1173 sibi
755 1135 908 1183 precari
928 1139 966 1172 et
982 1134 1228 1173 vacationem
1247 1145 1270 1172 a
1289 1134 1490 1182 republica
1508 1144 1577 1181 pe-

331 1195 424 1229 tere.
463 1190 588 1228 omnis
615 1189 699 1227 eius
719 1199 847 1227 sermo
867 1189 919 1226 ad
938 1189 1014 1227 hoc
1033 1199 1190 1237 semper
1207 1189 1409 1226 revolutus
1430 1192 1508 1235 est,
1536 1192 1579 1225 ut

333 1250 511 1293 speraret
537 1242 668 1282 otium.
713 1243 790 1282 hoc
815 1243 971 1282 labores
1000 1254 1115 1289 suos,
1146 1243 1295 1281 etiamsi
1323 1243 1444 1289 falso,
1474 1241 1578 1279 dulci

295 1308 317 1342 3
331 1304 459 1337 tamen
480 1298 699 1337 oblectabat
718 1298 876 1345 solatio,
902 1298 1113 1345 aliquando
1134 1307 1178 1335 se
1199 1296 1390 1335 victurum
1407 1296 1494 1334 sibi.
1532 1296 1576 1334 In

334 1354 504 1401 quadam
528 1353 579 1390 ad
607 1357 784 1391 senatum
811 1352 932 1390 missa
951 1352 1135 1400 epistula,
1165 1362 1250 1389 cum
1270 1350 1446 1399 requiem
1466 1361 1577 1388 suam

331 1418 410 1446 non
429 1417 594 1446 vacuam
614 1408 698 1445 fore
718 1406 914 1454 dignitatis
931 1417 1005 1444 nec
1025 1418 1048 1444 a
1063 1406 1193 1454 pr10re
1209 1406 1334 1453 gloria
1350 1405 1576 1453 discrepan-

330 1468 408 1501 tem
427 1462 624 1510 pollicitus
640 1466 765 1508 esset‚
784 1461 882 1499 haec
895 1460 1018 1499 verba
1031 1460 1180 1498 inveni:
1209 1461 1288 1498 Sed
1300 1461 1373 1498 ista
1384 1461 1473 1506 fieri
1485 1470 1577 1507 spe—

330 1519 466 1556 ciosius
497 1527 609 1564 quam
635 1517 807 1564 promitti
825 1520 993 1564 possunt.
1028 1526 1086 1553 me
1105 1519 1227 1554 tamen
1245 1515 1384 1562 cupido
1402 1515 1578 1561 temporis

329 1573 553 1620 optatissimi
569 1571 662 1609 mihi
668 1572 864 1619 provexit,
884 1575 927 1608 ut
943 1572 1119 1618 quoniam
1137 1580 1267 1608 rerum
1285 1570 1427 1607 laetitia
1442 1578 1576 1606 mora-

330 1631 393 1664 tur
411 1627 556 1672 adhuc,
582 1627 819 1674 perciperem
833 1626 982 1672 aliquid
994 1626 1192 1673 voluptatis
1205 1635 1256 1662 ex
1269 1624 1466 1661 verborum
1482 1623 1575 1660 dul-

293 1690 316 1724 4
329 1682 474 1720 cedine.
509 1680 629 1718 Tanta
647 1680 734 1717 visa
753 1683 813 1717 est
830 1689 895 1717 res
916 1680 1052 1726 otium,
1082 1684 1122 1717 ut
1140 1677 1263 1725 illam,
1290 1676 1380 1725 quia
1399 1687 1475 1714 usu
1494 1686 1574 1714 non

329 1739 500 1783 poterat,
531 1729 764 1781 cogitatione
793 1738 1073 1782 praesumeret.
1110 1733 1177 1782 qui
1201 1732 1329 1771 omnia
1349 1729 1506 1768 videbat
1524 1740 1574 1768 ex

330 1799 375 1827 se
399 1799 477 1828 uno
506 1787 736 1836 pendentia,
768 1788 834 1836 qui
861 1787 1083 1826 hominibus
1101 1787 1361 1835 gentibusque
1380 1785 1573 1823 fortunam

330 1843 467 1891 dabat,
494 1844 601 1881 illum
621 1842 984 1881 diemlaetissimus
1005 1842 1216 1890 cogitabat,
1245 1850 1324 1889 quo
1342 1839 1572 1887 magnitudi-

329 1907 417 1935 nem
437 1908 548 1936 suam
568 1901 740 1935 exueret.
777 1902 964 1945 expertus
985 1902 1086 1945 erat,
1105 1900 1290 1944 quantum
1307 1894 1373 1932 illa
1386 1893 1491 1932 bona
1503 1903 1574 1941 per

330 1953 456 1990 omnis
473 1957 597 1991 terras
618 1952 804 1999 fulgentia
823 1951 980 1990 sudoris
1001 1950 1280 2000 exprimerent,
1304 1954 1488 1996 quantum
1505 1957 1570 1985 oc-

292 2010 312 2042 5
330 2006 518 2045 cultarum
545 2006 848 2046 sollicitudinum
876 2010 1069 2053 tegerent:
1105 2014 1191 2043 cum
1218 2002 1369 2041 civibus
1392 2003 1570 2050 primum,

330 2060 471 2097 deinde
499 2071 588 2099 cum
616 2061 797 2108 collegis,
832 2061 1047 2099 novissime
1074 2069 1161 2098 cum
1186 2057 1380 2095 adfinibus
1408 2059 1569 2094 coactus

329 2113 445 2151 armis
463 2114 673 2153 decernere
698 2116 794 2153 mari
813 2119 996 2163 terraque
1016 2112 1244 2161 sanguinem
1258 2111 1373 2149 fudit:
1403 2120 1475 2158 per
1488 2110 1568 2147 Ma-

328 2168 552 2215 cedoniam,
589 2170 776 2217 Siciliam,
812 2170 1057 2219 Aegyptum,
1095 2165 1249 2216 Syriam
1280 2165 1498 2212 Asiamque
1532 2169 1570 2202 et

329 2221 454 2261 omnis
480 2232 606 2270 prope
633 2234 724 2262 oras
749 2199 853 2273 b’ello
875 2225 1130 2262 circumactus
1150 2221 1327 2258 Romana
1346 2219 1468 2257 caede
1490 2219 1566 2256 las-

330 2287 396 2317 sos
418 2276 610 2315 exercitus
631 2278 681 2315 ad
702 2283 864 2318 externa
881 2278 984 2318 bella
1003 2275 1205 2316 convertit.
1236 2274 1329 2313 dum
1342 2273 1466 2324 Alpes
1482 2272 1566 2322 pla
