1592 2580
294 165 372 206 248
526 181 528 193 ¹
667 168 706 206 L.
735 169 924 207 ANNAEI
952 169 1175 208 SENECAE
1202 169 1206 175 ’

293 265 407 312 Quod
429 266 461 303 si
482 275 504 302 e
526 266 622 304 mari
642 267 807 306 ferretur
825 267 1041 316 Atlantico,
1068 270 1189 308 semel
1210 270 1390 318 oppleret
1408 271 1536 319 Aegy-

297 325 423 367 ptum:
453 326 491 358 at
511 331 614 358 nunc
636 331 706 369 per
724 323 871 369 gradus
892 322 1044 361 crescit.

236 379 279 414 26
377 373 601 422 Oenopides
630 375 746 414 Chius
773 377 843 414 ait:
873 376 1000 415 hieme
1027 378 1195 416 calorem
1212 378 1294 417 sub
1315 379 1428 418 terris
1449 390 1539 418 con·

292 428 416 466 tineri.
459 429 549 467 ideo
579 434 616 468 et
643 440 788 477 specus
818 431 968 469 calidos
990 442 1082 470 esse
1107 432 1391 480 ettepidiorem
1415 434 1540 482 puteis

290 493 453 530 aquam:
490 483 623 531 itaque
644 495 764 524 venas
784 485 935 524 interno
957 487 1088 524 calore
1108 486 1259 524 siccari.
1298 486 1378 525 Sed
1397 489 1434 526 in
1455 488 1540 526 aliis

289 536 404 575 terris
426 543 618 585 augentur
633 538 795 577 flumina
813 540 1021 578 imbribus=
1046 541 1171 578 Nilum
1192 541 1282 588 quia
1296 543 1401 581 nullo
1418 543 1541 580 imbre

289 592 514 638 adiuvetur,
546 594 715 639 tenuari,
753 594 895 632 deinde
922 603 1103 633 crescere
1129 605 1201 642 per
1220 600 1425 643 aestatem,
1461 607 1540 645 quo

288 651 466 694 tempore
485 647 626 694 frigent
645 648 830 687 interiora
846 653 1032 687 terrarum
1052 654 1091 687 et
1108 650 1210 687 redit
1228 650 1336 696 vigor
1355 651 1539 689 fontibus.

233 708 277 743 27
289 699 403 747 Quod
421 699 455 738 si
481 711 618 740 verum
636 707 761 750 esset,
782 707 931 741 aestate
950 702 1112 741 flumina
1131 709 1354 742 crescerent
1374 707 1541 752 [omnia],

289 759 538 803 omnes[que]
571 757 677 804 putei
706 762 855 796 aestate
875 758 1130 796 abundarent.
1167 758 1318 796 Deinde
1338 759 1541 805 „calorem

287 808 416 848 hieme
444 810 517 848 sub
548 811 659 849 terris
680 821 771 849 esse
791 811 978 850 maiorem
989 816 1039 850 “⁴3
1067 823 1172 861 aqua
1194 818 1232 851 et
1250 823 1395 860 specus
1414 819 1451 852 et
1471 825 1540 861 pu·

286 864 339 902 tei
359 868 511 912 tepent,
533 866 625 913 quia
645 866 738 903 aera
754 866 942 914 rigentem
964 867 1209 905 extrinsecus
1231 877 1310 905 non
1327 867 1539 916 recipiunt:

287 918 340 956 ita
359 930 437 957 non
460 920 629 957 calorem
650 920 812 968 habent,
843 922 914 959 sed
936 922 1057 969 frigus
1078 921 1304 960 excludunt.
1335 932 1384 960 ex
1403 923 1540 960 eadem

288 983 411 1011 causa
437 978 585 1012 aestate
613 975 848 1022 frigescunt,
878 975 971 1023 quia
995 976 1060 1014 illo
1079 980 1251 1014 remotus
1271 977 1541 1024 seductusque

289 1037 357 1064 aer
378 1028 590 1066 calefactus
610 1040 688 1067 non
710 1030 900 1077 pervenit.

233 1090 277 1125 28
366 1082 563 1130 Diogenes
586 1084 856 1131 Apolloniates
884 1084 955 1122 ait:
985 1083 1088 1131 „Sol
1119 1083 1320 1123 humorem
1348 1085 1399 1122 ad
1416 1095 1463 1123 se
1480 1095 1540 1122 ra-

288 1136 361 1183 pit:
396 1136 502 1174 hunc
522 1137 722 1176 adsiccata
742 1139 857 1176 tellus
880 1149 930 1176 ex
950 1138 1046 1176 mari
1066 1139 1188 1186 ducit,
1224 1144 1304 1177 tum
1327 1149 1377 1176 ex
1400 1139 1540 1177 ceteris

286 1191 414 1238 aquis.
452 1191 537 1228 fieri
556 1196 684 1230 autem
704 1202 782 1230 non
802 1197 951 1240 potest,
973 1198 1015 1230 ut
1029 1203 1107 1230 una
1127 1193 1234 1231 sicca
1248 1193 1298 1231 sit
1311 1195 1444 1239 tellus,
1464 1193 1542 1231 alia

287 1244 470 1285 abundet.
501 1250 590 1283 sunt
610 1246 711 1283 enim
733 1248 928 1294 perforata
956 1247 1084 1284 omnia
1104 1252 1142 1284 et
1161 1247 1325 1285 invicem
1348 1246 1482 1294 pervia
1502 1252 1540 1286 et

287 1300 393 1337 sicca
425 1299 472 1336 ab
503 1299 673 1338 humidis
706 1306 864 1339 sumunt
892 1299 1116 1348 aliquando.
1158 1301 1234 1339 nisi
1262 1300 1410 1349 aliquid
1437 1306 1541 1339 terra

286 1354 502 1401 acciperet,
524 1354 758 1393 exaruisset.
797 1355 900 1403 Ergo
922 1357 982 1393 sol
1002 1356 1128 1393 undas
1148 1355 1282 1402 trahit,
1303 1355 1375 1393 sed
1395 1365 1445 1393 ex
1464 1356 1539 1402 his,

233 1418 275 1452 29
289 1418 389 1459 quae
417 1408 556 1456 premit
582 1409 771 1447 maxime:
805 1409 904 1448 haec
927 1410 1142 1447 meridiana
1169 1414 1271 1448 sunt.
1311 1410 1430 1447 Terra
1451 1420 1539 1448 cum

286 1463 456 1508 exaruit,
479 1463 567 1511 plus
587 1462 762 1501 humoris
780 1464 827 1501 ad
850 1475 894 1502 se
910 1464 1079 1502 adducit.
1107 1468 1150 1502 ut
1167 1464 1205 1502 in
1222 1464 1392 1502 lucernis
1412 1464 1540 1502 oleum

286 1517 350 1555 illo
380 1517 488 1563 fluit,
522 1517 588 1555 ubi
617 1518 809 1566 exuritur,
843 1518 900 1557 sic
928 1529 1031 1566 aqua
1057 1519 1122 1556 illo
1143 1518 1348 1566 incumbit,
1380 1529 1457 1567 quo
1477 1518 1539 1556 vis

286 1572 428 1609 caloris
447 1576 484 1609 et
504 1577 630 1610 terrae
650 1573 866 1611 aestuantis
883 1574 1059 1611 arcessit.
1086 1573 1200 1611 Unde
1216 1583 1309 1620 ergo
1329 1573 1471 1611 trahit?
1489 1583 1539 1611 ex

285 1625 361 1664 illis
380 1626 530 1664 scilicet
546 1626 721 1674 partibus
742 1638 900 1676 semper
918 1627 1112 1672 hibernis,
1144 1627 1538 1675 septemtrionalibus‚

284 1681 390 1718 unde
410 1681 594 1719 exundat.
634 1682 684 1719 ob
705 1682 782 1720 hoc
802 1681 950 1720 Pontus
971 1682 1008 1720 in
1035 1682 1227 1720 infernum
1247 1692 1354 1720 mare
1373 1682 1539 1720 adsidue

285 1734 371 1773 fluit
395 1735 578 1782 rapidus,
614 1747 692 1774 non
719 1741 762 1775 ut
787 1742 918 1776 cetera
943 1737 1065 1774 maria
1084 1736 1283 1774 alternatis
1304 1737 1404 1774 ultro
1425 1737 1537 1775 citro-

286 1800 364 1837 que
383 1789 578 1835 aestibus,
599 1789 638 1827 in
659 1801 774 1828 unam
796 1797 944 1840 partem
965 1801 1122 1838 semper
1142 1801 1291 1839 pronus
1315 1795 1352 1828 et
1371 1795 1538 1828 torrens.

286 1843 400 1891 Quod
419 1844 493 1882 nisi
514 1845 626 1883 fieret
640 1844 782 1892 hisque
799 1845 1000 1884 itineribus
1019 1845 1126 1893 quod
1143 1845 1285 1893 cuique
1300 1845 1429 1891 deest,
1448 1844 1537 1882 red—

286 1899 460 1945 deretur,
478 1899 585 1946 quod
603 1899 745 1946 cuique
761 1905 963 1947 superest,
984 1900 1240 1946 emitteretur,
1260 1899 1335 1936 iam
1350 1904 1416 1936 aut
1431 1898 1539 1937 sicca

230 1953 275 1988 30
286 1959 420 1991 essent
439 1953 568 1990 omnia
587 1958 654 1991 aut
674 1953 902 1992 inundata.“
931 1955 1176 2002 Interrogare
1195 1953 1408 2000 Diogenem
1427 1953 1536 1991 libet:

287 2018 428 2055 quare,
449 2006 483 2044 si
500 2010 729 2055 complexus
749 2010 922 2047 amnibus
940 2009 1020 2058 [est]
1040 2014 1077 2046 et
1094 2013 1232 2046 cuncta
1247 2006 1412 2044 invicem
1432 2017 1537 2045 com-

286 2067 426 2107 meant,
443 2072 520 2100 non
534 2062 821 2101 omnibuslocis
834 2067 981 2101 aestate
992 2063 1139 2101 maiora
1155 2067 1243 2100 sunt
1257 2061 1442 2099 flumina?
1459 2063 1535 2099 Ae·-

285 2121 449 2166 gyptum
470 2118 531 2154 sol
557 2117 681 2164 magis
702 2118 919 2165 percoquit.
955 2118 1087 2165 itaque
1105 2117 1212 2155 Nilus
1232 2116 1354 2163 magis
1376 2115 1536 2154 crescit=

286 2171 358 2208 sed
385 2170 422 2208 in
451 2171 590 2209 ceteris
620 2181 779 2219 quoque
806 2172 918 2209 terris
949 2171 1081 2219 aliqua
1099 2170 1322 2209 fluminibus
1343 2170 1411 2208 fiat
1430 2170 1535 2208 adie—

287 2226 376 2263 ct'n.
420 2225 569 2263 Deinde
594 2236 716 2273 quare
747 2226 826 2264 ulla
856 2237 948 2273 pars
976 2231 1102 2264 terrae
1129 2225 1213 2262 siue
1234 2224 1415 2271 humore,
1449 2234 1536 2262 curn

288 2279 414 2318 omnis
442 2280 490 2318 ad
512 2290 556 2318 se
576 2290 624 2318 ex
646 2280 730 2318 aliis
749 2279 862 2318 terris
881 2280 1027 2326 trahat,
1057 2289 1104 2318 eo
1135 2278 1292 2327 quidem
1313 2279 1436 2327 magis
1457 2288 1534 2326 quo
