1592 2580
297 175 363 215 DE
391 171 670 213 BENEFICIIS
699 173 795 212 LIB.
811 173 878 212 111.
911 176 1085 214 30—33.
1280 169 1333 212 55

53 281 93 316 et
116 276 325 325 inperitum
354 275 522 322 dedisti,
565 285 642 323 ego
678 273 749 313 tibi
783 273 926 321 filium,
956 274 1118 323 qualem
1142 273 1333 322 genuisse

53 333 264 381 gauderes.

131 387 286 427 XXXII.
315 386 425 426 Aluit
442 395 506 424 me
527 391 651 434 pater.
695 384 739 424 Si
754 385 861 424 idem
878 390 1060 433 praesto,
1083 386 1175 434 plus
1192 384 1333 431 reddo,
1360 388 1376 420 1

53 443 146 493 quia
164 454 243 482 non
267 447 415 482 tantum
438 442 488 480 ali
509 452 575 488 se,
607 441 680 480 sed
702 452 726 479 a
745 442 827 480 filio
848 442 897 480 ali
918 441 1066 489 gaudet
1085 446 1124 480 et
1143 440 1335 480 maiorem

38 510 103 538 ex
123 499 254 537 animo
274 509 365 537 meo
388 508 507 547 quam
523 508 575 536 ex
590 498 681 546 ipsa
693 507 739 535 re
756 497 926 546 percipit
939 497 1197 546 voluptatem.
1228 495 1333 535 illius

51 554 236 593 alimenta
265 554 316 592 ad
339 565 490 602 corpus
514 558 665 592 tantum
689 564 821 592 meum
844 556 1127 601 pervenerunt.
1179 551 1284 599 Quid
1299 552 1334 591 si
1353 554 1375 587 2

50 611 139 659 quis
167 609 207 648 in
238 615 389 649 tantum
418 611 638 659 processit,
675 614 719 647 ut
744 613 813 648 aut
839 609 1068 658 eloquentia
1097 619 1170 657 per
1192 612 1333 655 gentes

49 670 278 704 notesceret
304 670 373 704 aut
397 664 549 704 iustitia
575 670 644 704 aut
667 664 822 709 bellicis
844 665 967 703 rebus
988 669 1027 703 et
1047 663 1149 713 patri
1171 673 1334 712 quoque

38 722 247 770 *ingentem
281 721 618 760 circumfunderet
654 720 799 758 samam
836 720 1107 769 tenebrasque
1144 719 1334 759 natalium

49 787 213 816 suorum
235 778 344 815 clara
361 778 450 815 luce
466 777 701 815 discuteret:
732 787 813 816 non
828 776 1118 815 inaestimabile
1133 776 1172 814 in
1190 785 1332 824 paren-

49 839 109 871 tes
139 843 237 871 suos
267 833 506 871 beneficium
536 833 735 871 contulit?
778 833 843 871 An
865 832 1080 881 quisquam
1101 831 1334 870 Aristonem
1352 831 1375 866 3

49 893 88 926 et
116 888 295 939 Gryllum
325 888 404 927 nisi
425 892 590 937 propter
607 887 915 936 Xenophontem
935 898 984 927 ac
1002 888 1207 926 Platonem
1226 886 1332 925 filios

50 949 219 983 nosset?
258 943 580 992 Sophroniscum
608 943 798 983 Socrates
827 945 1036 992 exspirare
1063 953 1144 982 non
1173 942 1333 991 patitur.

49 1004 206 1039 ceteros
242 1010 477 1039 enumerare
508 1001 670 1048 longum
699 1004 779 1047 est,
820 999 888 1048 qui
923 1000 1067 1038 durant
1100 999 1152 1037 ob
1183 998 1332 1037 nullam

49 1055 166 1093 aliam
193 1065 379 1101 causam,
411 1066 529 1104 quam
558 1056 668 1104 quod
693 1055 783 1094 illos
802 1055 1018 1094 liberorum
1040 1055 1187 1093 eximia
1204 1053 1332 1093 virtus

47 1110 209 1149 tradidit
225 1111 412 1159 posteris.
443 1111 582 1149 Utrum
598 1110 726 1148 majus
742 1111 981 1150 beneficium
998 1110 1110 1149 dedit
1123 1110 1176 1149 M.
1186 1109 1332 1158 Agrip·
1352 1115 1374 1146 4

44 1176 124 1215 pae
149 1171 264 1215 pater
282 1177 332 1204 ne
351 1171 446 1215 post
464 1166 687 1215 Agrippam
709 1166 871 1215 quidem
890 1171 1031 1214 notus,
1062 1177 1114 1205 an
1134 1165 1236 1215 patri
1262 1165 1331 1204 de-

36 1222 103 1260 dit
130 1222 313 1271 Agrippa
340 1222 473 1260 navali
492 1232 643 1261 corona
663 1222 833 1270 insignis
854 1223 1016 1261 unicum
1036 1223 1208 1270 adeptus
1230 1221 1333 1259 inter

36 1278 153 1316 *dona
170 1278 354 1317 militaria
372 1278 526 1316 decus?
552 1278 619 1327 qui
638 1283 698 1317 tot
717 1279 755 1316 in
773 1278 873 1317 urbe
889 1278 1064 1317 maxima
1081 1288 1207 1326 opera
1222 1276 1330 1316 exci-

44 1333 161 1381 tavit,
191 1343 297 1383 quae
322 1338 363 1372 et
391 1334 564 1382 priorem
583 1333 917 1382 magnificentiam
937 1335 1146 1387 vincerent
1163 1337 1203 1371 et
1222 1334 1332 1372 nulla

35 1393 191 1436 <postea
207 1390 495 1428 vincerentur?
541 1390 679 1429 Utrum
700 1389 891 1428 Octavius
912 1391 1041 1428 maius
1061 1390 1186 1428 ullum
1209 1389 1330 1427 bene-
1352 1394 1372 1427 5

47 1444 185 1482 ficium·
201 1444 311 1484 dedit
330 1445 412 1484 filio
433 1456 482 1483 an
504 1445 607 1494 patri
627 1446 745 1484 divus
760 1447 990 1494 Augustus,
1017 1445 1202 1495 quamvis
1222 1445 1331 1483 illum

46 1499 188 1538 umbra
215 1499 396 1549 adoptivi
424 1501 548 1549 patris
571 1501 810 1540 abscondit?
851 1506 1040 1549 quantam
1062 1501 1241 1549 cepisset
1259 1510 1331 1539 vo-

47 1555 260 1603 luptatem,
290 1556 326 1594 si
345 1555 454 1594 illum
474 1562 568 1605 post
586 1557 784 1596 debellata
804 1567 914 1595 arma
934 1557 1068 1595 civilia
1083 1556 1253 1595 vidisset
1269 1566 1331 1595 se-

49 1620 169 1649 curae
197 1611 288 1658 paci
315 1611 612 1659 praesidentem
639 1623 720 1651 non
749 1613 1007 1660 adgnoscens
1035 1612 1186 1652 bonum
1214 1622 1332 1650 suum

37 1676 123 1704 ,nec
149 1666 247 1705 satis
276 1666 467 1714 credens,
499 1668 684 1716 quotiens
707 1668 959 1716 respexisset
979 1668 1032 1706 ad
1051 1679 1116 1715 se,
1147 1668 1332 1716 potuisse

46 1722 156 1760 illum
185 1720 311 1760 virum
332 1722 371 1759 in
395 1723 514 1761 domo
533 1733 609 1761 sua
628 1723 769 1761 nasci?
814 1724 916 1772 Quid
937 1734 1042 1763 nunc
1062 1729 1220 1763 ceteros
1241 1733 1331 1772 per-

48 1787 218 1826 sequar,
250 1781 353 1826 quos
376 1777 454 1816 iam
478 1779 799 1827 consumpsisset
819 1778 986 1827 oblivio,
1017 1779 1095 1818 nisi
1115 1780 1205 1818 illos
1229 1779 1330 1818 filio-

19 1867 25 1871 «
46 1844 133 1871 rum
162 1833 290 1880 gloria
309 1844 332 1872 e
351 1834 526 1872 tenebris
546 1834 718 1873 eruisset
735 1839 776 1872 ct
795 1835 927 1874 adhuc
947 1836 987 1874 in
1006 1836 1096 1874 luce
1115 1836 1331 1873 retineret?

39 1888 200 1927 ‘Deinde
220 1899 309 1928 cum
333 1900 572 1937 quaeramus
593 1900 671 1928 non
694 1891 785 1939 quis
800 1891 906 1929 filius
923 1891 1024 1940 patri
1040 1890 1194 1930 maiora
1208 1891 1328 1929 bene·
1349 1899 1371 1934 6

47 1944 138 1982 ficia
165 1945 386 1984 reddiderit
414 1956 533 1993 quam
560 1956 584 1984 a
611 1951 723 1994 patre
754 1952 986 1995 acceperat,
1023 1947 1097 1985 sed
1125 1957 1175 1985 an
1201 1947 1330 1995 possit

47 1998 191 2048 aliquis
211 2001 363 2039 maiora
381 2001 574 2040 reddere:
603 2002 758 2040 etiamsi
774 2013 879 2050 quae
894 2001 1012 2041 retuli
1027 2002 1213 2051 exempla
1228 2013 1327 2042 non·

47 2055 142 2094 dum
167 2056 417 2095 satisfaciunt
441 2067 517 2095 nec
543 2057 741 2096 beneficia
767 2063 976 2106 parentum
1000 2068 1165 2097 suorum
1186 2066 1339 2106 super:

47 2111 214 2158 iaciunt,
235 2112 342 2160 capit
360 2117 492 2151 tamen
515 2112 592 2152 hoc
612 2118 772 2161 natura,
794 2114 904 2162 quod
923 2113 1103 2152 nondum
1123 2114 1203 2152 ulla
1217 2118 1327 2154 aetas

47 2166 145 2206 tulit.
200 2166 243 2206 Si
279 2168 436 2216 singula
470 2174 726 2217 paternorum
759 2168 989 2208 meritorum
1015 2169 1327 2218 magnitudinem

49 2230 294 2271 exsuperare
313 2234 394 2262 non
412 2229 604 2273 possunt,
635 2224 751 2274 plura
781 2225 820 2262 in
847 2230 970 2264 unum
991 2230 1187 2274 congesta
1206 2235 1325 2274 supe-

48 2276 202 2316 rabunt.
258 2308 266 2315 ,
938 2295 940 2297 ’

130 2332 301 2374 XXXIII.
340 2334 525 2375 Servavit
552 2334 592 2374 in
618 2334 775 2385 proelio
807 2340 960 2385 patrem
989 2335 1125 2386 Scipio
1146 2342 1186 2377 et
1210 2348 1324 2386 prae·
1348 2343 1366 2376 1
