1592 2580
343 179 528 219 NATUR.
559 178 771 227 QUAEST.
801 179 895 217 LlB.
917 179 985 216 IV.
1016 184 1098 218 1.·2.
1281 177 1362 219 243

78 283 225 323 habeat
244 281 377 321 Sicilia
397 281 434 319 in
459 291 505 319 se
525 280 714 329 circaque
734 290 780 319 se
802 278 1014 326 mirabilia,
1047 289 1188 319 omnes
1207 280 1363 318 interim

80 338 309 389 provinciae
341 342 433 376 tuae
467 336 727 385 quaestiones
762 335 988 384 praeteribo
1022 340 1062 374 et
1088 335 1127 374 in
1158 335 1363 375 diversum

79 394 342 444 cogitationes
381 398 468 431 tuas
502 391 743 430 abstraham.
789 402 1027 440 quaeram
1061 392 1166 430 enim
1199 396 1363 430 tecum

78 451 147 498 id,
177 449 313 499 quod
341 448 612 496 superiore
643 447 778 486 libro
807 447 1007 486 distuli:
1046 447 1167 496 quid
1191 448 1260 486 ita
1282 447 1362 486 Ni-

78 506 155 545 lus
189 504 403 543 aestivis
437 503 707 542 mensibus
742 502 996 542 abundat?
1038 503 1103 542 cui
1136 503 1364 542 Danubium

78 561 216 600 similis
251 565 416 598 naturae
457 558 686 608 philosophi
719 559 986 607 tradiderunt,
1026 558 1137 606 quod
1170 563 1209 598 et
1243 558 1363 598 fontis

78 617 204 666 ignoti
223 622 263 655 et
281 620 434 654 aestate
457 625 576 664 quam
591 614 722 652 hieme
742 614 868 652 maior
888 614 960 654 sit:
999 620 1211 664 utrumque
1237 615 1360 664 adpa-
1382 617 1402 649 2

78 673 156 712 ruit
171 672 329 710 salsum.
359 682 449 709 nam
466 676 505 709 et
523 675 641 719 caput
661 669 748 708 eius
770 670 808 708 in
829 670 1041 709 Germania
1060 681 1156 709 esse
1178 671 1361 719 conperi-

78 738 167 767 mus
196 732 236 766 et
264 732 415 766 aestate
442 726 604 775 quidem
633 725 772 775 incipit
801 736 1004 773 crescere,
1036 726 1110 765 sed
1130 726 1261 766 adhuc
1281 737 1363 764 ma·

78 789 197 822 nente
227 784 328 822 intra
355 793 584 821 mensuram
611 792 724 820 suam
743 782 831 820 Nilo
861 782 998 830 primis
1026 782 1248 830 caloribus,
1273 792 1364 821 cum

79 841 140 879 sol
168 838 442 878 vehementior
468 838 569 876 intra
597 842 775 876 extrema
805 837 910 876 veris
930 837 1044 876 nives
1067 838 1235 885 emollit,
1261 849 1363 886 quas

79 900 170 934 ante
191 894 409 942 consumit,
429 904 548 943 quani
564 893 676 932 Nilus
693 893 960 932 intumescere
979 893 1162 942 incipiat:
1207 893 1363 942 reliquo

78 962 176 990 vero
207 949 371 989 aestatis
401 949 588 988 minuitur
614 953 654 988 et
672 949 724 988 ad
743 948 947 988 hibernam
967 949 1280 998 magnitudinem
1300 960 1362 988 re-

78 1006 136 1045 dit
154 1012 275 1055 atque
295 1016 346 1044 ex
367 1016 416 1044 ea
440 1005 656 1044 dimittitur.

158 1063 204 1100 ΙΙ.
233 1063 287 1100 At
305 1061 418 1100 Nilus
448 1066 540 1100 ante
569 1065 679 1100 ortus
701 1060 915 1100 Caniculae
943 1065 1110 1109 augetur
1131 1060 1276 1100 mediis
1297 1071 1362 1100 ae·
1386 1072 1403 1104 l

79 1116 208 1157 stibus
241 1117 344 1156 ultra
377 1117 685 1166 aequinoctium.
730 1115 837 1155 hunc
867 1116 1161 1156 nobilissimum
1189 1116 1363 1156 amnium

78 1178 219 1212 natura
237 1173 375 1212 extulit
395 1177 486 1211 ante
505 1172 667 1211 humani
682 1172 841 1220 generis
857 1172 1000 1212 oculos
1020 1177 1058 1211 et
1077 1173 1130 1212 ita
1150 1173 1362 1221 disposuit,

77 1235 121 1268 ut
147 1240 196 1268 eo
227 1234 407 1278 tempore
435 1227 648 1267 inundaret
673 1229 926 1278 Aegyptum,
963 1239 1045 1276 quo
1076 1229 1249 1267 maxime
1273 1233 1365 1266 usta

78 1284 304 1324 fervoribus
340 1290 447 1324 terra
480 1284 609 1322 undas
644 1284 761 1323 altius
796 1283 971 1322 traheret
1001 1288 1153 1323 tantum
1185 1285 1364 1323 hausura

78 1346 271 1390 quantum
303 1339 470 1379 siccitati
503 1350 661 1378 annuae
695 1339 886 1378 sufficere
920 1340 1064 1388 possit.
1116 1351 1209 1378 nam
1242 1340 1281 1377 in
1315 1350 1363 1377 ea

79 1402 210 1449 parte,
239 1407 342 1446 quae
376 1395 416 1434 in
435 1394 690 1444 Aethiopiam
717 1395 863 1443 vergit,
893 1399 961 1434 aut
986 1395 1081 1434 nulli
1101 1396 1249 1434 imbres
1271 1400 1364 1434 sunt

79 1457 145 1491 aut
177 1452 255 1490 rari
289 1456 328 1490 et
356 1451 424 1500 qui
455 1452 651 1490 insuetam
685 1451 802 1499 aquis
837 1450 1081 1489 coelestibus
1107 1457 1253 1490 terram
1282 1461 1361 1490 non

80 1508 280 1546 adiuvent.
323 1506 471 1554 Unam,
500 1510 544 1545 ut
572 1506 672 1553 scis,
703 1507 918 1556 Aegyptus
947 1507 987 1544 in
1009 1506 1087 1545 hoc
1107 1517 1222 1556 spem
1243 1507 1364 1546 habet
1383 1511 1405 1544 2

79 1573 214 1602 suam:
243 1562 414 1612 proinde
441 1566 509 1600 aut
535 1560 682 1600 sterilis
711 1572 841 1600 annus
869 1567 937 1601 aut
964 1561 1103 1601 fertilis
1131 1567 1211 1609 est,
1246 1567 1363 1611 prout
1391 1587 1396 1590 -

79 1618 145 1657 ille
164 1629 331 1668 magnus
351 1617 511 1657 influxit
531 1622 600 1656 aut
618 1618 789 1666 parcior.
819 1618 944 1656 Nemo
966 1622 1169 1657 aratorum
1189 1618 1364 1666 adspicit

80 1674 257 1713 coelum:
298 1684 422 1724 quare
442 1684 523 1712 non
545 1683 635 1712 cum
654 1677 775 1722 poeta
794 1683 884 1713 meo
905 1674 1018 1712 iocor
1038 1678 1077 1712 et
1096 1674 1151 1713 illi
1179 1673 1362 1713 Ovidium

80 1740 198 1769 suum
217 1730 410 1780 inpingo?
441 1729 508 1778 qui
528 1729 599 1768 ait:

373 1797 445 1824 nec
463 1786 598 1824 Pluvio
613 1786 808 1834 supplicat
826 1785 948 1824 herba
966 1785 1063 1825 Iovi.

77 1841 194 1881 Unde
210 1851 392 1880 crescere
408 1839 572 1889 incipiat
587 1841 621 1879 si
637 1840 910 1889 conprehendi
925 1847 1079 1890 posset,
1098 1852 1248 1881 causae
1263 1853 1360 1891 quo-
1381 1846 1403 1881 3

79 1907 158 1947 que
179 1896 700 1936 incrementiinvenirentur
717 1911 728 1932 ε
747 1907 854 1935 nunc
872 1907 970 1936 vero
994 1908 1160 1946 magnas
1180 1898 1360 1936 solitudi-

79 1963 151 1992 nes
179 1957 423 2002 pervagatus
449 1953 546 1990 etin
566 1952 737 2000 paludes
753 1951 949 2001 diffusus,
981 1953 1166 2002 gentibus
1190 1964 1360 2002 sparsus

80 2007 186 2047 circa
204 2008 335 2047 Philas
364 2008 532 2057 primum
552 2018 603 2046 ex
622 2019 727 2056 vago
749 2014 788 2047 et
807 2014 964 2047 errante
985 2009 1194 2057 colligitur.
1223 2008 1360 2048 Philae

80 2063 208 2103 insula
229 2069 292 2103 est
309 2074 457 2113 aspera
476 2069 516 2103 et
534 2063 715 2112 undique
734 2070 965 2113 praerupta.
995 2065 1155 2103 duobus
1177 2065 1215 2103 in
1237 2076 1359 2104 unum

82 2121 313 2159 coeuntibus
343 2119 526 2158 amnibus
554 2119 740 2168 cingitur,
776 2120 845 2168 qui
873 2120 960 2158 Nilo
988 2125 1188 2159 mutantur
1207 2125 1247 2159 et
1272 2120 1359 2160 eius

82 2185 225 2214 nomen
242 2177 384 2215 serunt.
413 2175 508 2214 urbs
526 2180 648 2214 totam
665 2175 940 2224 conplectitur.
967 2176 1031 2214 Ab
1050 2176 1126 2215 hac
1145 2176 1256 2215 Nilus
1277 2187 1356 2215 ma·
1376 2183 1398 2217 4

81 2239 183 2277 gnus
201 2232 328 2280 magis
349 2242 469 2280 quam
496 2231 714 2279 violentus,
754 2241 946 2280 egressus
964 2231 1239 2281 Aethiopiam,
1273 2244 1357 2272 are-

82 2289 286 2335 nas[que],
321 2298 392 2336 per
428 2298 530 2336 quas
558 2287 610 2325 ad
631 2287 868 2326 commercia
888 2287 1012 2326 Indici
1041 2288 1163 2326 maris
1187 2288 1260 2328 iter
1283 2295 1356 2336 est,

84 2341 333 2388 praelabitur.
371 2343 576 2392 excipiunt
603 2348 733 2382 autem
765 2343 1013 2392 Cataractae,
1041 2344 1184 2383 nobilis
1214 2345 1357 2393 insigni

1068 2402 1137 2440 16*
