1592 2580
267 167 344 209 168
642 168 683 205 L.
714 167 899 206 ANNAEI
929 167 1154 206 SENECAE

266 269 407 307 eodem
444 267 654 317 conchylio
691 278 769 305 non
808 267 844 305 in
879 277 1000 306 unum
1032 268 1190 306 modum
1224 268 1316 307 exit.
1362 268 1524 307 interest

268 322 455 371 quamdiu
477 326 673 360 macerata
693 322 760 370 sit,
790 323 964 360 crassius
985 322 1309 361 medicamentum
1329 333 1377 360 an
1402 334 1521 371 aqua-

213 377 341 416 letius
361 377 540 423 traxerit,
563 377 724 425 saepius
740 386 871 414 mersa
889 376 939 414 sit
954 381 992 415 et
1004 382 1170 427 excocta
1184 387 1231 414 an
1249 378 1368 415 semel
1384 378 1522 415 tincta:

267 442 345 469 non
369 436 430 469 est
450 441 544 479 ergo
566 432 724 477 mirum,
749 431 801 476 si,
824 440 911 469 cum
928 431 1030 470 duae
1048 441 1113 468 res
1134 431 1228 478 sint,
1249 433 1364 470 solet
1383 432 1522 477 nubes,

268 487 304 523 id
331 493 392 524 est
419 495 564 533 corpus
595 491 632 523 et
659 485 888 533 speculum,
925 490 1004 523 tam
1031 483 1149 523 multa
1175 495 1319 533 genera
1346 487 1522 524 colorum

267 540 559 588 exprimuntur,
597 549 714 590 quam
740 539 871 578 multis
898 539 1107 588 generibus
1136 545 1304 587 possunt
1330 540 1404 578 ista
1430 540 1521 577 inci-

266 595 339 633 tari
373 599 439 633 aut
471 595 786 642 relanguescere.
833 593 933 633 alius
969 599 1029 632 est
1062 594 1164 642 enim
1193 594 1303 632 color
1329 604 1379 632 ex
1405 594 1523 642 igneo

214 649 428 695 141umine,
460 649 559 687 alius
588 659 638 687 ex
659 649 830 687 obtunso
852 654 890 687 et
907 648 1071 687 leniore.
1116 648 1158 686 In
1181 649 1403 703 aliis'rebus
1424 659 1524 695 vaga

267 703 467 752 inquisitio
485 707 563 750 est,
592 703 660 742 ubi
675 714 753 742 non
774 703 983 751 habemus,
1013 703 1121 751 quod
1142 713 1258 741 manu
1275 707 1410 740 tenere
1431 713 1522 751 pos-

267 768 404 796 sumus
433 763 471 796 et
494 758 568 796 late
596 758 819 796 coniectura
843 757 1029 796 mittenda
1051 762 1129 796 est:
1159 757 1220 795 hic
1241 757 1404 806 adparet
1425 757 1523 796 duas

267 823 411 850 causas
439 822 533 850 esse
557 822 697 860 arcus,
729 812 855 850 solem
879 812 1122 861 nubemque,
1161 812 1252 861 quia
1279 822 1353 850 nec
1381 821 1523 850 sereno

266 877 452 915 umquam
478 866 522 905 fit
541 877 614 905 nec
634 867 766 906 nubilo
789 867 859 914 ita,
890 871 932 905 ut
956 867 1017 906 sol
1033 868 1169 905 lateat.
1205 876 1299 914 ergo
1321 867 1455 916 utique
1475 876 1524 904 ex

265 921 326 959 his
344 926 424 967 est,
456 931 623 969 quorum
642 922 728 960 sine
747 922 869 960 altero
890 932 968 960 non
990 927 1062 960 est.
1094 919 1097 922 ’

233 1012 247 1043 1
346 1002 412 1040 lv.
441 1002 673 1042 Etiamnunc
690 1003 784 1042 illud
805 1002 975 1050 accedit,
1006 1003 1111 1051 quod
1133 1012 1266 1052 aeque.
1279 1001 1525 1041 manifestum

267 1062 346 1103 est,
375 1058 527 1106 speculi
546 1058 695 1096 ratione
717 1058 926 1106 imaginem
945 1057 1074 1103 reddi,
1098 1057 1199 1106 =quia
1218 1067 1431 1107 numquam
1451 1056 1526 1094 nisi

268 1123 289 1150 e
318 1113 514 1150 contrario
541 1111 737 1160 redditur,
766 1113 806 1150 id
831 1117 909 1158 est,
942 1109 1016 1151 nisi
1044 1123 1091 1150 ex
1111 1111 1249 1161 ‘altera'
1271 1116 1382 1160 parte
1410 1110 1525 1157 stetit,

269 1165 377 1214 quod
396 1166 579 1214 adparet,
609 1176 659 1204 ex
678 1168 817 1214 altera,
835 1167 948 1215 *quod
967 1163 1150 1205 ostendit.
1193 1166 1401 1211 Rationes,
1424 1175 1525 1214 quae

267 1231 346 1259 non
370 1221 610 1269 persuadent
629 1221 701 1259 sed
722 1225 885 1268 cogunt,
915 1231 939 1258 a
958 1221 1169 1269 geometris
1189 1221 1429 1266 adferuntur,
1452 1229 1525 1257 nec

268 1275 429 1313 dubium
457 1275 638 1322 cuiquam
668 1274 920 1323 relinquitur,
949 1276 1040 1323 quin
1068 1285 1182 1314 arcus
1209 1274 1338 1322 imago
1359 1273 1456 1312 solis
1478 1273 1528 1312 sit

267 1330 368 1367 male
390 1331 571 1377 expressi
594 1329 644 1368 ob
665 1330 795 1367 vitium
816 1329 1061 1378 figuramque
1082 1328 1252 1378 speculi:
1280 1340 1355 1369 nos
1375 1327 1526 1367 interim

269 1389 502 1432 temptemus
531 1385 627 1421 alias
658 1383 939 1432 probationes,
973 1395 1076 1433 quae
1104 1384 1154 1422 de
1182 1384 1298 1432 plano
1330 1383 1407 1431 legi
1432 1393 1526 1431 pos—

230 1445 250 1477 2
268 1443 369 1477 sunt.
414 1438 518 1476 Inter
545 1444 773 1486 argumenta
794 1438 852 1477 sic
881 1439 1079 1487 nascentis
1111 1448 1228 1477 arcus
1257 1449 1383 1486 pono,
1418 1437 1526 1485 quod

268 1493 470 1531 celerrime
499 1494 684 1541 nascitur.
721 1494 860 1541 ingens
887 1493 988 1531 enim
1013 1494 1242 1545 variumque
1263 1503 1408 1542 corpus
1429 1492 1528 1529 intra

268 1552 503 1585 momentum
533 1547 752 1586 subtexitur
779 1548 891 1586 coelo
921 1553 961 1590 et,
987 1558 1113 1596 aeque
1138 1548 1315 1587 celeriter
1337 1544 1525 1585 aboletur.

269 1602 363 1639 nihil
381 1607 512 1639 autem
533 1606 608 1640 tani
632 1603 707 1640 cito
727 1602 902 1640 redditur
918 1613 1035 1650 quam
1054 1613 1077 1640 a
1097 1603 1261 1650 speculo
1276 1602 1416 1649 imago.
1446 1611 1525 1639 non

232 1663 253 1697 3
269 1656 371 1694 enim
400 1655 491 1694 facit
510 1657 742 1704 quicquam,
772 1656 845 1695 sed
865 1656 1048 1705 ostendit.
1095 1656 1285 1695 Parianus
1305 1655 1524 1702 Artemido-

267 1721 336 1749 rus
365 1711 483 1748 adicit
510 1710 645 1758 etiam,
675 1712 792 1759 quale
820 1721 946 1760 genus
973 1710 1089 1750 nubis
1117 1721 1208 1749 esse
1229 1711 1387 1757 debeat,
1419 1709 1526 1758 quod

266 1766 385 1803 talem
411 1765 507 1803 solis
536 1765 742 1813 imaginem
763 1761 906 1804 reddit.
952 1765 1022 1813 „Si
1043 1767 1266 1814 speculum,
1294 1763 1440 1813 inquit,
1471 1765 1525 1802 fe-

268 1819 371 1858 ceris
392 1829 630 1867 concavum,
662 1820 768 1868 quod
790 1820 840 1858 sit
862 1825 994 1859 sectae
1015 1819 1118 1868 pilae
1134 1831 1246 1868 pars,
1276 1820 1310 1858 si
1325 1824 1434 1858 extra
1448 1829 1525 1856 me-

269 1874 375 1912 dium
404 1873 646 1920 constiteris,
686 1874 924 1923 quicumque
951 1873 1060 1913 iuxta
1085 1880 1123 1914 te
1151 1875 1344 1921 steterint,
1380 1872 1527 1912 inversi

231 1931 253 1965 4
270 1929 336 1967 tibi
354 1928 589 1967 videbuntur
603 1933 642 1967 et
657 1928 867 1977 propiores
882 1940 905 1967 a
918 1934 957 1968 te
973 1939 1089 1978 quam
1106 1940 1128 1967 a
1145 1930 1348 1978 speculo.“
1381 1928 1526 1976 „Idem,

270 1983 414 2031 inquit,
442 1983 590 2031 evenit,
620 1994 708 2022 cum
733 1984 941 2022 rotundam
960 1989 998 2022 et
1018 1994 1153 2022 cavam
1173 1983 1314 2022 nubem
1334 1982 1528 2023 intuemur

270 2049 293 2076 a
313 2037 452 2084 latere,
482 2043 524 2077 ut
542 2038 638 2076 solis
658 2037 787 2085 imago
808 2048 831 2076 a
850 2039 954 2076 nube
968 2039 1183 2077 descendat
1199 2037 1441 2087 propiorque
1457 2047 1525 2075 no-

269 2091 330 2129 bis
357 2093 409 2130 sit
428 2098 465 2132 et
484 2092 522 2130 in
542 2103 616 2131 nos
637 2092 762 2140 magis
783 2102 988 2132 conversa.
1036 2092 1152 2132 Color
1170 2093 1223 2131 illi
1243 2092 1380 2140 igneus
1400 2103 1424 2129 a
1443 2091 1527 2130 sole

269 2151 350 2193 est,
380 2147 584 2185 caeruleus
605 2157 629 2185 a
648 2147 771 2194 nube,
802 2147 920 2185 ceteri
939 2147 1142 2197 utriusque
1161 2146 1391 2186 mixturae.“

233 2234 252 2266 1
350 2228 399 2267 V.
429 2227 573 2266 Contra
591 2227 690 2266 haec
710 2227 776 2266 illa
794 2227 988 2267 dicuntur.
1032 2229 1115 2276 „De
1132 2228 1308 2277 speculis
1324 2228 1426 2266 duae
1441 2227 1525 2275 opi-

273 2282 412 2321 niones
441 2288 550 2321 sunt:
586 2283 651 2321 alii
670 2282 774 2321 enim
796 2283 834 2321 in
852 2282 930 2322 illis
951 2283 1158 2322 simulacra
1178 2282 1284 2322 cerni
1305 2287 1457 2331 putant,
1485 2280 1526 2318 id
