1592 2580
270 163 324 203 60
631 164 674 202 L.
699 165 817 204 ΑΝΝ
810 165 888 204 &El
913 166 1140 207 SENECAE

271 264 407 302 invitet
434 274 508 302 nee
535 263 752 304 absterreat
777 266 921 305 damno
950 267 1131 317 adeoque
1158 270 1351 309 neminem
1380 281 1454 320 spe
1480 283 1527 310 ac

270 319 551 381 pollicitatione
572 326 816 368 corrumpat,
837 326 879 360 ut
898 327 1034 360 contra
1048 322 1290 372 inpendere
1280 337 1318 362 in
1336 337 1380 364 se
1395 327 1528 366 iubeat

270 379 309 411 et
330 374 492 422 saepius
514 374 551 412 in
572 375 674 414 ultro
696 376 849 414 tributis
870 376 948 415 sit?
982 377 1146 417 Calcatis
1167 379 1393 419 utilitatibus
1414 382 1463 419 ad
1483 383 1527 420 il-

270 430 346 466 lam
366 429 538 467 eundum
557 435 636 475 est,
668 440 920 479 quocumque
938 432 1111 479 vocavit,
1140 444 1391 482 quocumque
1409 436 1526 482 misit,

269 483 355 520 sine
373 489 560 531 respectu
577 484 635 522 rei
651 485 863 537 familiaris.
905 486 1099 525 interdum
1113 488 1226 526 etiam
1243 490 1329 527 sine
1343 490 1422 528 ulla
1436 501 1526 528 san-

268 538 398 585 guinis
427 539 488 576 sui
517 539 760 587 parsimonia
778 540 1003 579 vadendum
1023 551 1097 580 nec
1115 553 1301 591 umquam
1319 544 1527 593 imperium

229 597 252 631 3
269 593 353 631 eius
389 593 699 632 detractandum.
758 594 887 642 „Quid
919 606 1162 645 consequar,
1199 597 1342 646 inquit,
1382 599 1417 638 si
1449 600 1526 638 hoc

268 647 436 694 fortiter,
466 649 500 686 si
528 649 604 686 hoc
626 654 736 697 grate
763 650 954 689 feeero2“
989 650 1112 698 Quod
1138 653 1300 691 feceris:
1337 654 1433 692 nihil
1458 654 1525 693 tibi

267 707 379 740 extra
398 703 642 750 promittitur.
690 704 723 742 si
743 704 839 752 quid
860 705 960 743 forte
980 706 1184 744 obvenerit
1199 708 1406 755 commodi,
1426 709 1526 747 inter

267 757 523 796 accessiones
556 758 795 796 numerabis.
845 769 976 798 rerum
1005 760 1259 799 honestarum
1289 762 1456 809 pretium
1484 765 1524 802 in

266 811 365 859 ipsis
393 817 465 850 est.
515 811 556 850 Si
585 813 794 851 honestum
823 824 893 861 per
919 825 964 852 se
985 816 1251 863 expetendum
1270 822 1349 864 est,
1378 818 1524 857 benefi—

266 866 368 904 cium
396 871 525 904 autem
552 866 762 906 honestum
782 873 860 916 est,
888 879 965 907 non
989 875 1119 917 potest
1138 871 1214 909 alia
1233 870 1318 910 eius
1338 873 1523 911 condicio

265 931 375 967 esse,
410 932 499 959 cum
519 922 656 960 eadem
680 927 819 961 natura
839 923 901 962 sit.
948 924 1023 962 Per
1042 935 1086 962 se
1107 930 1236 964 autem
1259 928 1524 975 expetendum

265 985 357 1014 esse
376 976 585 1014 honestum
605 987 728 1025 saepe
748 983 786 1016 et
808 977 964 1016 abunde
984 979 1189 1027 probatum
1210 985 1282 1019 est.

228 1038 246 1070 1
343 1030 390 1067 ΙΙ.
429 1031 481 1068 In
517 1031 607 1069 hac
635 1037 778 1079 parte
806 1033 950 1071 nobis
982 1044 1146 1082 pugna
1173 1040 1251 1073 est
1279 1046 1384 1073 cum
1409 1035 1522 1084 Epi—

264 1094 524 1123 cureorum
563 1086 783 1125 delicata
813 1092 861 1125 et
887 1088 1164 1128 umbratica
1189 1090 1334 1128 turba
1361 1091 1400 1128 in
1429 1101 1522 1130 con-

262 1139 371 1176 vivio
400 1149 473 1177 suo
504 1139 877 1188 philosophantium.
923 1144 1053 1191 apud
1082 1154 1206 1191 quos
1242 1145 1405 1183 virtus
1434 1157 1520 1184 vo-

264 1194 508 1240 luptatum
545 1194 774 1233 ministra
807 1201 903 1234 est=
948 1196 1024 1235 illis
1053 1203 1186 1245 paret,
1226 1198 1301 1237 illis
1335 1200 1518 1246 deservit,

226 1255 247 1288 2
262 1247 347 1286 illas
370 1259 490 1296 supra
509 1259 553 1286 se
574 1249 692 1287 videt.
739 1249 850 1296 „Non
871 1255 950 1298 est,
971 1251 1119 1300 inquis,
1144 1253 1325 1300 voluptas
1343 1253 1428 1291 sine
1443 1255 1519 1292 vir-

261 1306 382 1341 tute.“
433 1302 515 1341 Sed
543 1313 667 1351 quare
696 1308 786 1342 ante
811 1305 989 1343 virtutem
1017 1311 1105 1344 est?
1146 1307 1204 1345 De
1232 1308 1371 1346 ordine
1402 1314 1518 1356 putas

261 1357 565 1405 disputationem
586 1362 707 1396 esse?
735 1359 785 1396 de
804 1369 848 1396 re
870 1364 950 1398 tota
965 1365 1003 1398 et
1019 1360 1068 1398 de
1085 1366 1280 1409 potestate
1297 1363 1381 1400 elus
1397 1363 1517 1401 ambi-

259 1412 373 1459 gitur.
423 1423 503 1450 non
539 1417 600 1451 est
633 1412 777 1460 virtuS,
815 1413 849 1452 si
876 1415 990 1463 sequi
1018 1420 1160 1463 potest.
1207 1416 1358 1464 primae
1385 1423 1518 1465 partes

261 1466 346 1504 eius
374 1472 484 1505 sunt:
524 1467 670 1505 ducere
699 1468 834 1515 debet,
860 1469 1073 1518 imperare,
1105 1481 1257 1510 summo
1283 1472 1372 1510 loco
1393 1477 1516 1510 stare:

221 1524 299 1559 3tu
318 1521 422 1559 illam
441 1521 553 1560 iubes
574 1521 729 1569 signum
749 1528 897 1570 petere.
943 1524 1089 1571 „Quid‚
1118 1524 1262 1574 inquit,
1284 1530 1351 1564 tua
1369 1528 1516 1565 refert?

259 1580 296 1614 et
322 1586 397 1623 ego
426 1576 511 1614 sine
539 1577 682 1614 virtute
709 1587 810 1624 nego
840 1578 994 1616 beatam
1020 1578 1140 1618 vitam
1169 1590 1290 1628 posse
1318 1586 1514 1634 constare.

257 1631 387 1678 Ipsam
407 1632 647 1679 voluptatem
670 1642 788 1679 quam
808 1634 1069 1681 sequ01‚cui
1088 1645 1150 1672 me
1170 1628 1433 1683 mancipavi,
1453 1647 1514 1674 re·

256 1691 363 1723 mota
394 1685 459 1723 illa
491 1686 658 1733 inprobo
688 1690 725 1723 et
753 1686 911 1725 damno.
915 1691 937 1708 ‘⁴
982 1689 1038 1726 De
1072 1689 1148 1727 hoc
1174 1700 1253 1728 uno
1280 1690 1513 1738 disputatur,

256 1745 384 1778 utrum
413 1741 536 1778 virtus
565 1741 706 1779 summi
727 1740 823 1779 boni
844 1752 966 1784 eausa
985 1743 1035 1780 sit
1055 1754 1103 1780 an
1124 1744 1212 1792 ipsa
1230 1755 1422 1783 summum
1443 1745 1513 1784 bo-

256 1805 361 1832 num.
406 1795 458 1834 Ut
475 1795 551 1833 hoc
572 1806 691 1833 unum
712 1801 942 1844 quaeratur,
973 1797 1123 1836 ordinis
1144 1803 1290 1837 tantum
1310 1800 1512 1838 existimas

257 1850 537 1888 mutationem?
565 1850 641 1888 ista
659 1860 754 1889 vero
776 1851 958 1890 confusio
980 1857 1041 1890 est
1059 1857 1099 1890 et
1116 1853 1322 1892 manifesta
1341 1854 1510 1892 caecitas

219 1906 241 1938 4
258 1904 391 1951 primis
409 1908 609 1952 postrema
626 1905 838 1953 praeferre.
881 1906 966 1944 Non
983 1906 1183 1954 indignor,
1198 1908 1317 1955 —quod
1335 1913 1425 1955 post
1442 1919 1510 1947 vo·

256 1959 440 2006 luptatem
463 1958 620 2006 ponitur
637 1959 781 2006 virtus,
808 1960 882 1998 sed
902 1961 1010 2009 quod
1030 1962 1186 1999 omnino
1207 1972 1293 1999 cum
1309 1963 1509 2010 voluptate

257 2015 478 2051 conferatur
497 2014 757 2062 contemptrix
777 2014 862 2053 eius
882 2019 919 2053 et
939 2015 1065 2054 hostis
1086 2021 1124 2054 et
1137 2015 1366 2064 longissime
1379 2017 1428 2055 ab
1443 2018 1509 2055 illa

255 2068 456 2114 resiliens,
477 2069 602 2106 labori
622 2079 669 2106 ac
689 2068 816 2107 dolori
836 2070 1079 2118 familiarior,
1101 2070 1274 2108 virilibus
1294 2071 1506 2110 incommo-

257 2121 338 2167 dis,
369 2133 485 2170 quam
505 2122 571 2160 isti
590 2123 813 2162 effeminato
832 2124 953 2163 bono.

219 2183 238 2215 1
334 2176 397 2213 ΙΙΙ.
433 2177 648 2215 Inserenda
667 2178 785 2225 haec,
815 2179 867 2216 mi
887 2178 1096 2224 Liberalis,
1124 2179 1298 2226 fuerunt,
1330 2180 1421 2228 quia
1439 2181 1506 2221 be-

255 2230 455 2277 neficium,
493 2232 544 2270 de
573 2243 650 2279 quo
679 2243 784 2270 nunc
813 2234 958 2281 agitur,
997 2233 1090 2270 dare
1118 2233 1268 2272 virtutis
1289 2239 1350 2272 est
1368 2240 1406 2273 et
1427 2240 1505 2274 tur-

254 2284 460 2334 pissimum
481 2286 521 2324 id
535 2297 656 2325 causa
670 2287 788 2327 ullius
803 2287 963 2327 alterius
978 2287 1034 2325 rei
1049 2287 1163 2335 dare,
1186 2299 1302 2336 quam
1315 2294 1358 2329 ut
1373 2290 1505 2328 datum
