1624 2626
312 176 390 216 160
468 195 471 197 >
550 175 592 213 L.
622 173 811 213 ANNAEI
837 173 1061 214 SENECAE
1089 174 1219 215 DiAL.
1245 176 1328 214 VlI.

309 286 370 313 am
396 284 540 312 meam:
577 273 697 312 nihilo
724 272 905 311 miserius
935 283 1023 322 ero,
1051 273 1083 312 si
1115 274 1224 312 lassa
1248 273 1382 312 cervix
1406 284 1493 313 mea
1517 275 1556 312 in

308 330 506 377 manipulo
526 328 631 366 foeni
657 328 903 376 adquiescet,
937 328 971 366 si
997 338 1118 378 super
1138 329 1327 367 Circense
1346 333 1557 368 tomentum

308 394 379 432 per
398 387 570 422 sarturas
595 383 736 421 veteris
763 382 868 420 lintei
895 381 1060 421 effluens
1088 383 1296 421 incubabo.
1338 382 1437 430 Quid
1462 395 1556 431 ergo

307 443 395 476 cst?
413 439 528 482 malo,
561 438 655 484 quid
674 437 766 474 mihi
785 435 901 474 ammi
921 435 980 484 sit,
1006 438 1213 475 ostendere
1233 441 1497 485 praetextatus
1520 443 1558 475 et

269 505 290 538 3
309 496 550 540 gausapatus
573 501 690 539 quam
716 491 831 529 nudis
863 491 1036 539 scapulis
1065 496 1130 529 aut
1161 494 1373 531 semitectis.
1412 491 1556 529 Omnes

308 547 400 584 mihi
419 556 469 584 ex
485 551 579 584 voto
618 547 702 583 dies
723 545 875 583 cedant.
913 555 1040 584 novae
1059 546 1338 593 gratulationes
1360 546 1556 594 prioribus

306 601 582 640 subtexantur:
611 611 691 638 non
718 600 768 638 ob
788 600 863 638 hoc
882 599 974 637 mihi
1003 601 1179 648 placebo.
1214 600 1321 639 Muta
1346 601 1384 638 in
1406 605 1556 638 contra-

304 656 404 694 rium
423 655 525 692 hanc
545 653 824 702 indulgentiam
850 655 1050 702 temporis,
1075 655 1166 692 hinc
1189 654 1293 693 illinc
1320 655 1558 703 percutiatur

305 709 457 748 animus
475 710 630 757 damno,
651 710 767 755 luctu,
787 708 1076 747 incursionibus
1091 709 1222 755 variis,
1242 709 1347 747 nulla
1360 709 1458 747 hora
1472 709 1558 747 sine

305 765 435 812 aliqua
464 765 623 812 querela
649 764 718 801 sit:
754 774 832 801 non
859 762 949 801 ideo
976 773 1038 801 me
1067 763 1193 802 dicam
1217 764 1317 802 inter
1342 763 1558 801 miserrima

305 818 502 863 miserum,
526 828 604 856 non
624 818 714 856 ideo
734 818 903 866 aliquem
931 819 1171 856 exsecrabor
1202 817 1315 856 diem.
1355 817 1557 866 provisum

306 877 366 911 cst
384 873 485 910 enim
505 883 528 910 a
546 882 619 919 me,
647 882 698 909 ne
717 871 805 920 quis
832 871 925 910 mihi
949 877 1032 909 ater
1059 873 1143 911 dies
1172 878 1289 911 esset.
1335 871 1435 920 Quid
1463 882 1556 920 ergo

305 931 392 965 est?
427 927 530 965 malo
559 926 702 974 gaudia
719 931 949 974 temperare,
971 935 1088 974 quam·
1115 927 1274 966 dolores
1303 934 1556 975 conpescere.

265 989 287 1023 4
304 982 389 1019 Hoc
416 980 486 1019 tibi
513 981 577 1019 ille
599 980 783 1018 Socrates
807 981 928 1018 dicet:
965 981 1028 1018 sac
1053 991 1115 1019 me
1140 981 1328 1020 victorem
1354 981 1555 1019 un1versa-

304 1046 390 1074 rum
417 1035 601 1083 gentium.
636 1034 827 1072 delicatus
854 1034 918 1071 ille
935 1033 1063 1073 Liberi
1091 1044 1228 1075 currus
1255 1035 1555 1084 triumphantem

304 1099 434 1138 usque
454 1090 504 1127 ad
521 1087 674 1126 Thebas
696 1099 720 1126 a
738 1089 834 1127 solis
857 1093 944 1126 ortu
967 1089 1097 1127 vehat.
1125 1090 1210 1128 iura
1227 1101 1342 1137 reges
1357 1090 1556 1138 penatium

305 1148 455 1193 petant:
485 1153 546 1180 me
569 1143 766 1180 hominem
794 1153 885 1181 esse
912 1143 1081 1180 maxime
1108 1144 1310 1191 cogitabo,
1339 1155 1426 1182 cum
1457 1144 1555 1181 deus

304 1198 479 1246 undique
509 1198 798 1235 consalutabor.
859 1197 959 1235 Huic
985 1202 1061 1235 tarn
1090 1197 1245 1235 sublimi
1281 1198 1434 1245 fastigio
1465 1207 1556 1235 con-

305 1254 423 1300 iunge
451 1252 629 1300 protinus
657 1251 909 1300 praecipitem
936 1251 1197 1290 mutationem.
1235 1251 1274 1289 in
1303 1252 1472 1290 alienum
1499 1252 1554 1288 in-

306 1317 433 1355 ponat·
465 1305 668 1344 fericulum
707 1309 967 1344 exornaturus
1000 1306 1162 1344 victoris
1202 1305 1362 1354 superbi
1399 1316 1446 1343 ac
1484 1306 1555 1343 seri

305 1371 511 1409 pompam:
540 1371 618 1398 non
644 1360 825 1398 humilior
854 1360 927 1398 sub
952 1360 1079 1398 alieno
1109 1371 1226 1399 curru
1252 1371 1346 1407 agar
1373 1371 1488 1408 quam
1517 1359 1556 1397 in

304 1426 392 1455 meo
412 1420 606 1453 steteram.
646 1414 746 1462 Quid
765 1424 859 1462 ergo
883 1419 970 1452 est?
993 1414 1149 1452 vincere
1171 1419 1295 1452 tamen
1326 1424 1443 1462 quam
1469 1414 1556 1462 capi

266 1476 286 1508 5
306 1471 420 1508 malo.
466 1469 602 1507 Totum
623 1469 802 1508 fortunae
820 1479 982 1516 regnum
1003 1468 1230 1516 despiciam,
1260 1469 1331 1506 sed
1351 1479 1402 1506 ex
1419 1467 1500 1515 illo,
1522 1468 1555 1506 si

306 1525 460 1562 dabitur
478 1523 628 1570 electio,
658 1522 819 1561 meliora
849 1533 1011 1561 sumam.
1051 1523 1243 1571 Quicquid
1271 1523 1322 1561 ad
1346 1533 1409 1560 me
1436 1532 1555 1560 vene-

304 1579 363 1626 rit,
383 1579 529 1616 bonum
548 1578 625 1625 fiet,
652 1578 724 1615 sed
743 1578 844 1616 malo
868 1577 1043 1616 faciliora
1078 1588 1124 1615 ac
1144 1577 1375 1616 iucundiora
1400 1577 1557 1615 veniant

305 1639 344 1671 et
361 1634 489 1670 minus
519 1636 707 1670 vexatura
728 1636 968 1671 tractantem.
1006 1642 1084 1669 non
1113 1636 1173 1670 est
1198 1633 1311 1678 enim,
1340 1631 1447 1680 quod
1474 1631 1553 1669 exi—

306 1687 439 1726 stimes
460 1687 576 1724 ullam
596 1696 687 1724 esse
710 1686 795 1724 sine
818 1687 951 1724 labore
970 1685 1161 1734 virtutem,
1183 1687 1254 1725 sed
1271 1686 1460 1733 quaedam
1479 1686 1553 1723 vir-

267 1748 407 1783 otutes
436 1741 622 1788 stimulis,
657 1741 852 1791 quaedam
885 1741 1006 1779 frenis
1043 1745 1169 1788 egent.
1221 1739 1555 1788 Quemadmodum

306 1806 451 1845 corpus
471 1795 509 1833 in
529 1795 695 1843 proclivi
722 1795 878 1834 retineri
899 1795 1024 1840 debet,
1047 1795 1238 1833 adversus
1259 1794 1383 1832 ardua
1408 1794 1554 1841 inpelli,

305 1853 357 1889 ita
389 1850 582 1899 quaedam
607 1850 766 1888 virtutes
793 1849 832 1887 in
860 1849 1025 1911 proclivi
1055 1854 1162 1896 sunt,
1184 1849 1386 1896 quaedam
1412 1848 1554 1886 clivum

307 1905 484 1943 subeunt.
523 1915 571 1942 an
593 1903 752 1942 dubium
775 1904 835 1952 sit,
865 1905 956 1952 quin
977 1904 1175 1951 escendat,
1201 1903 1359 1950 nitatur,
1381 1902 1553 1941 oblucte-

308 1967 367 1998 tur
387 1959 583 2007 patientia‚
606 1958 802 2004 fortitudo,
824 1958 1118 2013 perseverantia
1132 1933 1175 1995 et,
1188 1965 1460 2005 quaecumque
1479 1956 1554 1993 alia

267 2019 285 2053 7
306 2014 414 2052 duris
437 2014 621 2062 opposita
639 2013 761 2051 virtus
781 2018 894 2051 estet
912 2006 1102 2052 fortun'am
1124 2011 1293 2059 subigit?
1312 2011 1410 2058 Quid
1430 2019 1548 2057 ergo.
1534 2015 1553 2037 ’ἐ

307 2079 384 2106 non
401 2077 526 2116 aeque
552 2067 799 2106 manifestum
819 2071 879 2105 est
899 2068 969 2116 per
988 2068 1180 2116 devexum
1199 2064 1256 2103 ire
1273 2064 1552 2110 liberalitatem,

304 2123 617 2169 temperantiam,
644 2122 1009 2160 mansuetudinem?
1041 2110 1095 2158 In
1111 2119 1171 2158 his
1199 2117 1442 2157 continemus
1472 2117 1550 2155 ani-

306 2187 421 2222 mum,
454 2186 504 2213 ne
532 2177 775 2224 prolabatur,
809 2176 847 2214 in
873 2175 953 2214 illis
975 2174 1223 2224 exhortamur
1248 2173 1550 2220 incitamusque·

307 2229 515 2269 acerrimas
549 2241 641 2278 ergo
671 2231 888 2279 paupertati
914 2219 1201 2275 adhibebimus,
1233 2228 1331 2266 illas
1349 2237 1451 2276 quae
1480 2237 1549 2274 pu-

308 2294 426 2333 gnare
452 2284 598 2333 sciunt,
626 2286 819 2325 fortiores.
864 2284 1005 2324 divitiis
1032 2282 1118 2322 illas
1145 2282 1420 2330 diligentiores,
1450 2291 1550 2330 quae
