1592 2580
306 121 373 160 DE
400 119 680 182 BENEFIQIIS
708 119 802 160 LlB.
819 120 869 158 V.
897 124 1071 159 10—12.
1228 136 1230 138 ’
1259 85 1332 158 ⁴95

50 227 171 264 immo
190 223 280 273 quis
301 233 381 262 non
401 223 578 271 ingratus
600 221 691 270 fuit,
714 226 758 261 ut
776 221 854 261 hoc
868 222 1046 266 faceret?
1081 220 1150 270 „Si
1169 219 1332 271 gratias,
1348 232 1370 264 2

49 280 195 330 inquit,
220 279 337 318 nobis
354 288 474 327 agere
489 278 704 327 debemus,
723 283 763 317 et
775 278 939 326 gratiam
955 278 1108 316 referre
1124 278 1334 317 debemus.

0 378 1 383 ,
50 337 218 376 dicimus
247 340 398 374 autem:
436 344 513 382 ago
543 334 692 382 gratias
726 333 840 382 mihi,
878 333 990 395 quod
1022 334 1130 372 illam
1158 343 1335 382 ,uxorem

49 391 158 431 nolui
185 391 333 430 ducere
360 395 400 429 et
428 390 540 439 quod
559 400 649 428 cum
668 390 735 429 illo
755 399 838 442 uon
859 389 1041 429 contraxi
1061 389 1334 440 societapmf‘

50 448 146 486 Cum
173 446 251 486 hoc
277 445 468 493 dicimus,
499 446 709 485 laudamus
736 446 813 485 nos
833 449 892 492 et,
921 451 967 485 ut
984 446 1133 484 sactum
1153 450 1334 485 nostrum

50 503 366 552 conprobemus,
397 502 544 550 gratias
573 501 774 550 agentium
793 501 929 540 verbis
948 501 1161 540 abutimur.
1207 501 1335 540 Bene·
1351 506 1374 540 3

49 559 183 598 ficium
202 563 283 605 est,
305 558 415 606 quod
436 562 586 606 potest,
609 567 698 596 cum
715 557 847 596 datum
867 562 947 605 est,
969 561 1023 604 [et
1042 556 1174 603 reddi]
1196 561 1236 595 et
1254 566 1334 595 non

48 614 176 653 reddi.
215 615 282 663 qui
311 613 388 652 sibi
415 613 655 652 beneficium
683 613 770 660 dat,
799 623 878 651 non
901 618 1035 662 potest
1053 623 1132 651 non
1153 612 1336 660 recipere

52 670 163 719 quod
190 670 317 708 deditt
349 679 446 717 ergo
475 680 556 708 non
579 674 640 708 est
658 668 911 707 beneficium.
955 668 1047 708 Alio
1067 673 1251 717 tempore
1269 668 1335 706 be-

51 726 236 764 neficium
263 725 475 773 accipitur,
514 724 592 763 alio
620 724 813 763 redditur.
867 725 912 763 In
941 723 1137 763 beneficio
1171 724 1250 762 hoc
1277 729 1375 764 est4

51 781 258 830 probabile
278 787 317 820 et
336 781 658 829 suspicIendum,
680 780 791 829 quod
810 780 954 829 aliquis
974 785 1017 818 ut
1035 781 1148 818 alteri
1167 779 1338 828 prodes—

51 842 131 885 set,
159 836 337 876 utilitatis
366 847 466 876 suae
491 836 647 876 interim
674 836 822 876 oblitus
846 841 927 883 est,
957 837 1068 884 quod
1092 835 1205 874 alteri
1229 836 1340 874 dedit

51 893 254 944 ablaturus
275 893 363 931 sibi.
394 893 471 931 hoe
490 903 572 932 non
592 893 686 931 facit
705 893 772 942 qui
791 891 1031 931 beneficium
1052 891 1128 930 sibi
1145 891 1225 930 dat.
1261 892 1335 930 Be—
1353 899 1374 930 5

51 945 238 987 ‘neficium
258 949 355 987 dare
374 948 536 987 socialis
555 958 623 987 res
640 953 723 995 est,
747 947 922 997 aliquem
938 948 1144 995 conciliat,
1166 948 1339 996 aliquem

51 1005 221 1054 obligat:
250 1004 327 1043 sibi
344 1005 442 1043 dare
461 1015 541 1043 non
559 1008 622 1043 est
636 1004 800 1043 socialis
815 1014 903 1051 res,
928 1003 1128 1042 neminem
1144 1003 1340 1050 conciliat,

50 1062 246 1099 neminem
275 1060 443 1108 obligat,
481 1060 678 1098 neminem
707 1059 747 1098 in
784 1069 899 1108 spem
932 1059 1103 1106 inducit,
1141 1064 1185 1097 ut
1211 1059 1338 1097 dicat:

50 1116 143 1164 „hic
161 1116 280 1155 homo
310 1116 504 1154 colendus
532 1120 606 1154 est.
648 1115 704 1153 illi
731 1114 972 1153 beneficium
1002 1114 1133 1163 dedit,
1165 1114 1274 1153 dabit
1302 1120 1340 1153 et

51 1172 184 1210 mihi.“
219 1171 463 1210 Beneficium
483 1176 556 1219 est,
579 1171 690 1220 quod
710 1172 800 1220 quis
822 1181 903 1210 non
924 1181 1000 1209 sua
1019 1181 1144 1209 causa
1165 1171 1244 1218 dat,
1265 1171 1338 1209 sed
1355 1178 1376 1212 6

51 1229 139 1266 eius
157 1227 221 1266 cui
241 1227 319 1266 dat.
351 1227 386 1266 is
408 1233 540 1266 autem
560 1226 629 1275 qui
648 1227 724 1265 sibi
745 1226 983 1265 beneficium
1006 1227 1092 1274 dat,
1120 1236 1194 1265 sua
1214 1237 1339 1265 causa

52 1285 139 1322 dat:
168 1294 249 1321 non
270 1287 332 1321 est
351 1293 447 1331 ergo
466 1283 720 1321 beneficium.

132 1339 214 1377 XII.
243 1339 398 1378 Videor
415 1339 485 1377 tibi
504 1338 582 1377 iam
601 1339 712 1385 illud,
735 1339 846 1388 quod
865 1340 906 1377 in
929 1338 1127 1387 principio
1147 1339 1338 1386 dixeram,
1358 1347 1375 1378 1

51 1394 266 1433 mentitus?
300 1396 408 1433 Dicis
428 1405 492 1433 me
513 1395 659 1433 abesse
678 1395 729 1433 ab
750 1405 812 1441 eo,
835 1395 902 1443 qui
919 1405 1069 1443 operae
1090 1394 1261 1442 pretium
1282 1396 1338 1432 sa-

54 1452 125 1497 cit,
154 1451 273 1488 immo
300 1455 424 1489 totam
452 1460 617 1498 operam
642 1451 750 1490 bona
769 1450 850 1488 fide
871 1451 1069 1498 perdere?
1113 1450 1338 1497 Exspecta:

45 1505 204 1552 -[et]iam
222 1505 300 1544 hoc
314 1507 449 1544 verius
470 1506 601 1554 dices,
625 1506 741 1545 simul
761 1516 809 1544 ac
829 1511 868 1544 te
887 1505 940 1544 ad
959 1505 1034 1544 has
1054 1505 1227 1544 latebras
1248 1516 1338 1553 per-

56 1562 223 1607 duxero,
245 1571 297 1600 ex
313 1561 458 1610 quibus
480 1572 570 1600 cum
592 1562 792 1609 evaseris,
813 1561 909 1600 nihil
929 1562 1101 1610 amplius
1121 1562 1339 1600 adsecutus

57 1616 157 1663 eris,
190 1627 309 1665 quam
335 1621 379 1655 ut
405 1628 476 1655 eas
506 1617 761 1656 difficultates
789 1617 1001 1666 effugeris,
1037 1617 1076 1655 in
1105 1627 1208 1665 quas
1232 1618 1341 1656 licuit

56 1683 135 1711 non
157 1672 419 1711 descendere.
467 1671 569 1719 Quid
593 1673 695 1710 enim
715 1673 811 1711 boni
830 1679 892 1711 est
911 1673 1042 1712 nodos
1065 1683 1242 1721 operose
1261 1675 1336 1711 sol·
1355 1682 1377 1715 2

56 1738 170 1775 vere,
195 1739 298 1777 quos
318 1727 407 1776 ipse
425 1733 468 1766 ut
488 1729 669 1767 solveres
690 1729 864 1767 feceris?
898 1728 980 1767 Sed
1000 1729 1339 1778 quemadmodum

58 1784 255 1833 quaedam
285 1785 324 1822 in
352 1784 684 1822 oblectamentum
710 1794 758 1822 ac
784 1784 917 1823 iocum
946 1784 1006 1823 sic
1032 1785 1264 1832 inligantur,
1297 1790 1341 1823 ut

58 1851 196 1878 eorum
225 1839 370 1879 solutio
402 1840 572 1887 inperito
600 1839 774 1878 difficilis
803 1840 872 1888 sit,
902 1850 1007 1888 quae
1029 1840 1103 1885 illi,
1137 1840 1205 1888 qui
1226 1839 1338 1888 inpli—

59 1896 156 1943 cuit,
187 1895 273 1934 sine
300 1897 381 1934 ullo
410 1893 571 1943 negotio
601 1901 733 1943 paret,
761 1896 856 1944 quia
884 1896 1172 1934 commissuras
1200 1905 1339 1934 eorum

59 1957 98 1989 et
115 1962 248 1990 moras
269 1950 398 1997 novit,
429 1951 683 1990 nihilominus
702 1951 770 1990 illa
788 1949 937 1990 habent
961 1951 1137 2000 aliquam
1156 1951 1339 1999 volupta-

58 2011 157 2045 tem:
186 2012 378 2056 temptant
394 2006 500 2045 enim
519 2017 686 2045 acumen
707 2007 927 2046 animorum
944 2012 982 2045 et
999 2006 1258 2046 intentionem
1270 2017 1338 2045 ex-

61 2063 198 2100 citant:
227 2063 280 2101 ita
298 2063 418 2110 haec,
449 2073 553 2111 quae
573 2061 755 2101 videntur
769 2063 912 2101 callida
929 2068 968 2101 et
982 2062 1196 2108 insidiosa,
1223 2073 1338 2102 secu·

59 2118 213 2156 ritatem
233 2129 280 2157 ac
300 2119 506 2166 segnitiem
522 2117 692 2166 ingeniis
708 2118 911 2166 auferunt,
934 2118 1080 2167 quibus
1097 2118 1217 2157 modo
1233 2129 1337 2161 cam-

61 2183 138 2220 pus
153 2203 164 2220 ‚
198 2174 238 2212 in
273 2183 353 2222 quo
388 2179 600 2222 vagentur,
640 2175 878 2213 sternendus
912 2179 998 2221 est,
1034 2173 1155 2212 modo
1187 2177 1342 2223 creperi

63 2228 211 2276 aliquid
225 2234 264 2268 et
278 2230 506 2278 confragosi
522 2229 787 2280 obiciendum,
805 2240 877 2280 per
899 2229 1009 2278 quod
1025 2234 1191 2279 erepant
1202 2234 1243 2270 et
1256 2230 1336 2268 sol-

64 2282 398 2334 licite'vestigium
418 2286 575 2325 saciant.
