1624 2626
251 158 385 220 DIAL.
411 181 480 220 Ν.
509 180 576 220 DE
599 181 692 220 IRA
719 180 816 220 ΗΒ.
844 181 892 219 11.
919 186 1093 222 31—33.
1263 180 1316 222 75

0 274 3 327 l
26 294 118 325 esse
145 283 320 323 societas
348 282 426 322 nisi
455 283 640 323 custodia
659 288 698 322 et
716 292 853 322 amore
873 281 1043 332 partium
1063 293 1143 322 non
1165 288 1313 332 potest.

24 341 81 380 Ne
107 340 270 389 viperas
299 339 460 388 quidem
488 344 528 378 et
554 339 748 386 natrices,
780 339 872 378 etsi
893 349 973 387 qua
992 349 1130 378 morsu
1150 344 1219 379 aut
1236 339 1355 379 ictus

25 391 192 443 nocent,
220 395 514 444 einiger-emus,
542 395 577 434 si
604 399 648 434 ut
672 394 828 444 reliqua
846 396 1151 433 mansuefacere
1172 406 1315 444 posse-

22 462 112 492 mus
140 456 208 490 aut
233 451 417 499 efficere,
445 461 496 489 ne
527 450 646 489 nobis
668 449 808 489 aliisve
830 450 1010 499 periculo
1037 455 1187 490 essent.
1219 461 1316 500 ergo

22 518 75 547 ne
93 506 244 547 homini
264 506 426 556 quidem
445 506 680 546 nocebimus
692 535 701 553 ‚
723 506 817 556 quia
834 506 1035 555 peccavit,
1057 507 1132 545 sed
1151 517 1201 545 ne
1222 517 1316 556 pec-

25 567 107 609 cet,
135 573 211 601 nec
228 573 418 611 umquam
438 562 492 601 ad
514 563 790 611 praeteritum,
821 561 896 601 sed
915 561 967 600 ad
988 561 1164 601 futurum
1184 573 1318 612 poena

22 620 229 658 reseretur.
266 621 348 656 non
368 618 473 656 enim
493 618 697 666 irascitur,
727 617 800 657 sed
821 615 947 657 cavet.
980 628 1072 656 nam
1093 618 1127 656 si
1149 619 1316 667 punien-

24 675 101 713 dus
128 679 191 713 est
218 673 457 723 cuicumque
485 684 654 723 pravum
681 673 989 724 maleficumque
1017 673 1221 723 ingenium
1242 679 1316 723 est,

0 739 157 780 poena
175 730 374 768 neminem
394 730 581 778 excipiet.

106 785 262 824 XXXII.
307 814 356 833 „
342 786 396 823 At
422 786 527 823 enim
554 785 614 823 ira
643 784 766 824 habet
800 785 974 834 aliquam
1001 785 1249 849 voluptatem
1278 790 1318 825 et
1335 792 1352 824 1

0 852 3 876 ι
23 841 143 880 dulce
162 845 225 880 est
244 841 425 879 dolorem
443 841 626 880 reddere.
631 844 655 862 “
691 840 873 879 Minime:
901 851 982 880 non
1004 841 1110 880 enim
1127 846 1171 880 ut
1188 841 1230 880 in
1248 841 1316 880 be-

0 907 2 932 ι
25 896 180 935 neficiis
206 896 419 935 honestum
446 901 510 935 est
536 897 676 935 merita
694 897 845 935 meritis
874 906 1116 946 repensare,
1141 897 1196 936 ita
1218 896 1319 936 iniu-

0 965 2 987 ι
24 953 107 991 rias
128 951 295 991 iniuriis.
325 952 403 990 illic
421 952 524 990 vinci
543 957 661 1001 turpe
677 957 750 1000 est,
771 952 837 990 hic
858 953 1030 991 vincere.
1060 952 1318 992 inhumanum

0 1023 1 1037 π
24 1008 191 1047 verbum
213 1012 276 1046 est
302 1012 343 1046 et
361 1008 523 1057 quidem
543 1017 618 1056 pro
647 1008 751 1046 iusto
772 1012 979 1057 receptum
1000 1008 1113 1055 [ulti
1127 1018 1151 1046 ο
1172 1011 1227 1055 et]
1247 1013 1320 1046 ta-

0 1069 2 1100 l
25 1063 110 1102 lio.
145 1075 224 1103 non
251 1065 415 1102 multum
443 1062 576 1101 differt
595 1063 672 1101 nisi
693 1063 858 1102 ordine:
880 1063 949 1112 qui
971 1064 1155 1102 dolorem
1173 1065 1321 1111 regerit

0 1124 2 1153 Ι
24 1123 175 1158 tantum
192 1119 427 1158 excusatius
443 1123 595 1167 peccat.
622 1118 675 1157 M.
693 1118 883 1157 Catonem
904 1119 1097 1168 ignorans
1116 1120 1155 1158 in
1170 1119 1317 1159 balneo
1335 1127 1358 1160 2

26 1175 187 1223 quidam
208 1175 408 1224 percussit
427 1174 662 1223 inprudens.
694 1174 786 1223 quis
808 1175 911 1213 enim
937 1175 991 1213 illi
1011 1175 1148 1214 sciens
1167 1175 1322 1214 faceret

26 1229 239 1269 iniuriam?
259 1235 403 1279 postea
421 1230 682 1269 satisfacienti
703 1230 821 1269 Cato:
849 1241 957 1279 „non
977 1231 1159 1279 memini,
1181 1230 1320 1281 inquit,

0 1311 1 1315 =
25 1297 89 1325 me
110 1290 392 1335 percussum.“
412 1285 554 1325 melius
578 1286 731 1335 putavit
749 1296 829 1325 non
849 1297 1075 1335 agnoscere
1095 1298 1216 1337 quam
1234 1287 1321 1326 vin-

0 1367 1 1371 =
27 1341 176 1381 dicare.
214 1341 372 1390 ,‚Nihil‚
402 1342 560 1391 inquis,
587 1342 643 1381 illi
670 1346 766 1391 post
783 1347 931 1381 tantam
952 1343 1211 1392 petulantiam
1230 1344 1321 1382 mali
1338 1350 1361 1384 3

0 1426 1 1429 ¹
27 1398 176 1436 factum
192 1401 312 1437 est?“
342 1398 466 1437 Immo
486 1399 653 1437 multum
672 1398 788 1436 boni:
816 1398 951 1447 coepit
970 1399 1162 1438 Catonem
1181 1410 1321 1438 nosse.

0 1455 1 1459 ’
26 1451 164 1501 Magni
190 1453 309 1491 animi
335 1458 398 1492 est
421 1453 588 1493 iniurias
609 1454 833 1503 despicere.
875 1454 1039 1494 ultionis
1061 1454 1321 1494 contumelio-

29 1508 231 1547 sissimum
251 1519 378 1557 genus
399 1514 461 1548 est
478 1521 561 1549 non
580 1520 676 1549 esse
693 1510 822 1549 visum
842 1510 1007 1560 dignum
1020 1541 1030 1559 ,
1061 1521 1112 1549 ex
1141 1522 1222 1560 quo
1252 1521 1323 1560 pe—

28 1568 178 1602 teretur
203 1564 312 1603 ultio.
359 1564 473 1604 multi
503 1567 616 1604 leves
650 1564 817 1604 iniurias
852 1566 971 1606 altius
1005 1567 1083 1606 sibi
1110 1566 1322 1614 demisere,

31 1620 125 1658 dum
147 1619 371 1657 vindicant:
400 1620 466 1659 ille
485 1631 656 1669 magnus
675 1627 714 1661 et
732 1621 899 1670 nobilis,
930 1622 998 1672 qui
1016 1633 1129 1661 more
1152 1632 1322 1671 magnae

30 1675 139 1713 ferae
161 1676 323 1714 latratus
343 1675 583 1715 minutorum
603 1681 778 1725 [canum]
800 1688 970 1717 securus
990 1679 1166 1717 exaudit.

111 1730 284 1770 XXXIII.
324 1731 508 1778 „Minus‚
527 1732 676 1781 inquit,
698 1738 1016 1782 contemnemur,
1039 1735 1073 1773 si
1092 1733 1321 1773 vindicave—
1345 1742 1361 1775 1

30 1785 155 1825 rimus
174 1786 396 1825 iniuriam.“
425 1787 467 1825 Si
486 1792 688 1836 tamquam
708 1789 760 1828 ad
778 1791 999 1829 remedium
1019 1789 1217 1838 venimus,
1238 1790 1326 1828 sine

33 1841 92 1879 ira
118 1842 346 1890 veniamus,
379 1854 460 1881 non
490 1844 608 1892 quasi
636 1845 754 1883 dulce
779 1845 831 1884 sit
857 1845 1074 1893 vindicari,
1104 1846 1178 1884 sed
1207 1846 1325 1894 quasi

30 1897 136 1936 utile.
175 1908 300 1946 saepe
329 1902 461 1936 autem
483 1899 610 1937 satius
630 1900 703 1938 l'uit
722 1901 997 1950 dissimulare,
1029 1912 1149 1950 quam
1170 1900 1325 1939 ulcisci.

30 1951 303 1992 Potentiorum
332 1954 500 1992 iniuriae
524 1954 639 1993 hilari
667 1957 797 2002 voltu,
836 1968 917 1995 non
947 1956 1147 2006 patienter
1175 1961 1326 1995 tantum

31 2008 222 2048 serendae
253 2014 357 2048 sunt.
397 2010 544 2048 facient
570 2009 732 2057 iterum,
762 2012 798 2050 si
826 2022 872 2051 se
900 2013 1048 2051 fecisse
1070 2011 1324 2052 crediderint.

30 2063 118 2102 Hoc
144 2063 293 2103 habent
321 2066 542 2114 pessimum
567 2066 688 2105 animi
715 2077 860 2116 magna
897 2069 1054 2106 l'ortuna
1082 2068 1324 2107 insolentes:

33 2129 138 2167 quos
165 2119 368 2160 laeserunt
387 2126 426 2161 et
444 2122 627 2162 oderunt.
666 2122 882 2161 Notissima
902 2134 984 2162 vox
1005 2127 1068 2162 est
1086 2123 1171 2162 eius
1194 2125 1263 2172 qui
1283 2124 1323 2162 in
1340 2128 1361 2161 2

26 2175 141 2213 'cultu
158 2185 296 2224 regum
316 2182 595 2216 consenuerat.
626 2189 715 2217 cum
736 2178 844 2216 illum
866 2180 1028 2227 quidam
1047 2178 1324 2228 interrogaret,

35 2232 238 2278 quomodo
264 2232 512 2272 rarissimam
539 2245 623 2272 rem
649 2235 688 2272 in
716 2234 807 2272 aula
835 2239 1077 2274 consecutus
1098 2240 1228 2283 esset,
1261 2245 1325 2274 se—

34 2290 252 2324 nectutem.
273 2287 475 2336 ‚,iniurias‚
494 2289 635 2338 inquit,
653 2290 807 2338 accipie
821 2286 1108 2339 ndoetgratias
1128 2291 1299 2340 agendo.
1305 2294 1328 2313 “

41 2338 173 2390 Saepe
199 2342 303 2382 adeo
329 2343 512 2383 iniuriam
540 2346 735 2384 vindicari
755 2356 835 2385 non
857 2346 1039 2396 expedit,
1065 2351 1110 2386 ut
1136 2357 1187 2385 ne
1214 2348 1328 2387 fateri
