<?xml version="1.0" encoding="UTF-8"?>
<!DOCTYPE html PUBLIC "-//W3C//DTD XHTML 1.0 Transitional//EN"
    "http://www.w3.org/TR/xhtml1/DTD/xhtml1-transitional.dtd">
<html xmlns="http://www.w3.org/1999/xhtml" xml:lang="en" lang="en">
 <head>
  <title>
</title>
<meta http-equiv="Content-Type" content="text/html;charset=utf-8" />
  <meta name='ocr-system' content='tesseract 3.04.00' />
  <meta name='ocr-capabilities' content='ocr_page ocr_carea ocr_par ocr_line ocrx_word'/>
</head>
<body>
  <div class='ocr_page' id='page_1' title='image "./operaquaesupersu01seneuoft/operaquaesupersu01seneuoft_0127.png"; bbox 0 0 1624 2626; ppageno 0'>
   <div class='ocr_carea' id='block_1_1' title="bbox 215 149 1364 195">
    <p class='ocr_par' dir='ltr' id='par_1_1' title="bbox 215 149 1364 195">
     <span class='ocr_line' id='line_1_1' title="bbox 215 149 1364 195; baseline -0.003 0"><span class='ocrx_word' id='word_1_1' title='bbox 215 156 284 195; x_wconf 90' lang='lat' dir='ltr'>AD</span> <span class='ocrx_word' id='word_1_2' title='bbox 314 152 555 193; x_wconf 78' lang='lat' dir='ltr'>MARCIAM</span> <span class='ocrx_word' id='word_1_3' title='bbox 582 152 649 192; x_wconf 90' lang='lat' dir='ltr'>DE</span> <span class='ocrx_word' id='word_1_4' title='bbox 680 150 1077 192; x_wconf 88' lang='lat' dir='ltr'>CONSOLATIONE.</span> <span class='ocrx_word' id='word_1_5' title='bbox 1114 157 1224 191; x_wconf 79' lang='lat'>1—2.</span> <span class='ocrx_word' id='word_1_6' title='bbox 1284 149 1364 191; x_wconf 89' lang='grc'>113</span> 
     </span>
    </p>
   </div>
   <div class='ocr_carea' id='block_1_2' title="bbox 71 251 1416 2310">
    <p class='ocr_par' dir='ltr' id='par_1_2' title="bbox 82 251 1412 1693">
     <span class='ocr_line' id='line_1_2' title="bbox 86 251 1365 301; baseline -0.003 -6"><span class='ocrx_word' id='word_1_7' title='bbox 86 255 286 296; x_wconf 89' lang='lat' dir='ltr'>desiderio</span> <span class='ocrx_word' id='word_1_8' title='bbox 305 254 466 294; x_wconf 83' lang='lat' dir='ltr'>fluentis</span> <span class='ocrx_word' id='word_1_9' title='bbox 487 253 722 301; x_wconf 83' lang='lat' dir='ltr'>continebo,</span> <span class='ocrx_word' id='word_1_10' title='bbox 752 252 787 291; x_wconf 90' lang='lat' dir='ltr'>si</span> <span class='ocrx_word' id='word_1_11' title='bbox 805 251 892 291; x_wconf 89' lang='lat' dir='ltr'>fieri</span> <span class='ocrx_word' id='word_1_12' title='bbox 921 251 1113 301; x_wconf 87' lang='lat' dir='ltr'>potuerit,</span> <span class='ocrx_word' id='word_1_13' title='bbox 1142 252 1301 291; x_wconf 83' lang='lat' dir='ltr'>favente</span> <span class='ocrx_word' id='word_1_14' title='bbox 1327 257 1365 291; x_wconf 88' lang='lat' dir='ltr'>te</span> 
     </span>
     <span class='ocr_line' id='line_1_3' title="bbox 84 307 1366 359; baseline -0.005 -8"><span class='ocrx_word' id='word_1_15' title='bbox 84 308 270 354; x_wconf 50' lang='lat' dir='ltr'>remed&amp;</span> <span class='ocrx_word' id='word_1_16' title='bbox 289 311 388 359; x_wconf 89' lang='lat' dir='ltr'>tuis,</span> <span class='ocrx_word' id='word_1_17' title='bbox 410 310 444 349; x_wconf 92' lang='lat' dir='ltr'>si</span> <span class='ocrx_word' id='word_1_18' title='bbox 463 309 616 357; x_wconf 89' lang='lat' dir='ltr'>minus,</span> <span class='ocrx_word' id='word_1_19' title='bbox 637 310 702 348; x_wconf 83' lang='lat' dir='ltr'>vei</span> <span class='ocrx_word' id='word_1_20' title='bbox 722 307 863 356; x_wconf 85' lang='lat' dir='ltr'>invita,</span> <span class='ocrx_word' id='word_1_21' title='bbox 889 312 1026 346; x_wconf 84' lang='lat' dir='ltr'>teneas</span> <span class='ocrx_word' id='word_1_22' title='bbox 1047 308 1139 346; x_wconf 86' lang='lat' dir='ltr'>iicet</span> <span class='ocrx_word' id='word_1_23' title='bbox 1157 312 1197 346; x_wconf 91' lang='lat' dir='ltr'>et</span> <span class='ocrx_word' id='word_1_24' title='bbox 1217 307 1366 356; x_wconf 81' lang='lat' dir='ltr'>ample-</span> 
     </span>
     <span class='ocr_line' id='line_1_4' title="bbox 83 363 1367 414; baseline -0.004 -8"><span class='ocrx_word' id='word_1_25' title='bbox 83 367 192 406; x_wconf 90' lang='lat' dir='ltr'>xeris</span> <span class='ocrx_word' id='word_1_26' title='bbox 212 367 394 406; x_wconf 79' lang='lat' dir='ltr'>dolorem</span> <span class='ocrx_word' id='word_1_27' title='bbox 411 369 543 414; x_wconf 88' lang='lat' dir='ltr'>tuum,</span> <span class='ocrx_word' id='word_1_28' title='bbox 572 375 691 413; x_wconf 85' lang='lat' dir='ltr'>quem</span> <span class='ocrx_word' id='word_1_29' title='bbox 711 364 782 403; x_wconf 85' lang='lat' dir='ltr'>tibi</span> <span class='ocrx_word' id='word_1_30' title='bbox 809 363 848 402; x_wconf 91' lang='lat' dir='ltr'>in</span> <span class='ocrx_word' id='word_1_31' title='bbox 867 363 937 402; x_wconf 85' lang='lat' dir='ltr'>filii</span> <span class='ocrx_word' id='word_1_32' title='bbox 956 363 1088 402; x_wconf 89' lang='lat' dir='ltr'>iocum</span> <span class='ocrx_word' id='word_1_33' title='bbox 1110 363 1367 412; x_wconf 75' lang='lat' dir='ltr'><strong>superstitem</strong></span> 
     </span>
     <span class='ocr_line' id='line_1_5' title="bbox 84 418 1405 471; baseline -0.003 -9"><span class='ocrx_word' id='word_1_34' title='bbox 84 422 227 462; x_wconf 79' lang='lat' dir='ltr'><strong>fecisti.</strong></span> <span class='ocrx_word' id='word_1_35' title='bbox 279 422 375 471; x_wconf 81' lang='lat' dir='ltr'>Quis</span> <span class='ocrx_word' id='word_1_36' title='bbox 408 422 513 460; x_wconf 91' lang='lat' dir='ltr'>enim</span> <span class='ocrx_word' id='word_1_37' title='bbox 546 420 620 459; x_wconf 86' lang='lat' dir='ltr'>erit</span> <span class='ocrx_word' id='word_1_38' title='bbox 655 420 779 458; x_wconf 64' lang='lat' dir='ltr'>finis?</span> <span class='ocrx_word' id='word_1_39' title='bbox 830 418 963 459; x_wconf 79' lang='lat' dir='ltr'>omnia</span> <span class='ocrx_word' id='word_1_40' title='bbox 994 419 1034 457; x_wconf 91' lang='lat' dir='ltr'>in</span> <span class='ocrx_word' id='word_1_41' title='bbox 1068 429 1368 468; x_wconf 88' lang='lat' dir='ltr'>supervacuum</span> <span class='ocrx_word' id='word_1_42' title='bbox 1383 423 1405 458; x_wconf 90' lang='lat'>6</span> 
     </span>
     <span class='ocr_line' id='line_1_6' title="bbox 83 474 1366 527; baseline -0.002 -10"><span class='ocrx_word' id='word_1_43' title='bbox 83 482 274 527; x_wconf 85' lang='lat' dir='ltr'>temptata</span> <span class='ocrx_word' id='word_1_44' title='bbox 296 481 407 516; x_wconf 91' lang='lat' dir='ltr'>sunt:</span> <span class='ocrx_word' id='word_1_45' title='bbox 435 477 622 525; x_wconf 78' lang='lat' dir='ltr'>fatigatae</span> <span class='ocrx_word' id='word_1_46' title='bbox 651 474 928 514; x_wconf 83' lang='lat' dir='ltr'>adlocutiones</span> <span class='ocrx_word' id='word_1_47' title='bbox 956 475 1188 513; x_wconf 87' lang='lat' dir='ltr'>amicorum.</span> <span class='ocrx_word' id='word_1_48' title='bbox 1230 479 1366 514; x_wconf 82' lang='lat' dir='ltr'>aucto-</span> 
     </span>
     <span class='ocr_line' id='line_1_7' title="bbox 82 529 1367 582; baseline -0.003 -10"><span class='ocrx_word' id='word_1_49' title='bbox 82 535 220 573; x_wconf 89' lang='lat' dir='ltr'>ritates</span> <span class='ocrx_word' id='word_1_50' title='bbox 239 543 474 582; x_wconf 81' lang='lat' dir='ltr'>magnorum</span> <span class='ocrx_word' id='word_1_51' title='bbox 494 536 534 571; x_wconf 91' lang='lat' dir='ltr'>et</span> <span class='ocrx_word' id='word_1_52' title='bbox 552 531 744 571; x_wconf 85' lang='lat' dir='ltr'>adfinium</span> <span class='ocrx_word' id='word_1_53' title='bbox 764 531 834 570; x_wconf 91' lang='lat' dir='ltr'>tibi</span> <span class='ocrx_word' id='word_1_54' title='bbox 850 529 1046 577; x_wconf 89' lang='lat' dir='ltr'>virorum,</span> <span class='ocrx_word' id='word_1_55' title='bbox 1075 531 1225 578; x_wconf 87' lang='lat' dir='ltr'>studia,</span> <span class='ocrx_word' id='word_1_56' title='bbox 1253 531 1367 570; x_wconf 88' lang='lat' dir='ltr'>here-</span> 
     </span>
     <span class='ocr_line' id='line_1_8' title="bbox 84 585 1369 638; baseline -0.003 -10"><span class='ocrx_word' id='word_1_57' title='bbox 84 588 267 628; x_wconf 84' lang='lat' dir='ltr'>ditarium</span> <span class='ocrx_word' id='word_1_58' title='bbox 286 594 325 628; x_wconf 88' lang='lat' dir='ltr'>et</span> <span class='ocrx_word' id='word_1_59' title='bbox 343 593 555 638; x_wconf 83' lang='lat' dir='ltr'>paternum</span> <span class='ocrx_word' id='word_1_60' title='bbox 572 587 742 635; x_wconf 88' lang='lat' dir='ltr'>bonum,</span> <span class='ocrx_word' id='word_1_61' title='bbox 772 586 918 626; x_wconf 86' lang='lat' dir='ltr'>surdas</span> <span class='ocrx_word' id='word_1_62' title='bbox 947 597 1066 625; x_wconf 88' lang='lat' dir='ltr'>aures</span> <span class='ocrx_word' id='word_1_63' title='bbox 1096 587 1214 625; x_wconf 89' lang='lat' dir='ltr'>inrito</span> <span class='ocrx_word' id='word_1_64' title='bbox 1243 592 1282 626; x_wconf 91' lang='lat' dir='ltr'>et</span> <span class='ocrx_word' id='word_1_65' title='bbox 1300 585 1369 625; x_wconf 86' lang='lat' dir='ltr'>vix</span> 
     </span>
     <span class='ocr_line' id='line_1_9' title="bbox 84 642 1370 693; baseline -0.003 -9"><span class='ocrx_word' id='word_1_66' title='bbox 84 645 136 684; x_wconf 89' lang='lat' dir='ltr'>ad</span> <span class='ocrx_word' id='word_1_67' title='bbox 169 645 332 684; x_wconf 87' lang='lat' dir='ltr'>brevem</span> <span class='ocrx_word' id='word_1_68' title='bbox 367 643 673 693; x_wconf 79' lang='lat' dir='ltr'>occupationem</span> <span class='ocrx_word' id='word_1_69' title='bbox 708 642 942 692; x_wconf 86' lang='lat' dir='ltr'>proficiente</span> <span class='ocrx_word' id='word_1_70' title='bbox 977 642 1119 681; x_wconf 86' lang='lat' dir='ltr'>solatio</span> <span class='ocrx_word' id='word_1_71' title='bbox 1146 647 1370 681; x_wconf 87' lang='lat' dir='ltr'>transeunt.</span> 
     </span>
     <span class='ocr_line' id='line_1_10' title="bbox 83 697 1369 750; baseline -0.003 -10"><span class='ocrx_word' id='word_1_72' title='bbox 83 700 182 740; x_wconf 87' lang='lat' dir='ltr'>illud</span> <span class='ocrx_word' id='word_1_73' title='bbox 207 700 339 750; x_wconf 86' lang='lat' dir='ltr'>ipsum</span> <span class='ocrx_word' id='word_1_74' title='bbox 359 700 539 739; x_wconf 84' lang='lat' dir='ltr'>naturale</span> <span class='ocrx_word' id='word_1_75' title='bbox 562 698 781 737; x_wconf 89' lang='lat' dir='ltr'>remedium</span> <span class='ocrx_word' id='word_1_76' title='bbox 799 697 1012 747; x_wconf 88' lang='lat' dir='ltr'>temporis,</span> <span class='ocrx_word' id='word_1_77' title='bbox 1044 698 1155 747; x_wconf 88' lang='lat' dir='ltr'>quod</span> <span class='ocrx_word' id='word_1_78' title='bbox 1173 698 1369 737; x_wconf 85' lang='lat' dir='ltr'>maximas</span> 
     </span>
     <span class='ocr_line' id='line_1_11' title="bbox 87 754 1369 806; baseline -0.003 -11"><span class='ocrx_word' id='word_1_79' title='bbox 87 767 253 806; x_wconf 89' lang='lat' dir='ltr'>quoque</span> <span class='ocrx_word' id='word_1_80' title='bbox 271 766 483 795; x_wconf 87' lang='lat' dir='ltr'>aerumnas</span> <span class='ocrx_word' id='word_1_81' title='bbox 505 755 715 804; x_wconf 85' lang='lat' dir='ltr'>conponit,</span> <span class='ocrx_word' id='word_1_82' title='bbox 734 755 775 793; x_wconf 90' lang='lat' dir='ltr'>in</span> <span class='ocrx_word' id='word_1_83' title='bbox 793 758 833 793; x_wconf 91' lang='lat' dir='ltr'>te</span> <span class='ocrx_word' id='word_1_84' title='bbox 850 765 933 793; x_wconf 88' lang='lat' dir='ltr'>una</span> <span class='ocrx_word' id='word_1_85' title='bbox 949 754 1030 792; x_wconf 91' lang='lat' dir='ltr'>vim</span> <span class='ocrx_word' id='word_1_86' title='bbox 1049 765 1165 793; x_wconf 86' lang='lat' dir='ltr'>suam</span> <span class='ocrx_word' id='word_1_87' title='bbox 1184 754 1369 803; x_wconf 88' lang='lat' dir='ltr'>perdidit.</span> 
     </span>
     <span class='ocr_line' id='line_1_12' title="bbox 84 809 1406 860; baseline -0.002 -9"><span class='ocrx_word' id='word_1_88' title='bbox 84 812 238 851; x_wconf 87' lang='lat' dir='ltr'>Tertius</span> <span class='ocrx_word' id='word_1_89' title='bbox 260 812 339 850; x_wconf 88' lang='lat' dir='ltr'>iam</span> <span class='ocrx_word' id='word_1_90' title='bbox 360 811 563 860; x_wconf 91' lang='lat' dir='ltr'>praeteriit</span> <span class='ocrx_word' id='word_1_91' title='bbox 581 821 731 856; x_wconf 88' lang='lat' dir='ltr'>annus,</span> <span class='ocrx_word' id='word_1_92' title='bbox 761 820 851 849; x_wconf 90' lang='lat' dir='ltr'>cum</span> <span class='ocrx_word' id='word_1_93' title='bbox 870 809 1026 848; x_wconf 88' lang='lat' dir='ltr'>interim</span> <span class='ocrx_word' id='word_1_94' title='bbox 1053 809 1149 848; x_wconf 89' lang='lat' dir='ltr'>nihil</span> <span class='ocrx_word' id='word_1_95' title='bbox 1170 821 1222 849; x_wconf 85' lang='lat' dir='ltr'>ex</span> <span class='ocrx_word' id='word_1_96' title='bbox 1241 810 1369 859; x_wconf 90' lang='lat' dir='ltr'>primo</span> <span class='ocrx_word' id='word_1_97' title='bbox 1386 814 1406 849; x_wconf 91' lang='lat'><strong>7</strong></span> 
     </span>
     <span class='ocr_line' id='line_1_13' title="bbox 87 865 1371 917; baseline -0.002 -11"><span class='ocrx_word' id='word_1_98' title='bbox 87 868 154 907; x_wconf 89' lang='lat' dir='ltr'>illo</span> <span class='ocrx_word' id='word_1_99' title='bbox 175 867 312 917; x_wconf 92' lang='lat' dir='ltr'>inpetu</span> <span class='ocrx_word' id='word_1_100' title='bbox 332 867 486 906; x_wconf 88' lang='lat' dir='ltr'>cecidit.</span> <span class='ocrx_word' id='word_1_101' title='bbox 516 871 686 905; x_wconf 88' lang='lat' dir='ltr'>renovat</span> <span class='ocrx_word' id='word_1_102' title='bbox 706 875 752 905; x_wconf 90' lang='lat' dir='ltr'>se</span> <span class='ocrx_word' id='word_1_103' title='bbox 767 870 806 904; x_wconf 89' lang='lat' dir='ltr'>et</span> <span class='ocrx_word' id='word_1_104' title='bbox 821 865 1064 905; x_wconf 86' lang='lat' dir='ltr'>conroborat</span> <span class='ocrx_word' id='word_1_105' title='bbox 1079 865 1226 904; x_wconf 90' lang='lat' dir='ltr'>cotidie</span> <span class='ocrx_word' id='word_1_106' title='bbox 1240 866 1371 904; x_wconf 88' lang='lat' dir='ltr'>luctus</span> 
     </span>
     <span class='ocr_line' id='line_1_14' title="bbox 87 921 1374 970; baseline -0.002 -9"><span class='ocrx_word' id='word_1_107' title='bbox 87 927 126 961; x_wconf 87' lang='lat' dir='ltr'>et</span> <span class='ocrx_word' id='word_1_108' title='bbox 153 923 232 962; x_wconf 87' lang='lat' dir='ltr'>iam</span> <span class='ocrx_word' id='word_1_109' title='bbox 260 922 337 962; x_wconf 91' lang='lat' dir='ltr'>sibi</span> <span class='ocrx_word' id='word_1_110' title='bbox 363 923 425 961; x_wconf 91' lang='lat' dir='ltr'>ius</span> <span class='ocrx_word' id='word_1_111' title='bbox 453 933 566 961; x_wconf 86' lang='lat' dir='ltr'>mora</span> <span class='ocrx_word' id='word_1_112' title='bbox 593 922 686 960; x_wconf 81' lang='lat' dir='ltr'>fecit</span> <span class='ocrx_word' id='word_1_113' title='bbox 713 931 845 970; x_wconf 86' lang='lat' dir='ltr'>eoque</span> <span class='ocrx_word' id='word_1_114' title='bbox 865 921 1065 960; x_wconf 90' lang='lat' dir='ltr'>adductus</span> <span class='ocrx_word' id='word_1_115' title='bbox 1085 925 1165 968; x_wconf 88' lang='lat' dir='ltr'>est,</span> <span class='ocrx_word' id='word_1_116' title='bbox 1192 926 1235 959; x_wconf 87' lang='lat' dir='ltr'>ut</span> <span class='ocrx_word' id='word_1_117' title='bbox 1261 926 1374 970; x_wconf 87' lang='lat' dir='ltr'>putet</span> 
     </span>
     <span class='ocr_line' id='line_1_15' title="bbox 86 976 1373 1028; baseline -0.003 -10"><span class='ocrx_word' id='word_1_118' title='bbox 86 985 204 1028; x_wconf 83' lang='lat' dir='ltr'>turpe</span> <span class='ocrx_word' id='word_1_119' title='bbox 233 977 431 1017; x_wconf 89' lang='lat' dir='ltr'>desinere.</span> <span class='ocrx_word' id='word_1_120' title='bbox 468 977 812 1026; x_wconf 82' lang='lat' dir='ltr'>Quemadmodum</span> <span class='ocrx_word' id='word_1_121' title='bbox 832 976 967 1015; x_wconf 85' lang='lat' dir='ltr'>omnia</span> <span class='ocrx_word' id='word_1_122' title='bbox 985 977 1079 1015; x_wconf 88' lang='lat' dir='ltr'>vitia</span> <span class='ocrx_word' id='word_1_123' title='bbox 1100 976 1258 1025; x_wconf 89' lang='lat' dir='ltr'>penitus</span> <span class='ocrx_word' id='word_1_124' title='bbox 1278 976 1373 1015; x_wconf 88' lang='lat' dir='ltr'>insi-</span> 
     </span>
     <span class='ocr_line' id='line_1_16' title="bbox 87 1032 1374 1082; baseline -0.002 -9"><span class='ocrx_word' id='word_1_125' title='bbox 87 1035 205 1082; x_wconf 89' lang='lat' dir='ltr'>dunt,</span> <span class='ocrx_word' id='word_1_126' title='bbox 233 1034 310 1072; x_wconf 88' lang='lat' dir='ltr'>nisi</span> <span class='ocrx_word' id='word_1_127' title='bbox 330 1034 425 1072; x_wconf 88' lang='lat' dir='ltr'>dum</span> <span class='ocrx_word' id='word_1_128' title='bbox 446 1037 631 1082; x_wconf 85' lang='lat' dir='ltr'>surgunt,</span> <span class='ocrx_word' id='word_1_129' title='bbox 661 1042 860 1082; x_wconf 85' lang='lat' dir='ltr'>oppressa</span> <span class='ocrx_word' id='word_1_130' title='bbox 879 1036 993 1080; x_wconf 88' lang='lat' dir='ltr'>sunt,</span> <span class='ocrx_word' id='word_1_131' title='bbox 1014 1032 1068 1071; x_wconf 84' lang='lat' dir='ltr'>ita</span> <span class='ocrx_word' id='word_1_132' title='bbox 1088 1032 1190 1071; x_wconf 87' lang='lat' dir='ltr'>haec</span> <span class='ocrx_word' id='word_1_133' title='bbox 1208 1042 1374 1081; x_wconf 87' lang='lat' dir='ltr'>quoque</span> 
     </span>
     <span class='ocr_line' id='line_1_17' title="bbox 86 1087 1371 1137; baseline -0.002 -9"><span class='ocrx_word' id='word_1_134' title='bbox 86 1089 213 1129; x_wconf 83' lang='lat' dir='ltr'>tristia</span> <span class='ocrx_word' id='word_1_135' title='bbox 240 1093 279 1128; x_wconf 89' lang='lat' dir='ltr'>et</span> <span class='ocrx_word' id='word_1_136' title='bbox 303 1088 450 1128; x_wconf 84' lang='lat' dir='ltr'>misera</span> <span class='ocrx_word' id='word_1_137' title='bbox 476 1094 514 1128; x_wconf 91' lang='lat' dir='ltr'>et</span> <span class='ocrx_word' id='word_1_138' title='bbox 538 1088 578 1126; x_wconf 90' lang='lat' dir='ltr'>in</span> <span class='ocrx_word' id='word_1_139' title='bbox 606 1098 652 1127; x_wconf 90' lang='lat' dir='ltr'>se</span> <span class='ocrx_word' id='word_1_140' title='bbox 672 1087 892 1126; x_wconf 81' lang='lat' dir='ltr'>saevientia</span> <span class='ocrx_word' id='word_1_141' title='bbox 909 1088 1001 1137; x_wconf 89' lang='lat' dir='ltr'>ipsa</span> <span class='ocrx_word' id='word_1_142' title='bbox 1019 1088 1241 1127; x_wconf 92' lang='lat' dir='ltr'>novissime</span> <span class='ocrx_word' id='word_1_143' title='bbox 1261 1098 1371 1126; x_wconf 84' lang='lat' dir='ltr'>acer-</span> 
     </span>
     <span class='ocr_line' id='line_1_18' title="bbox 86 1143 1372 1194; baseline -0.002 -10"><span class='ocrx_word' id='word_1_144' title='bbox 86 1146 207 1184; x_wconf 89' lang='lat' dir='ltr'>bitate</span> <span class='ocrx_word' id='word_1_145' title='bbox 226 1149 444 1194; x_wconf 89' lang='lat' dir='ltr'>pascuntur</span> <span class='ocrx_word' id='word_1_146' title='bbox 460 1149 498 1183; x_wconf 87' lang='lat' dir='ltr'>et</span> <span class='ocrx_word' id='word_1_147' title='bbox 516 1144 560 1182; x_wconf 89' lang='lat' dir='ltr'>fit</span> <span class='ocrx_word' id='word_1_148' title='bbox 574 1143 742 1182; x_wconf 84' lang='lat' dir='ltr'>infelicis</span> <span class='ocrx_word' id='word_1_149' title='bbox 759 1143 879 1182; x_wconf 90' lang='lat' dir='ltr'>animi</span> <span class='ocrx_word' id='word_1_150' title='bbox 899 1154 1025 1193; x_wconf 82' lang='lat' dir='ltr'>prava</span> <span class='ocrx_word' id='word_1_151' title='bbox 1038 1145 1226 1193; x_wconf 85' lang='lat' dir='ltr'>voluptas</span> <span class='ocrx_word' id='word_1_152' title='bbox 1244 1144 1372 1182; x_wconf 87' lang='lat' dir='ltr'>dolor.</span> 
     </span>
     <span class='ocr_line' id='line_1_19' title="bbox 88 1199 1412 1250; baseline -0.004 -10"><span class='ocrx_word' id='word_1_153' title='bbox 88 1201 298 1250; x_wconf 87' lang='lat' dir='ltr'>Cupissem</span> <span class='ocrx_word' id='word_1_154' title='bbox 323 1201 459 1249; x_wconf 83' lang='lat' dir='ltr'>itaque</span> <span class='ocrx_word' id='word_1_155' title='bbox 483 1200 622 1250; x_wconf 91' lang='lat' dir='ltr'>primis</span> <span class='ocrx_word' id='word_1_156' title='bbox 642 1199 891 1249; x_wconf 89' lang='lat' dir='ltr'>temporibus</span> <span class='ocrx_word' id='word_1_157' title='bbox 920 1200 972 1238; x_wconf 88' lang='lat' dir='ltr'>ad</span> <span class='ocrx_word' id='word_1_158' title='bbox 991 1200 1109 1238; x_wconf 87' lang='lat' dir='ltr'>istam</span> <span class='ocrx_word' id='word_1_159' title='bbox 1129 1200 1374 1239; x_wconf 84' lang='lat' dir='ltr'>curationem</span> <span class='ocrx_word' id='word_1_160' title='bbox 1389 1200 1412 1234; x_wconf 89' lang='grc'>8</span> 
     </span>
     <span class='ocr_line' id='line_1_20' title="bbox 89 1255 1373 1296; baseline -0.002 0"><span class='ocrx_word' id='word_1_161' title='bbox 89 1257 295 1296; x_wconf 79' lang='lat' dir='ltr'>accedere.</span> <span class='ocrx_word' id='word_1_162' title='bbox 332 1257 485 1295; x_wconf 87' lang='lat' dir='ltr'>leviore</span> <span class='ocrx_word' id='word_1_163' title='bbox 510 1256 711 1294; x_wconf 85' lang='lat' dir='ltr'>medicina</span> <span class='ocrx_word' id='word_1_164' title='bbox 738 1255 884 1295; x_wconf 79' lang='lat' dir='ltr'>suisset</span> <span class='ocrx_word' id='word_1_165' title='bbox 901 1256 1035 1295; x_wconf 82' lang='lat' dir='ltr'>oriens</span> <span class='ocrx_word' id='word_1_166' title='bbox 1057 1256 1190 1295; x_wconf 84' lang='lat' dir='ltr'>adhuc</span> <span class='ocrx_word' id='word_1_167' title='bbox 1209 1255 1373 1295; x_wconf 88' lang='lat' dir='ltr'>restrin-</span> 
     </span>
     <span class='ocr_line' id='line_1_21' title="bbox 88 1311 1375 1362; baseline -0.001 -11"><span class='ocrx_word' id='word_1_168' title='bbox 88 1312 220 1362; x_wconf 86' lang='lat' dir='ltr'>genda</span> <span class='ocrx_word' id='word_1_169' title='bbox 250 1312 333 1350; x_wconf 87' lang='lat' dir='ltr'>vis:</span> <span class='ocrx_word' id='word_1_170' title='bbox 371 1311 647 1351; x_wconf 87' lang='lat' dir='ltr'>vehementius</span> <span class='ocrx_word' id='word_1_171' title='bbox 682 1316 823 1351; x_wconf 90' lang='lat' dir='ltr'>contra</span> <span class='ocrx_word' id='word_1_172' title='bbox 857 1311 1079 1350; x_wconf 84' lang='lat' dir='ltr'>inveterata</span> <span class='ocrx_word' id='word_1_173' title='bbox 1111 1312 1375 1361; x_wconf 81' lang='lat' dir='ltr'>pugnandum</span> 
     </span>
     <span class='ocr_line' id='line_1_22' title="bbox 89 1366 1376 1418; baseline -0.002 -11"><span class='ocrx_word' id='word_1_174' title='bbox 89 1373 163 1407; x_wconf 90' lang='lat' dir='ltr'>est.</span> <span class='ocrx_word' id='word_1_175' title='bbox 205 1379 297 1407; x_wconf 90' lang='lat' dir='ltr'>nam</span> <span class='ocrx_word' id='word_1_176' title='bbox 331 1369 542 1407; x_wconf 90' lang='lat' dir='ltr'>volnerum</span> <span class='ocrx_word' id='word_1_177' title='bbox 577 1378 742 1418; x_wconf 90' lang='lat' dir='ltr'>quoque</span> <span class='ocrx_word' id='word_1_178' title='bbox 771 1366 923 1407; x_wconf 84' lang='lat' dir='ltr'>sanitas</span> <span class='ocrx_word' id='word_1_179' title='bbox 953 1367 1081 1414; x_wconf 83' lang='lat' dir='ltr'>facilis</span> <span class='ocrx_word' id='word_1_180' title='bbox 1111 1372 1193 1415; x_wconf 91' lang='lat' dir='ltr'>est,</span> <span class='ocrx_word' id='word_1_181' title='bbox 1229 1367 1322 1407; x_wconf 88' lang='lat' dir='ltr'>dum</span> <span class='ocrx_word' id='word_1_182' title='bbox 1351 1378 1376 1405; x_wconf 87' lang='lat' dir='ltr'>a</span> 
     </span>
     <span class='ocr_line' id='line_1_23' title="bbox 91 1422 1376 1471; baseline -0.001 -9"><span class='ocrx_word' id='word_1_183' title='bbox 91 1423 285 1471; x_wconf 83' lang='lat' dir='ltr'>sanguine</span> <span class='ocrx_word' id='word_1_184' title='bbox 303 1424 480 1463; x_wconf 85' lang='lat' dir='ltr'>recentia</span> <span class='ocrx_word' id='word_1_185' title='bbox 499 1428 604 1462; x_wconf 89' lang='lat' dir='ltr'>sunt.</span> <span class='ocrx_word' id='word_1_186' title='bbox 631 1429 726 1463; x_wconf 88' lang='lat' dir='ltr'>tunc</span> <span class='ocrx_word' id='word_1_187' title='bbox 746 1428 785 1462; x_wconf 91' lang='lat' dir='ltr'>et</span> <span class='ocrx_word' id='word_1_188' title='bbox 804 1428 973 1462; x_wconf 87' lang='lat' dir='ltr'>uruntur</span> <span class='ocrx_word' id='word_1_189' title='bbox 993 1427 1032 1461; x_wconf 91' lang='lat' dir='ltr'>et</span> <span class='ocrx_word' id='word_1_190' title='bbox 1052 1422 1093 1461; x_wconf 88' lang='lat' dir='ltr'>in</span> <span class='ocrx_word' id='word_1_191' title='bbox 1113 1424 1236 1462; x_wconf 89' lang='lat' dir='ltr'>altum</span> <span class='ocrx_word' id='word_1_192' title='bbox 1257 1434 1376 1462; x_wconf 90' lang='lat' dir='ltr'>revo-</span> 
     </span>
     <span class='ocr_line' id='line_1_24' title="bbox 93 1477 1375 1528; baseline 0.001 -12"><span class='ocrx_word' id='word_1_193' title='bbox 93 1483 231 1517; x_wconf 88' lang='lat' dir='ltr'>cantur</span> <span class='ocrx_word' id='word_1_194' title='bbox 257 1482 296 1517; x_wconf 91' lang='lat' dir='ltr'>et</span> <span class='ocrx_word' id='word_1_195' title='bbox 321 1478 467 1527; x_wconf 86' lang='lat' dir='ltr'>digitos</span> <span class='ocrx_word' id='word_1_196' title='bbox 489 1479 749 1518; x_wconf 83' lang='lat' dir='ltr'>scrutantium</span> <span class='ocrx_word' id='word_1_197' title='bbox 775 1479 996 1528; x_wconf 85' lang='lat' dir='ltr'>recipiunt:</span> <span class='ocrx_word' id='word_1_198' title='bbox 1022 1477 1092 1518; x_wconf 93' lang='lat' dir='ltr'>ubi</span> <span class='ocrx_word' id='word_1_199' title='bbox 1119 1484 1308 1528; x_wconf 82' lang='lat' dir='ltr'>corrupta</span> <span class='ocrx_word' id='word_1_200' title='bbox 1335 1479 1375 1517; x_wconf 90' lang='lat' dir='ltr'>in</span> 
     </span>
     <span class='ocr_line' id='line_1_25' title="bbox 92 1534 1376 1588; baseline 0.001 -16"><span class='ocrx_word' id='word_1_201' title='bbox 92 1535 239 1572; x_wconf 85' lang='lat' dir='ltr'>malum</span> <span class='ocrx_word' id='word_1_202' title='bbox 257 1534 372 1573; x_wconf 91' lang='lat' dir='ltr'>ulcus</span> <span class='ocrx_word' id='word_1_203' title='bbox 390 1540 614 1584; x_wconf 89' lang='lat' dir='ltr'>verterunt,</span> <span class='ocrx_word' id='word_1_204' title='bbox 643 1535 845 1588; x_wconf 81' lang='lat' dir='ltr'>difficilius</span> <span class='ocrx_word' id='word_1_205' title='bbox 867 1538 1066 1574; x_wconf 85' lang='lat' dir='ltr'>curantur.</span> <span class='ocrx_word' id='word_1_206' title='bbox 1096 1535 1184 1574; x_wconf 92' lang='lat' dir='ltr'>Non</span> <span class='ocrx_word' id='word_1_207' title='bbox 1206 1545 1376 1584; x_wconf 88' lang='lat' dir='ltr'>possum</span> 
     </span>
     <span class='ocr_line' id='line_1_26' title="bbox 93 1589 1376 1641; baseline 0 -13"><span class='ocrx_word' id='word_1_208' title='bbox 93 1599 199 1628; x_wconf 91' lang='lat' dir='ltr'>nunc</span> <span class='ocrx_word' id='word_1_209' title='bbox 232 1598 306 1638; x_wconf 89' lang='lat' dir='ltr'>per</span> <span class='ocrx_word' id='word_1_210' title='bbox 338 1589 575 1639; x_wconf 89' lang='lat' dir='ltr'>obsequium</span> <span class='ocrx_word' id='word_1_211' title='bbox 606 1602 682 1630; x_wconf 91' lang='lat' dir='ltr'>nec</span> <span class='ocrx_word' id='word_1_212' title='bbox 714 1591 885 1630; x_wconf 90' lang='lat' dir='ltr'>molliter</span> <span class='ocrx_word' id='word_1_213' title='bbox 917 1591 1090 1641; x_wconf 84' lang='lat' dir='ltr'>adsequi</span> <span class='ocrx_word' id='word_1_214' title='bbox 1122 1595 1203 1630; x_wconf 83' lang='lat' dir='ltr'>tam</span> <span class='ocrx_word' id='word_1_215' title='bbox 1233 1591 1376 1630; x_wconf 87' lang='lat' dir='ltr'>durum</span> 
     </span>
     <span class='ocr_line' id='line_1_27' title="bbox 94 1645 665 1693; baseline 0.002 -10"><span class='ocrx_word' id='word_1_216' title='bbox 94 1645 295 1684; x_wconf 86' lang='lat' dir='ltr'>dolorem:</span> <span class='ocrx_word' id='word_1_217' title='bbox 326 1645 571 1693; x_wconf 82' lang='lat' dir='ltr'>frangendus</span> <span class='ocrx_word' id='word_1_218' title='bbox 591 1651 665 1686; x_wconf 87' lang='lat' dir='ltr'>est.</span> 
     </span>
    </p>

    <p class='ocr_par' dir='ltr' id='par_1_3' title="bbox 71 1699 1416 2310">
     <span class='ocr_line' id='line_1_28' title="bbox 173 1699 1416 1752; baseline 0.004 -15"><span class='ocrx_word' id='word_1_219' title='bbox 173 1700 220 1738; x_wconf 83' lang='grc' dir='ltr'>ΙΙ.</span> <span class='ocrx_word' id='word_1_220' title='bbox 270 1699 387 1739; x_wconf 91' lang='lat' dir='ltr'>Scio</span> <span class='ocrx_word' id='word_1_221' title='bbox 420 1711 445 1739; x_wconf 86' lang='lat' dir='ltr'>a</span> <span class='ocrx_word' id='word_1_222' title='bbox 463 1703 760 1751; x_wconf 83' lang='lat' dir='ltr'>praeceptis</span> <span class='ocrx_word' id='word_1_223' title='bbox 795 1703 1031 1752; x_wconf 89' lang='lat' dir='ltr'>incipere</span> <span class='ocrx_word' id='word_1_224' title='bbox 1065 1713 1258 1751; x_wconf 89' lang='lat' dir='ltr'>omnes,</span> <span class='ocrx_word' id='word_1_225' title='bbox 1292 1703 1376 1752; x_wconf 90' lang='lat' dir='ltr'>qui</span> <span class='ocrx_word' id='word_1_226' title='bbox 1398 1709 1416 1742; x_wconf 92' lang='grc'>1</span> 
     </span>
     <span class='ocr_line' id='line_1_29' title="bbox 93 1756 1376 1808; baseline 0.003 -14"><span class='ocrx_word' id='word_1_227' title='bbox 93 1766 295 1795; x_wconf 88' lang='lat' dir='ltr'>monere</span> <span class='ocrx_word' id='word_1_228' title='bbox 324 1756 546 1806; x_wconf 83' lang='lat' dir='ltr'>aliquem</span> <span class='ocrx_word' id='word_1_229' title='bbox 572 1758 774 1807; x_wconf 88' lang='lat' dir='ltr'>volunt,</span> <span class='ocrx_word' id='word_1_230' title='bbox 804 1763 852 1798; x_wconf 93' lang='lat' dir='ltr'>et</span> <span class='ocrx_word' id='word_1_231' title='bbox 877 1759 925 1797; x_wconf 95' lang='lat' dir='ltr'>in</span> <span class='ocrx_word' id='word_1_232' title='bbox 954 1760 1206 1808; x_wconf 89' lang='lat' dir='ltr'>exemplis</span> <span class='ocrx_word' id='word_1_233' title='bbox 1240 1760 1376 1798; x_wconf 89' lang='lat' dir='ltr'>desi-</span> 
     </span>
     <span class='ocr_line' id='line_1_30' title="bbox 93 1812 1377 1865; baseline 0.002 -15"><span class='ocrx_word' id='word_1_234' title='bbox 93 1822 223 1851; x_wconf 88' lang='lat' dir='ltr'>nere.</span> <span class='ocrx_word' id='word_1_235' title='bbox 273 1812 458 1865; x_wconf 84' lang='lat' dir='ltr'>mutari</span> <span class='ocrx_word' id='word_1_236' title='bbox 502 1812 633 1852; x_wconf 90' lang='lat' dir='ltr'>hunc</span> <span class='ocrx_word' id='word_1_237' title='bbox 678 1815 879 1853; x_wconf 88' lang='lat' dir='ltr'>interim</span> <span class='ocrx_word' id='word_1_238' title='bbox 920 1825 1109 1853; x_wconf 89' lang='lat' dir='ltr'>morem</span> <span class='ocrx_word' id='word_1_239' title='bbox 1153 1815 1377 1864; x_wconf 87' lang='lat' dir='ltr'>expedit.</span> 
     </span>
     <span class='ocr_line' id='line_1_31' title="bbox 94 1866 1377 1920; baseline 0.004 -15"><span class='ocrx_word' id='word_1_240' title='bbox 94 1868 206 1906; x_wconf 84' lang='lat' dir='ltr'>aliter</span> <span class='ocrx_word' id='word_1_241' title='bbox 232 1866 338 1905; x_wconf 89' lang='lat' dir='ltr'>enim</span> <span class='ocrx_word' id='word_1_242' title='bbox 359 1878 448 1906; x_wconf 87' lang='lat' dir='ltr'>cum</span> <span class='ocrx_word' id='word_1_243' title='bbox 469 1869 547 1907; x_wconf 81' lang='lat' dir='ltr'>alio</span> <span class='ocrx_word' id='word_1_244' title='bbox 568 1869 768 1917; x_wconf 85' lang='lat' dir='ltr'>agendum</span> <span class='ocrx_word' id='word_1_245' title='bbox 797 1875 878 1909; x_wconf 79' lang='lat' dir='ltr'>est:</span> <span class='ocrx_word' id='word_1_246' title='bbox 910 1871 1106 1920; x_wconf 88' lang='lat' dir='ltr'>quosdam</span> <span class='ocrx_word' id='word_1_247' title='bbox 1130 1871 1231 1909; x_wconf 88' lang='lat' dir='ltr'>ratio</span> <span class='ocrx_word' id='word_1_248' title='bbox 1258 1871 1377 1919; x_wconf 84' lang='lat' dir='ltr'>ducit,</span> 
     </span>
     <span class='ocr_line' id='line_1_32' title="bbox 95 1923 1379 1975; baseline 0.002 -13"><span class='ocrx_word' id='word_1_249' title='bbox 95 1923 334 1972; x_wconf 87' lang='lat' dir='ltr'>quibusdam</span> <span class='ocrx_word' id='word_1_250' title='bbox 360 1924 520 1963; x_wconf 84' lang='lat' dir='ltr'>nomina</span> <span class='ocrx_word' id='word_1_251' title='bbox 550 1925 656 1962; x_wconf 88' lang='lat' dir='ltr'>clara</span> <span class='ocrx_word' id='word_1_252' title='bbox 683 1926 928 1974; x_wconf 89' lang='lat' dir='ltr'>opponenda</span> <span class='ocrx_word' id='word_1_253' title='bbox 955 1931 1047 1965; x_wconf 89' lang='lat' dir='ltr'>sunt</span> <span class='ocrx_word' id='word_1_254' title='bbox 1082 1930 1122 1964; x_wconf 89' lang='lat' dir='ltr'>et</span> <span class='ocrx_word' id='word_1_255' title='bbox 1149 1928 1379 1975; x_wconf 83' lang='lat' dir='ltr'>auctoritas,</span> 
     </span>
     <span class='ocr_line' id='line_1_33' title="bbox 96 1979 1376 2031; baseline 0.003 -14"><span class='ocrx_word' id='word_1_256' title='bbox 96 1979 200 2027; x_wconf 84' lang='lat' dir='ltr'>quae</span> <span class='ocrx_word' id='word_1_257' title='bbox 218 1979 387 2018; x_wconf 88' lang='lat' dir='ltr'>liberum</span> <span class='ocrx_word' id='word_1_258' title='bbox 406 1989 487 2018; x_wconf 91' lang='lat' dir='ltr'>non</span> <span class='ocrx_word' id='word_1_259' title='bbox 507 1980 706 2028; x_wconf 86' lang='lat' dir='ltr'>relinquat</span> <span class='ocrx_word' id='word_1_260' title='bbox 724 1981 898 2020; x_wconf 86' lang='lat' dir='ltr'>animum</span> <span class='ocrx_word' id='word_1_261' title='bbox 914 1982 965 2020; x_wconf 89' lang='lat' dir='ltr'>ad</span> <span class='ocrx_word' id='word_1_262' title='bbox 981 1981 1174 2030; x_wconf 80' lang='lat' dir='ltr'>speciosa</span> <span class='ocrx_word' id='word_1_263' title='bbox 1188 1983 1376 2031; x_wconf 88' lang='lat' dir='ltr'>stupenti.</span> 
     </span>
     <span class='ocr_line' id='line_1_34' title="bbox 94 2034 1415 2084; baseline 0.002 -10"><span class='ocrx_word' id='word_1_264' title='bbox 94 2035 198 2074; x_wconf 93' lang='lat' dir='ltr'>Duo</span> <span class='ocrx_word' id='word_1_265' title='bbox 225 2034 320 2073; x_wconf 90' lang='lat' dir='ltr'>tibi</span> <span class='ocrx_word' id='word_1_266' title='bbox 351 2045 530 2084; x_wconf 88' lang='lat' dir='ltr'>ponam</span> <span class='ocrx_word' id='word_1_267' title='bbox 561 2039 678 2074; x_wconf 85' lang='lat' dir='ltr'>ante</span> <span class='ocrx_word' id='word_1_268' title='bbox 706 2037 884 2076; x_wconf 91' lang='lat' dir='ltr'>oculos</span> <span class='ocrx_word' id='word_1_269' title='bbox 913 2037 1127 2075; x_wconf 80' lang='lat' dir='ltr'>maxima</span> <span class='ocrx_word' id='word_1_270' title='bbox 1147 2042 1194 2077; x_wconf 87' lang='lat' dir='ltr'>et</span> <span class='ocrx_word' id='word_1_271' title='bbox 1221 2048 1415 2082; x_wconf 82' lang='lat' dir='ltr'>sexus2</span> 
     </span>
     <span class='ocr_line' id='line_1_35' title="bbox 95 2090 1378 2142; baseline 0.003 -14"><span class='ocrx_word' id='word_1_272' title='bbox 95 2095 144 2128; x_wconf 92' lang='lat' dir='ltr'>et</span> <span class='ocrx_word' id='word_1_273' title='bbox 176 2090 345 2129; x_wconf 90' lang='lat' dir='ltr'>seculi</span> <span class='ocrx_word' id='word_1_274' title='bbox 374 2090 448 2130; x_wconf 91' lang='lat' dir='ltr'>tui</span> <span class='ocrx_word' id='word_1_275' title='bbox 484 2091 740 2140; x_wconf 86' lang='lat' dir='ltr'>exempla:</span> <span class='ocrx_word' id='word_1_276' title='bbox 773 2092 936 2131; x_wconf 85' lang='lat' dir='ltr'>alterius</span> <span class='ocrx_word' id='word_1_277' title='bbox 969 2092 1162 2141; x_wconf 85' lang='lat' dir='ltr'>feminae,</span> <span class='ocrx_word' id='word_1_278' title='bbox 1194 2103 1298 2142; x_wconf 87' lang='lat' dir='ltr'>quae</span> <span class='ocrx_word' id='word_1_279' title='bbox 1333 2105 1378 2133; x_wconf 90' lang='lat' dir='ltr'>se</span> 
     </span>
     <span class='ocr_line' id='line_1_36' title="bbox 71 2145 1377 2197; baseline 0.005 -13"><span class='ocrx_word' id='word_1_280' title='bbox 71 2164 75 2168; x_wconf 53' lang='grc'><strong>«</strong></span> <span class='ocrx_word' id='word_1_281' title='bbox 95 2145 257 2184; x_wconf 85' lang='lat' dir='ltr'>tradidit</span> <span class='ocrx_word' id='word_1_282' title='bbox 275 2145 480 2185; x_wconf 81' lang='lat' dir='ltr'>ferendam</span> <span class='ocrx_word' id='word_1_283' title='bbox 500 2147 640 2196; x_wconf 88' lang='lat' dir='ltr'>dolori,</span> <span class='ocrx_word' id='word_1_284' title='bbox 661 2145 838 2195; x_wconf 90' lang='lat' dir='ltr'>alterius,</span> <span class='ocrx_word' id='word_1_285' title='bbox 860 2158 964 2196; x_wconf 84' lang='lat' dir='ltr'>quae</span> <span class='ocrx_word' id='word_1_286' title='bbox 985 2148 1073 2196; x_wconf 86' lang='lat' dir='ltr'>pari</span> <span class='ocrx_word' id='word_1_287' title='bbox 1091 2148 1250 2188; x_wconf 78' lang='lat' dir='ltr'>adfecta</span> <span class='ocrx_word' id='word_1_288' title='bbox 1266 2160 1377 2197; x_wconf 77' lang='lat' dir='ltr'>casn,</span> 
     </span>
     <span class='ocr_line' id='line_1_37' title="bbox 97 2201 1378 2252; baseline 0.004 -13"><span class='ocrx_word' id='word_1_289' title='bbox 97 2201 246 2240; x_wconf 86' lang='lat' dir='ltr'>maiore</span> <span class='ocrx_word' id='word_1_290' title='bbox 267 2201 433 2250; x_wconf 86' lang='lat' dir='ltr'>damno,</span> <span class='ocrx_word' id='word_1_291' title='bbox 462 2214 543 2242; x_wconf 92' lang='lat' dir='ltr'>non</span> <span class='ocrx_word' id='word_1_292' title='bbox 563 2207 694 2242; x_wconf 88' lang='lat' dir='ltr'>tamen</span> <span class='ocrx_word' id='word_1_293' title='bbox 717 2203 826 2241; x_wconf 89' lang='lat' dir='ltr'>dedit</span> <span class='ocrx_word' id='word_1_294' title='bbox 845 2203 1008 2252; x_wconf 82' lang='lat' dir='ltr'>longum</span> <span class='ocrx_word' id='word_1_295' title='bbox 1028 2202 1070 2242; x_wconf 88' lang='lat' dir='ltr'>in</span> <span class='ocrx_word' id='word_1_296' title='bbox 1091 2214 1137 2243; x_wconf 83' lang='lat' dir='ltr'>se</span> <span class='ocrx_word' id='word_1_297' title='bbox 1155 2205 1269 2244; x_wconf 84' lang='lat' dir='ltr'>malis</span> <span class='ocrx_word' id='word_1_298' title='bbox 1292 2205 1378 2244; x_wconf 90' lang='lat' dir='ltr'>suis</span> 
     </span>
     <span class='ocr_line' id='line_1_38' title="bbox 99 2256 1376 2310; baseline 0.004 -16"><span class='ocrx_word' id='word_1_299' title='bbox 99 2256 315 2297; x_wconf 89' lang='lat' dir='ltr'>dominium</span> <span class='ocrx_word' id='word_1_300' title='bbox 328 2288 338 2306; x_wconf 92' lang='lat'>‚</span> <span class='ocrx_word' id='word_1_301' title='bbox 375 2258 450 2297; x_wconf 90' lang='lat' dir='ltr'>sed</span> <span class='ocrx_word' id='word_1_302' title='bbox 483 2259 560 2299; x_wconf 87' lang='lat' dir='ltr'>cito</span> <span class='ocrx_word' id='word_1_303' title='bbox 595 2259 768 2298; x_wconf 87' lang='lat' dir='ltr'>animum</span> <span class='ocrx_word' id='word_1_304' title='bbox 801 2259 841 2296; x_wconf 92' lang='lat' dir='ltr'>in</span> <span class='ocrx_word' id='word_1_305' title='bbox 875 2259 1014 2298; x_wconf 87' lang='lat' dir='ltr'>sedem</span> <span class='ocrx_word' id='word_1_306' title='bbox 1040 2269 1153 2299; x_wconf 91' lang='lat' dir='ltr'>suam</span> <span class='ocrx_word' id='word_1_307' title='bbox 1179 2262 1376 2310; x_wconf 87' lang='lat' dir='ltr'>reposuit.</span> 
     </span>
    </p>
   </div>
   <div class='ocr_carea' id='block_1_3' title="bbox 101 2310 1416 2412">
    <p class='ocr_par' dir='ltr' id='par_1_4' title="bbox 101 2310 1416 2412">
     <span class='ocr_line' id='line_1_39' title="bbox 101 2310 1416 2405; baseline 0.005 -55"><span class='ocrx_word' id='word_1_308' title='bbox 101 2310 311 2351; x_wconf 85' lang='lat' dir='ltr'>Octavia</span> <span class='ocrx_word' id='word_1_309' title='bbox 336 2318 383 2352; x_wconf 92' lang='lat' dir='ltr'>et</span> <span class='ocrx_word' id='word_1_310' title='bbox 407 2313 568 2405; x_wconf 61' lang='grc' dir='ltr'><strong>Ιῐίνία,</strong></span> <span class='ocrx_word' id='word_1_311' title='bbox 600 2317 722 2355; x_wconf 86' lang='lat' dir='ltr'>altera</span> <span class='ocrx_word' id='word_1_312' title='bbox 751 2317 868 2354; x_wconf 82' lang='lat' dir='ltr'>soror</span> <span class='ocrx_word' id='word_1_313' title='bbox 888 2314 1080 2365; x_wconf 82' lang='lat' dir='ltr'>Augusti,</span> <span class='ocrx_word' id='word_1_314' title='bbox 1110 2317 1235 2355; x_wconf 82' lang='lat' dir='ltr'>altera</span> <span class='ocrx_word' id='word_1_315' title='bbox 1261 2328 1375 2364; x_wconf 85' lang='lat' dir='ltr'>uxor,</span> <span class='ocrx_word' id='word_1_316' title='bbox 1394 2323 1416 2357; x_wconf 84' lang='lat'><strong>3</strong></span> 
     </span>
     <span class='ocr_line' id='line_1_40' title="bbox 156 2378 1179 2412; baseline 0.008 -8"><span class='ocrx_word' id='word_1_317' title='bbox 156 2381 286 2406; x_wconf 73' lang='lat' dir='ltr'>SENECA</span> <span class='ocrx_word' id='word_1_318' title='bbox 306 2382 397 2407; x_wconf 72' lang='lat' dir='ltr'>mut..</span> <span class='ocrx_word' id='word_1_319' title='bbox 441 2402 448 2407; x_wconf 93' lang='lat'>.</span> <span class='ocrx_word' id='word_1_320' title='bbox 1157 2378 1179 2412; x_wconf 84' lang='lat'>8</span> 
     </span>
    </p>
   </div>
  </div>
 </body>
</html>
