<?xml version="1.0" encoding="UTF-8"?>
<!DOCTYPE html PUBLIC "-//W3C//DTD XHTML 1.0 Transitional//EN"
    "http://www.w3.org/TR/xhtml1/DTD/xhtml1-transitional.dtd">
<html xmlns="http://www.w3.org/1999/xhtml" xml:lang="en" lang="en">
 <head>
  <title>
</title>
<meta http-equiv="Content-Type" content="text/html;charset=utf-8" />
  <meta name='ocr-system' content='tesseract 3.04.00' />
  <meta name='ocr-capabilities' content='ocr_page ocr_carea ocr_par ocr_line ocrx_word'/>
</head>
<body>
  <div class='ocr_page' id='page_1' title='image "./operaquaesupersu01seneuoft/operaquaesupersu01seneuoft_0055.png"; bbox 0 0 1624 2626; ppageno 0'>
   <div class='ocr_carea' id='block_1_1' title="bbox 0 0 7 94">
    <p class='ocr_par' dir='ltr' id='par_1_1' title="bbox 0 0 7 94">
     <span class='ocr_line' id='line_1_1' title="bbox 0 0 7 94; baseline 0 0"><span class='ocrx_word' id='word_1_1' title='bbox 0 0 7 94; x_wconf 75' lang='lat' dir='ltr'>‚f</span> 
     </span>
    </p>
   </div>
   <div class='ocr_carea' id='block_1_2' title="bbox 1 144 3 190">
    <p class='ocr_par' dir='ltr' id='par_1_2' title="bbox 1 144 3 190">
     <span class='ocr_line' id='line_1_2' title="bbox 1 144 3 190; baseline 0 0"><span class='ocrx_word' id='word_1_2' title='bbox 1 144 3 190; x_wconf 72' lang='lat' dir='ltr'>i</span> 
     </span>
    </p>
   </div>
   <div class='ocr_carea' id='block_1_3' title="bbox 331 93 1364 173">
    <p class='ocr_par' dir='ltr' id='par_1_3' title="bbox 331 93 1364 173">
     <span class='ocr_line' id='line_1_3' title="bbox 331 93 1364 173; baseline 0.002 -18"><span class='ocrx_word' id='word_1_3' title='bbox 331 116 557 158; x_wconf 61' lang='grc'><strong>31113111.</strong></span> <span class='ocrx_word' id='word_1_4' title='bbox 588 116 657 156; x_wconf 86' lang='lat' dir='ltr'>DE</span> <span class='ocrx_word' id='word_1_5' title='bbox 686 116 777 156; x_wconf 81' lang='lat' dir='ltr'>IRA</span> <span class='ocrx_word' id='word_1_6' title='bbox 804 115 901 173; x_wconf 93' lang='grc'><strong>143.</strong></span> <span class='ocrx_word' id='word_1_7' title='bbox 930 93 1107 158; x_wconf 64' lang='grc' dir='ltr'><strong>ιε’-8.</strong></span> <span class='ocrx_word' id='word_1_8' title='bbox 1313 115 1364 157; x_wconf 86' lang='grc'>41</span> 
     </span>
    </p>
   </div>
   <div class='ocr_carea' id='block_1_4' title="bbox 72 215 1410 2330">
    <p class='ocr_par' dir='ltr' id='par_1_4' title="bbox 73 215 1410 1103">
     <span class='ocr_line' id='line_1_4' title="bbox 79 215 1368 267; baseline 0 -10"><span class='ocrx_word' id='word_1_9' title='bbox 79 217 289 258; x_wconf 87' lang='lat' dir='ltr'>moderari.</span> <span class='ocrx_word' id='word_1_10' title='bbox 334 228 426 256; x_wconf 87' lang='lat' dir='ltr'>nam</span> <span class='ocrx_word' id='word_1_11' title='bbox 447 227 535 255; x_wconf 90' lang='lat' dir='ltr'>cum</span> <span class='ocrx_word' id='word_1_12' title='bbox 557 227 602 256; x_wconf 90' lang='lat' dir='ltr'>se</span> <span class='ocrx_word' id='word_1_13' title='bbox 622 215 661 255; x_wconf 91' lang='lat' dir='ltr'>in</span> <span class='ocrx_word' id='word_1_14' title='bbox 682 217 949 266; x_wconf 79' lang='lat' dir='ltr'>possessione</span> <span class='ocrx_word' id='word_1_15' title='bbox 968 222 1204 267; x_wconf 85' lang='lat' dir='ltr'>posuerunt,</span> <span class='ocrx_word' id='word_1_16' title='bbox 1225 222 1368 267; x_wconf 86' lang='lat' dir='ltr'>poten—</span> 
     </span>
     <span class='ocr_line' id='line_1_5' title="bbox 76 273 1407 323; baseline -0.002 -9"><span class='ocrx_word' id='word_1_17' title='bbox 76 274 179 314; x_wconf 88' lang='lat' dir='ltr'>tiora</span> <span class='ocrx_word' id='word_1_18' title='bbox 196 278 355 313; x_wconf 88' lang='lat' dir='ltr'>rectore</span> <span class='ocrx_word' id='word_1_19' title='bbox 374 278 468 312; x_wconf 90' lang='lat' dir='ltr'>sunt</span> <span class='ocrx_word' id='word_1_20' title='bbox 487 283 562 312; x_wconf 89' lang='lat' dir='ltr'>nec</span> <span class='ocrx_word' id='word_1_21' title='bbox 589 273 715 312; x_wconf 83' lang='lat' dir='ltr'>recidi</span> <span class='ocrx_word' id='word_1_22' title='bbox 743 284 788 312; x_wconf 91' lang='lat' dir='ltr'>se</span> <span class='ocrx_word' id='word_1_23' title='bbox 814 273 990 313; x_wconf 89' lang='lat' dir='ltr'>minuive</span> <span class='ocrx_word' id='word_1_24' title='bbox 1020 274 1234 323; x_wconf 88' lang='lat' dir='ltr'>patiuntur.</span> <span class='ocrx_word' id='word_1_25' title='bbox 1290 273 1367 312; x_wconf 92' lang='lat' dir='ltr'>De—</span> <span class='ocrx_word' id='word_1_26' title='bbox 1384 278 1407 313; x_wconf 84' lang='grc'>3</span> 
     </span>
     <span class='ocr_line' id='line_1_6' title="bbox 76 328 1370 379; baseline 0.001 -11"><span class='ocrx_word' id='word_1_27' title='bbox 76 329 170 368; x_wconf 88' lang='lat' dir='ltr'>inde</span> <span class='ocrx_word' id='word_1_28' title='bbox 199 329 299 368; x_wconf 89' lang='lat' dir='ltr'>ratio</span> <span class='ocrx_word' id='word_1_29' title='bbox 328 328 443 378; x_wconf 83' lang='lat' dir='ltr'>ipsa,</span> <span class='ocrx_word' id='word_1_30' title='bbox 480 330 544 368; x_wconf 92' lang='lat' dir='ltr'>cui</span> <span class='ocrx_word' id='word_1_31' title='bbox 564 328 665 367; x_wconf 89' lang='lat' dir='ltr'>freni</span> <span class='ocrx_word' id='word_1_32' title='bbox 685 330 913 378; x_wconf 86' lang='lat' dir='ltr'>traduntur,</span> <span class='ocrx_word' id='word_1_33' title='bbox 947 330 1100 369; x_wconf 89' lang='lat' dir='ltr'>tamdiu</span> <span class='ocrx_word' id='word_1_34' title='bbox 1131 334 1276 379; x_wconf 90' lang='lat' dir='ltr'>potens</span> <span class='ocrx_word' id='word_1_35' title='bbox 1306 334 1370 369; x_wconf 91' lang='lat' dir='ltr'>est</span> 
     </span>
     <span class='ocr_line' id='line_1_7' title="bbox 81 385 1371 432; baseline 0.002 -9"><span class='ocrx_word' id='word_1_36' title='bbox 81 385 270 432; x_wconf 81' lang='lat' dir='ltr'>quamdiu</span> <span class='ocrx_word' id='word_1_37' title='bbox 291 385 454 424; x_wconf 89' lang='lat' dir='ltr'>diducta</span> <span class='ocrx_word' id='word_1_38' title='bbox 473 390 536 425; x_wconf 91' lang='lat' dir='ltr'>est</span> <span class='ocrx_word' id='word_1_39' title='bbox 555 385 605 423; x_wconf 92' lang='lat' dir='ltr'>ab</span> <span class='ocrx_word' id='word_1_40' title='bbox 627 385 865 424; x_wconf 73' lang='lat' dir='ltr'>adfectibus.</span> <span class='ocrx_word' id='word_1_41' title='bbox 919 385 955 425; x_wconf 91' lang='lat' dir='ltr'>si</span> <span class='ocrx_word' id='word_1_42' title='bbox 983 386 1143 425; x_wconf 86' lang='lat' dir='ltr'>miscuit</span> <span class='ocrx_word' id='word_1_43' title='bbox 1162 396 1208 424; x_wconf 89' lang='lat' dir='ltr'>se</span> <span class='ocrx_word' id='word_1_44' title='bbox 1228 385 1305 424; x_wconf 90' lang='lat' dir='ltr'>illis</span> <span class='ocrx_word' id='word_1_45' title='bbox 1330 391 1371 425; x_wconf 88' lang='lat' dir='ltr'>et</span> 
     </span>
     <span class='ocr_line' id='line_1_8' title="bbox 76 439 1368 490; baseline 0.002 -12"><span class='ocrx_word' id='word_1_46' title='bbox 76 439 309 490; x_wconf 80' lang='lat' dir='ltr'><strong>inquinavit,</strong></span> <span class='ocrx_word' id='word_1_47' title='bbox 339 452 421 481; x_wconf 88' lang='lat' dir='ltr'>non</span> <span class='ocrx_word' id='word_1_48' title='bbox 440 446 574 490; x_wconf 87' lang='lat' dir='ltr'>potest</span> <span class='ocrx_word' id='word_1_49' title='bbox 593 441 798 480; x_wconf 87' lang='lat' dir='ltr'>continere</span> <span class='ocrx_word' id='word_1_50' title='bbox 817 452 920 489; x_wconf 92' lang='lat' dir='ltr'>quos</span> <span class='ocrx_word' id='word_1_51' title='bbox 951 441 1194 480; x_wconf 87' lang='lat' dir='ltr'>submovere</span> <span class='ocrx_word' id='word_1_52' title='bbox 1218 441 1368 490; x_wconf 85' lang='lat' dir='ltr'>potuis-</span> 
     </span>
     <span class='ocr_line' id='line_1_9' title="bbox 75 497 1367 546; baseline 0 -10"><span class='ocrx_word' id='word_1_53' title='bbox 75 502 150 536; x_wconf 92' lang='lat' dir='ltr'>set.</span> <span class='ocrx_word' id='word_1_54' title='bbox 198 502 396 538; x_wconf 86' lang='lat' dir='ltr'>commota</span> <span class='ocrx_word' id='word_1_55' title='bbox 414 497 518 536; x_wconf 89' lang='lat' dir='ltr'>enim</span> <span class='ocrx_word' id='word_1_56' title='bbox 539 497 665 536; x_wconf 89' lang='lat' dir='ltr'>semel</span> <span class='ocrx_word' id='word_1_57' title='bbox 686 501 726 535; x_wconf 88' lang='lat' dir='ltr'>et</span> <span class='ocrx_word' id='word_1_58' title='bbox 741 506 917 536; x_wconf 87' lang='lat' dir='ltr'>excussa</span> <span class='ocrx_word' id='word_1_59' title='bbox 935 508 1050 537; x_wconf 90' lang='lat' dir='ltr'>mens</span> <span class='ocrx_word' id='word_1_60' title='bbox 1070 498 1106 536; x_wconf 90' lang='lat' dir='ltr'>ei</span> <span class='ocrx_word' id='word_1_61' title='bbox 1129 498 1264 545; x_wconf 88' lang='lat' dir='ltr'>servit,</span> <span class='ocrx_word' id='word_1_62' title='bbox 1286 508 1367 546; x_wconf 90' lang='lat' dir='ltr'>quo</span> 
     </span>
     <span class='ocr_line' id='line_1_10' title="bbox 76 552 1410 602; baseline -0.001 -10"><span class='ocrx_word' id='word_1_63' title='bbox 76 553 290 602; x_wconf 79' lang='lat' dir='ltr'><strong>inpellitur.</strong></span> <span class='ocrx_word' id='word_1_64' title='bbox 333 553 601 601; x_wconf 77' lang='lat' dir='ltr'>Quorumdam</span> <span class='ocrx_word' id='word_1_65' title='bbox 629 563 762 591; x_wconf 88' lang='lat' dir='ltr'>rerum</span> <span class='ocrx_word' id='word_1_66' title='bbox 791 552 899 593; x_wconf 89' lang='lat' dir='ltr'>initia</span> <span class='ocrx_word' id='word_1_67' title='bbox 925 553 966 592; x_wconf 89' lang='lat' dir='ltr'>in</span> <span class='ocrx_word' id='word_1_68' title='bbox 998 558 1139 592; x_wconf 89' lang='lat' dir='ltr'>nostra</span> <span class='ocrx_word' id='word_1_69' title='bbox 1169 555 1410 602; x_wconf 84' lang='lat' dir='ltr'>potestate4</span> 
     </span>
     <span class='ocr_line' id='line_1_11' title="bbox 79 609 1371 658; baseline -0.001 -10"><span class='ocrx_word' id='word_1_70' title='bbox 79 613 194 657; x_wconf 89' lang='lat' dir='ltr'>sunt,</span> <span class='ocrx_word' id='word_1_71' title='bbox 221 609 412 648; x_wconf 83' lang='lat' dir='ltr'>ulteriora</span> <span class='ocrx_word' id='word_1_72' title='bbox 437 619 514 647; x_wconf 88' lang='lat' dir='ltr'>nos</span> <span class='ocrx_word' id='word_1_73' title='bbox 534 609 573 648; x_wconf 93' lang='lat' dir='ltr'>vi</span> <span class='ocrx_word' id='word_1_74' title='bbox 603 619 678 647; x_wconf 90' lang='lat' dir='ltr'>sua</span> <span class='ocrx_word' id='word_1_75' title='bbox 703 609 864 657; x_wconf 85' lang='lat' dir='ltr'>rapiunt</span> <span class='ocrx_word' id='word_1_76' title='bbox 889 620 965 648; x_wconf 91' lang='lat' dir='ltr'>nec</span> <span class='ocrx_word' id='word_1_77' title='bbox 990 619 1223 658; x_wconf 81' lang='lat' dir='ltr'>regressum</span> <span class='ocrx_word' id='word_1_78' title='bbox 1251 609 1371 647; x_wconf 87' lang='lat' dir='ltr'>relin-</span> 
     </span>
     <span class='ocr_line' id='line_1_12' title="bbox 75 664 1371 714; baseline -0.001 -11"><span class='ocrx_word' id='word_1_79' title='bbox 75 669 216 714; x_wconf 89' lang='lat' dir='ltr'>quunt.</span> <span class='ocrx_word' id='word_1_80' title='bbox 258 664 368 704; x_wconf 90' lang='lat' dir='ltr'>Utin</span> <span class='ocrx_word' id='word_1_81' title='bbox 391 675 589 714; x_wconf 86' lang='lat' dir='ltr'>praeceps</span> <span class='ocrx_word' id='word_1_82' title='bbox 611 665 714 703; x_wconf 90' lang='lat' dir='ltr'>datis</span> <span class='ocrx_word' id='word_1_83' title='bbox 735 666 972 714; x_wconf 84' lang='lat' dir='ltr'>corporibus</span> <span class='ocrx_word' id='word_1_84' title='bbox 994 666 1146 704; x_wconf 88' lang='lat' dir='ltr'>nullum</span> <span class='ocrx_word' id='word_1_85' title='bbox 1173 665 1236 704; x_wconf 91' lang='lat' dir='ltr'>sui</span> <span class='ocrx_word' id='word_1_86' title='bbox 1266 664 1371 703; x_wconf 85' lang='lat' dir='ltr'>arbi-</span> 
     </span>
     <span class='ocr_line' id='line_1_13' title="bbox 73 720 1370 778; baseline -0.002 -18"><span class='ocrx_word' id='word_1_87' title='bbox 73 720 190 760; x_wconf 85' lang='lat' dir='ltr'>trium</span> <span class='ocrx_word' id='word_1_88' title='bbox 210 723 280 760; x_wconf 86' lang='grc'>331</span> <span class='ocrx_word' id='word_1_89' title='bbox 309 731 384 759; x_wconf 89' lang='lat' dir='ltr'>nec</span> <span class='ocrx_word' id='word_1_90' title='bbox 411 720 601 778; x_wconf 71' lang='lat' dir='ltr'>resistere</span> <span class='ocrx_word' id='word_1_91' title='bbox 621 721 818 760; x_wconf 82' lang='lat' dir='ltr'>morarive</span> <span class='ocrx_word' id='word_1_92' title='bbox 848 721 1003 761; x_wconf 82' lang='lat' dir='ltr'>deiecta</span> <span class='ocrx_word' id='word_1_93' title='bbox 1033 726 1265 770; x_wconf 88' lang='lat' dir='ltr'>potuerunt,</span> <span class='ocrx_word' id='word_1_94' title='bbox 1297 721 1370 759; x_wconf 90' lang='lat' dir='ltr'>sed</span> 
     </span>
     <span class='ocr_line' id='line_1_14' title="bbox 77 774 1371 839; baseline 0 -24"><span class='ocrx_word' id='word_1_95' title='bbox 77 776 288 816; x_wconf 87' lang='grc'><strong>3033111331</strong></span> <span class='ocrx_word' id='word_1_96' title='bbox 309 787 427 815; x_wconf 91' lang='grc'><strong>01333</strong></span> <span class='ocrx_word' id='word_1_97' title='bbox 447 781 486 815; x_wconf 89' lang='grc'>31</span> <span class='ocrx_word' id='word_1_98' title='bbox 505 774 790 825; x_wconf 86' lang='lat' dir='ltr'>poenitentiam</span> <span class='ocrx_word' id='word_1_99' title='bbox 818 777 1104 816; x_wconf 82' lang='lat' dir='ltr'>inrevocabilis</span> <span class='ocrx_word' id='word_1_100' title='bbox 1132 776 1371 839; x_wconf 77' lang='lat' dir='ltr'>praecipita</span> 
     </span>
     <span class='ocr_line' id='line_1_15' title="bbox 75 831 1370 881; baseline -0.002 -9"><span class='ocrx_word' id='word_1_101' title='bbox 75 833 130 872; x_wconf 86' lang='lat' dir='ltr'>tio</span> <span class='ocrx_word' id='word_1_102' title='bbox 152 831 326 871; x_wconf 80' lang='lat' dir='ltr'>abscidit</span> <span class='ocrx_word' id='word_1_103' title='bbox 345 837 385 871; x_wconf 89' lang='grc'>31</span> <span class='ocrx_word' id='word_1_104' title='bbox 403 843 482 871; x_wconf 89' lang='grc'>303</span> <span class='ocrx_word' id='word_1_105' title='bbox 504 833 598 871; x_wconf 82' lang='grc'><strong>11331</strong></span> <span class='ocrx_word' id='word_1_106' title='bbox 616 843 665 872; x_wconf 93' lang='grc'>30</span> <span class='ocrx_word' id='word_1_107' title='bbox 689 843 771 870; x_wconf 89' lang='grc'>303</span> <span class='ocrx_word' id='word_1_108' title='bbox 792 834 1017 881; x_wconf 88' lang='lat' dir='ltr'>pervenire,</span> <span class='ocrx_word' id='word_1_109' title='bbox 1039 843 1120 881; x_wconf 93' lang='lat' dir='ltr'>quo</span> <span class='ocrx_word' id='word_1_110' title='bbox 1143 843 1223 871; x_wconf 90' lang='lat' dir='ltr'>non</span> <span class='ocrx_word' id='word_1_111' title='bbox 1244 833 1302 871; x_wconf 89' lang='lat' dir='ltr'>ire</span> <span class='ocrx_word' id='word_1_112' title='bbox 1324 832 1370 870; x_wconf 89' lang='lat' dir='ltr'>li-</span> 
     </span>
     <span class='ocr_line' id='line_1_16' title="bbox 75 887 1370 937; baseline 0 -10"><span class='ocrx_word' id='word_1_113' title='bbox 75 889 250 927; x_wconf 85' lang='lat' dir='ltr'>cuisset:</span> <span class='ocrx_word' id='word_1_114' title='bbox 288 887 343 927; x_wconf 85' lang='lat' dir='ltr'>ita</span> <span class='ocrx_word' id='word_1_115' title='bbox 363 888 520 927; x_wconf 84' lang='lat' dir='ltr'>animus</span> <span class='ocrx_word' id='word_1_116' title='bbox 543 887 578 926; x_wconf 93' lang='lat' dir='ltr'>si</span> <span class='ocrx_word' id='word_1_117' title='bbox 598 888 637 926; x_wconf 91' lang='lat' dir='ltr'>in</span> <span class='ocrx_word' id='word_1_118' title='bbox 658 888 776 935; x_wconf 88' lang='lat' dir='ltr'>iram,</span> <span class='ocrx_word' id='word_1_119' title='bbox 804 899 982 927; x_wconf 88' lang='lat' dir='ltr'>amorem</span> <span class='ocrx_word' id='word_1_120' title='bbox 1002 889 1188 937; x_wconf 84' lang='lat' dir='ltr'>aliosque</span> <span class='ocrx_word' id='word_1_121' title='bbox 1208 898 1254 927; x_wconf 89' lang='lat' dir='ltr'>se</span> <span class='ocrx_word' id='word_1_122' title='bbox 1274 898 1370 936; x_wconf 88' lang='lat' dir='ltr'>pro-</span> 
     </span>
     <span class='ocr_line' id='line_1_17' title="bbox 75 943 1373 993; baseline -0.001 -11"><span class='ocrx_word' id='word_1_123' title='bbox 75 944 170 982; x_wconf 90' lang='lat' dir='ltr'>iecit</span> <span class='ocrx_word' id='word_1_124' title='bbox 189 944 391 992; x_wconf 79' lang='lat' dir='ltr'>adfectus,</span> <span class='ocrx_word' id='word_1_125' title='bbox 408 955 489 983; x_wconf 87' lang='lat' dir='ltr'>non</span> <span class='ocrx_word' id='word_1_126' title='bbox 511 944 748 993; x_wconf 78' lang='lat' dir='ltr'>permittitur</span> <span class='ocrx_word' id='word_1_127' title='bbox 766 943 986 992; x_wconf 83' lang='lat' dir='ltr'>reprimere</span> <span class='ocrx_word' id='word_1_128' title='bbox 1005 945 1196 993; x_wconf 88' lang='lat' dir='ltr'>inpetum.</span> <span class='ocrx_word' id='word_1_129' title='bbox 1243 944 1373 992; x_wconf 85' lang='lat' dir='ltr'>rapiat</span> 
     </span>
     <span class='ocr_line' id='line_1_18' title="bbox 75 999 1371 1049; baseline -0.002 -11"><span class='ocrx_word' id='word_1_130' title='bbox 75 999 185 1038; x_wconf 90' lang='lat' dir='ltr'>illum</span> <span class='ocrx_word' id='word_1_131' title='bbox 204 1004 365 1047; x_wconf 81' lang='lat' dir='ltr'>oportet</span> <span class='ocrx_word' id='word_1_132' title='bbox 391 1004 430 1038; x_wconf 90' lang='lat' dir='ltr'>et</span> <span class='ocrx_word' id='word_1_133' title='bbox 449 1000 500 1038; x_wconf 89' lang='lat' dir='ltr'>ad</span> <span class='ocrx_word' id='word_1_134' title='bbox 524 1000 647 1038; x_wconf 89' lang='lat' dir='ltr'>imum</span> <span class='ocrx_word' id='word_1_135' title='bbox 673 1003 766 1047; x_wconf 86' lang='lat' dir='ltr'>agat</span> <span class='ocrx_word' id='word_1_136' title='bbox 792 1000 956 1049; x_wconf 89' lang='lat' dir='ltr'>pondus</span> <span class='ocrx_word' id='word_1_137' title='bbox 981 1011 1101 1039; x_wconf 88' lang='lat' dir='ltr'>suum</span> <span class='ocrx_word' id='word_1_138' title='bbox 1127 1003 1168 1038; x_wconf 91' lang='lat' dir='ltr'>et</span> <span class='ocrx_word' id='word_1_139' title='bbox 1185 999 1371 1038; x_wconf 89' lang='lat' dir='ltr'>vitiorum</span> 
     </span>
     <span class='ocr_line' id='line_1_19' title="bbox 75 1054 440 1103; baseline 0.003 -10"><span class='ocrx_word' id='word_1_140' title='bbox 75 1056 217 1094; x_wconf 87' lang='lat' dir='ltr'>n&#39;atura</span> <span class='ocrx_word' id='word_1_141' title='bbox 237 1054 440 1103; x_wconf 85' lang='lat' dir='ltr'>proclivis.</span> 
     </span>
    </p>

    <p class='ocr_par' dir='ltr' id='par_1_5' title="bbox 72 1109 1409 2330">
     <span class='ocr_line' id='line_1_20' title="bbox 155 1109 1408 1160; baseline 0.002 -10"><span class='ocrx_word' id='word_1_142' title='bbox 155 1110 260 1150; x_wconf 84' lang='lat' dir='ltr'><strong>VIII.</strong></span> <span class='ocrx_word' id='word_1_143' title='bbox 306 1109 507 1159; x_wconf 90' lang='lat' dir='ltr'>Optimum</span> <span class='ocrx_word' id='word_1_144' title='bbox 526 1115 589 1150; x_wconf 87' lang='lat' dir='ltr'>est</span> <span class='ocrx_word' id='word_1_145' title='bbox 618 1111 787 1160; x_wconf 89' lang='lat' dir='ltr'>primum</span> <span class='ocrx_word' id='word_1_146' title='bbox 815 1111 1109 1150; x_wconf 84' lang='lat' dir='ltr'>inritamentum</span> <span class='ocrx_word' id='word_1_147' title='bbox 1137 1109 1222 1150; x_wconf 90' lang='lat' dir='ltr'>irae</span> <span class='ocrx_word' id='word_1_148' title='bbox 1248 1110 1370 1159; x_wconf 89' lang='lat' dir='ltr'>proti—</span> <span class='ocrx_word' id='word_1_149' title='bbox 1388 1120 1408 1152; x_wconf 90' lang='lat'>1</span> 
     </span>
     <span class='ocr_line' id='line_1_21' title="bbox 74 1167 1370 1217; baseline 0 -13"><span class='ocrx_word' id='word_1_150' title='bbox 74 1177 150 1205; x_wconf 85' lang='lat' dir='ltr'>nus</span> <span class='ocrx_word' id='word_1_151' title='bbox 171 1177 365 1215; x_wconf 89' lang='lat' dir='ltr'>spernere</span> <span class='ocrx_word' id='word_1_152' title='bbox 385 1167 568 1215; x_wconf 89' lang='lat' dir='ltr'>ipsisque</span> <span class='ocrx_word' id='word_1_153' title='bbox 587 1178 815 1217; x_wconf 84' lang='lat' dir='ltr'>repugnare</span> <span class='ocrx_word' id='word_1_154' title='bbox 837 1167 1057 1206; x_wconf 86' lang='lat' dir='ltr'>seminibus</span> <span class='ocrx_word' id='word_1_155' title='bbox 1080 1171 1134 1214; x_wconf 91' lang='lat' dir='ltr'>[et</span> <span class='ocrx_word' id='word_1_156' title='bbox 1154 1167 1252 1205; x_wconf 88' lang='lat' dir='ltr'>dare</span> <span class='ocrx_word' id='word_1_157' title='bbox 1273 1177 1370 1215; x_wconf 87' lang='lat' dir='ltr'>ope-</span> 
     </span>
     <span class='ocr_line' id='line_1_22' title="bbox 73 1222 1370 1272; baseline 0 -12"><span class='ocrx_word' id='word_1_158' title='bbox 73 1233 159 1260; x_wconf 88' lang='lat' dir='ltr'>ram</span> <span class='ocrx_word' id='word_1_159' title='bbox 180 1233 231 1260; x_wconf 92' lang='lat' dir='ltr'>ne</span> <span class='ocrx_word' id='word_1_160' title='bbox 250 1222 474 1261; x_wconf 88' lang='lat' dir='ltr'>incidamus</span> <span class='ocrx_word' id='word_1_161' title='bbox 494 1222 533 1261; x_wconf 91' lang='lat' dir='ltr'>in</span> <span class='ocrx_word' id='word_1_162' title='bbox 553 1223 683 1270; x_wconf 82' lang='lat' dir='ltr'>iramJ.</span> <span class='ocrx_word' id='word_1_163' title='bbox 718 1234 810 1262; x_wconf 89' lang='lat' dir='ltr'>nam</span> <span class='ocrx_word' id='word_1_164' title='bbox 832 1224 867 1262; x_wconf 92' lang='lat' dir='ltr'>si</span> <span class='ocrx_word' id='word_1_165' title='bbox 889 1223 1023 1272; x_wconf 90' lang='lat' dir='ltr'>coepit</span> <span class='ocrx_word' id='word_1_166' title='bbox 1042 1224 1146 1261; x_wconf 85' lang='lat' dir='ltr'>ferre</span> <span class='ocrx_word' id='word_1_167' title='bbox 1168 1227 1370 1261; x_wconf 87' lang='lat' dir='ltr'>transver-</span> 
     </span>
     <span class='ocr_line' id='line_1_23' title="bbox 73 1277 1370 1327; baseline 0 -11"><span class='ocrx_word' id='word_1_168' title='bbox 73 1289 166 1325; x_wconf 88' lang='lat' dir='ltr'>sos,</span> <span class='ocrx_word' id='word_1_169' title='bbox 194 1277 370 1317; x_wconf 76' lang='lat' dir='ltr'>difficilis</span> <span class='ocrx_word' id='word_1_170' title='bbox 394 1279 447 1317; x_wconf 87' lang='lat' dir='ltr'>ad</span> <span class='ocrx_word' id='word_1_171' title='bbox 466 1279 636 1318; x_wconf 89' lang='lat' dir='ltr'>salutem</span> <span class='ocrx_word' id='word_1_172' title='bbox 653 1289 846 1318; x_wconf 87' lang='lat' dir='ltr'>recursus</span> <span class='ocrx_word' id='word_1_173' title='bbox 867 1284 947 1324; x_wconf 85' lang='lat' dir='ltr'>est,</span> <span class='ocrx_word' id='word_1_174' title='bbox 979 1279 1171 1327; x_wconf 89' lang='lat' dir='ltr'>quoniam</span> <span class='ocrx_word' id='word_1_175' title='bbox 1191 1278 1288 1317; x_wconf 89' lang='lat' dir='ltr'>nihil</span> <span class='ocrx_word' id='word_1_176' title='bbox 1307 1288 1370 1316; x_wconf 91' lang='lat' dir='ltr'>ra-</span> 
     </span>
     <span class='ocr_line' id='line_1_24' title="bbox 73 1333 1372 1383; baseline 0 -12"><span class='ocrx_word' id='word_1_177' title='bbox 73 1334 194 1372; x_wconf 89' lang='lat' dir='ltr'>tionis</span> <span class='ocrx_word' id='word_1_178' title='bbox 228 1339 309 1381; x_wconf 90' lang='lat' dir='ltr'>est,</span> <span class='ocrx_word' id='word_1_179' title='bbox 343 1333 412 1374; x_wconf 91' lang='lat' dir='ltr'>ubi</span> <span class='ocrx_word' id='word_1_180' title='bbox 443 1335 568 1373; x_wconf 86' lang='lat' dir='ltr'>semel</span> <span class='ocrx_word' id='word_1_181' title='bbox 599 1335 782 1374; x_wconf 82' lang='lat' dir='ltr'>adsectus</span> <span class='ocrx_word' id='word_1_182' title='bbox 816 1334 1005 1374; x_wconf 89' lang='lat' dir='ltr'>inductus</span> <span class='ocrx_word' id='word_1_183' title='bbox 1040 1339 1103 1374; x_wconf 88' lang='lat' dir='ltr'>est</span> <span class='ocrx_word' id='word_1_184' title='bbox 1135 1335 1281 1383; x_wconf 89' lang='lat' dir='ltr'>iusque</span> <span class='ocrx_word' id='word_1_185' title='bbox 1315 1333 1372 1372; x_wconf 89' lang='lat' dir='ltr'>illi</span> 
     </span>
     <span class='ocr_line' id='line_1_25' title="bbox 74 1389 1369 1438; baseline 0.001 -11"><span class='ocrx_word' id='word_1_186' title='bbox 74 1389 239 1437; x_wconf 86' lang='lat' dir='ltr'>aliquod</span> <span class='ocrx_word' id='word_1_187' title='bbox 259 1391 464 1430; x_wconf 89' lang='lat' dir='ltr'>voluntate</span> <span class='ocrx_word' id='word_1_188' title='bbox 480 1395 618 1429; x_wconf 88' lang='lat' dir='ltr'>nostra</span> <span class='ocrx_word' id='word_1_189' title='bbox 634 1391 767 1430; x_wconf 90' lang='lat' dir='ltr'>datum</span> <span class='ocrx_word' id='word_1_190' title='bbox 785 1396 866 1430; x_wconf 79' lang='lat' dir='ltr'>est:</span> <span class='ocrx_word' id='word_1_191' title='bbox 889 1391 1009 1429; x_wconf 84' lang='lat' dir='ltr'>faciet</span> <span class='ocrx_word' id='word_1_192' title='bbox 1026 1391 1076 1429; x_wconf 93' lang='lat' dir='ltr'>de</span> <span class='ocrx_word' id='word_1_193' title='bbox 1092 1396 1226 1430; x_wconf 88' lang='lat' dir='ltr'>cetero</span> <span class='ocrx_word' id='word_1_194' title='bbox 1244 1400 1369 1438; x_wconf 84' lang='lat' dir='ltr'>quan-</span> 
     </span>
     <span class='ocr_line' id='line_1_26' title="bbox 73 1446 1407 1495; baseline -0.001 -13"><span class='ocrx_word' id='word_1_195' title='bbox 73 1449 157 1482; x_wconf 88' lang='lat' dir='ltr'>tum</span> <span class='ocrx_word' id='word_1_196' title='bbox 178 1446 303 1492; x_wconf 91' lang='lat' dir='ltr'>volet,</span> <span class='ocrx_word' id='word_1_197' title='bbox 325 1456 405 1485; x_wconf 90' lang='lat' dir='ltr'>non</span> <span class='ocrx_word' id='word_1_198' title='bbox 427 1451 618 1495; x_wconf 86' lang='lat' dir='ltr'>quantum</span> <span class='ocrx_word' id='word_1_199' title='bbox 639 1446 885 1495; x_wconf 86' lang='lat' dir='ltr'>permiseris.</span> <span class='ocrx_word' id='word_1_200' title='bbox 943 1446 988 1484; x_wconf 89' lang='lat' dir='ltr'>In</span> <span class='ocrx_word' id='word_1_201' title='bbox 1011 1446 1169 1494; x_wconf 87' lang='lat' dir='ltr'>primis,</span> <span class='ocrx_word' id='word_1_202' title='bbox 1191 1447 1367 1495; x_wconf 88' lang='lat' dir='ltr'>inquam,</span> <span class='ocrx_word' id='word_1_203' title='bbox 1385 1448 1407 1481; x_wconf 83' lang='lat'>2</span> 
     </span>
     <span class='ocr_line' id='line_1_27' title="bbox 74 1499 1370 1550; baseline 0.001 -12"><span class='ocrx_word' id='word_1_204' title='bbox 74 1499 224 1538; x_wconf 85' lang='lat' dir='ltr'>finibus</span> <span class='ocrx_word' id='word_1_205' title='bbox 250 1500 380 1540; x_wconf 86' lang='grc'><strong>1103113</strong></span> <span class='ocrx_word' id='word_1_206' title='bbox 406 1502 605 1541; x_wconf 90' lang='lat' dir='ltr'>arcendus</span> <span class='ocrx_word' id='word_1_207' title='bbox 634 1508 707 1542; x_wconf 88' lang='lat' dir='ltr'>est.</span> <span class='ocrx_word' id='word_1_208' title='bbox 765 1513 857 1541; x_wconf 88' lang='lat' dir='ltr'>nam</span> <span class='ocrx_word' id='word_1_209' title='bbox 887 1513 976 1542; x_wconf 90' lang='lat' dir='ltr'>cum</span> <span class='ocrx_word' id='word_1_210' title='bbox 1004 1501 1165 1540; x_wconf 90' lang='lat' dir='ltr'>intravit</span> <span class='ocrx_word' id='word_1_211' title='bbox 1184 1507 1222 1541; x_wconf 89' lang='lat' dir='ltr'>et</span> <span class='ocrx_word' id='word_1_212' title='bbox 1243 1502 1370 1550; x_wconf 88' lang='lat' dir='ltr'>portis</span> 
     </span>
     <span class='ocr_line' id='line_1_28' title="bbox 75 1554 1370 1607; baseline 0.002 -14"><span class='ocrx_word' id='word_1_213' title='bbox 75 1565 123 1593; x_wconf 91' lang='grc'>33</span> <span class='ocrx_word' id='word_1_214' title='bbox 144 1554 285 1604; x_wconf 87' lang='lat' dir='ltr'>intulit,</span> <span class='ocrx_word' id='word_1_215' title='bbox 306 1557 468 1595; x_wconf 88' lang='lat' dir='ltr'>modum</span> <span class='ocrx_word' id='word_1_216' title='bbox 495 1568 520 1595; x_wconf 87' lang='lat' dir='ltr'>a</span> <span class='ocrx_word' id='word_1_217' title='bbox 540 1557 711 1607; x_wconf 86' lang='lat' dir='ltr'>captivis</span> <span class='ocrx_word' id='word_1_218' title='bbox 732 1569 811 1598; x_wconf 91' lang='lat' dir='ltr'>non</span> <span class='ocrx_word' id='word_1_219' title='bbox 835 1558 992 1607; x_wconf 89' lang='lat' dir='ltr'>accipit.</span> <span class='ocrx_word' id='word_1_220' title='bbox 1026 1568 1160 1606; x_wconf 89' lang='lat' dir='ltr'>neque</span> <span class='ocrx_word' id='word_1_221' title='bbox 1180 1558 1286 1595; x_wconf 89' lang='lat' dir='ltr'>enim</span> <span class='ocrx_word' id='word_1_222' title='bbox 1306 1567 1370 1596; x_wconf 86' lang='lat' dir='ltr'>se-</span> 
     </span>
     <span class='ocr_line' id='line_1_29' title="bbox 75 1603 1373 1662; baseline 0.002 -13"><span class='ocrx_word' id='word_1_223' title='bbox 75 1612 235 1659; x_wconf 91' lang='lat' dir='ltr'>positus</span> <span class='ocrx_word' id='word_1_224' title='bbox 256 1616 319 1651; x_wconf 89' lang='lat' dir='ltr'>est</span> <span class='ocrx_word' id='word_1_225' title='bbox 338 1603 492 1651; x_wconf 70' lang='grc'><strong>33111133</strong></span> <span class='ocrx_word' id='word_1_226' title='bbox 512 1618 551 1652; x_wconf 88' lang='grc'>31</span> <span class='ocrx_word' id='word_1_227' title='bbox 570 1613 822 1653; x_wconf 87' lang='lat' dir='ltr'>extrinsecus</span> <span class='ocrx_word' id='word_1_228' title='bbox 844 1615 1077 1662; x_wconf 87' lang='lat' dir='ltr'>speculatur</span> <span class='ocrx_word' id='word_1_229' title='bbox 1097 1614 1304 1660; x_wconf 85' lang='lat' dir='ltr'>adsectuS,</span> <span class='ocrx_word' id='word_1_230' title='bbox 1329 1617 1373 1651; x_wconf 91' lang='lat' dir='ltr'>ut</span> 
     </span>
     <span class='ocr_line' id='line_1_30' title="bbox 73 1666 1371 1730; baseline 0.002 -26"><span class='ocrx_word' id='word_1_231' title='bbox 73 1666 166 1705; x_wconf 85' lang='lat' dir='ltr'>illos</span> <span class='ocrx_word' id='word_1_232' title='bbox 195 1678 275 1705; x_wconf 90' lang='lat' dir='ltr'>non</span> <span class='ocrx_word' id='word_1_233' title='bbox 303 1667 475 1730; x_wconf 85' lang='lat' dir='ltr'>patiatur</span> <span class='ocrx_word' id='word_1_234' title='bbox 500 1669 604 1707; x_wconf 88' lang='lat' dir='ltr'>ultra</span> <span class='ocrx_word' id='word_1_235' title='bbox 632 1680 750 1718; x_wconf 89' lang='lat' dir='ltr'>quam</span> <span class='ocrx_word' id='word_1_236' title='bbox 777 1675 937 1718; x_wconf 89' lang='lat' dir='ltr'>oportet</span> <span class='ocrx_word' id='word_1_237' title='bbox 963 1670 1207 1719; x_wconf 90' lang='lat' dir='ltr'>procedere,</span> <span class='ocrx_word' id='word_1_238' title='bbox 1237 1669 1371 1707; x_wconf 86' lang='grc'><strong>3311111</strong></span> 
     </span>
     <span class='ocr_line' id='line_1_31' title="bbox 73 1723 1372 1774; baseline 0.002 -14"><span class='ocrx_word' id='word_1_239' title='bbox 73 1723 277 1762; x_wconf 83' lang='lat' dir='ltr'>adfectum</span> <span class='ocrx_word' id='word_1_240' title='bbox 316 1723 406 1772; x_wconf 90' lang='lat' dir='ltr'>ipse</span> <span class='ocrx_word' id='word_1_241' title='bbox 437 1728 609 1763; x_wconf 86' lang='lat' dir='ltr'>mutatur</span> <span class='ocrx_word' id='word_1_242' title='bbox 640 1724 816 1774; x_wconf 89' lang='lat' dir='ltr'>ideoque</span> <span class='ocrx_word' id='word_1_243' title='bbox 844 1737 924 1764; x_wconf 89' lang='lat' dir='ltr'>non</span> <span class='ocrx_word' id='word_1_244' title='bbox 955 1730 1089 1774; x_wconf 88' lang='lat' dir='ltr'>potest</span> <span class='ocrx_word' id='word_1_245' title='bbox 1108 1725 1243 1764; x_wconf 88' lang='lat' dir='ltr'>utilem</span> <span class='ocrx_word' id='word_1_246' title='bbox 1264 1724 1372 1762; x_wconf 82' lang='lat' dir='ltr'>illam</span> 
     </span>
     <span class='ocr_line' id='line_1_32' title="bbox 73 1779 1370 1830; baseline 0.002 -15"><span class='ocrx_word' id='word_1_247' title='bbox 73 1779 152 1816; x_wconf 86' lang='lat' dir='ltr'>vim</span> <span class='ocrx_word' id='word_1_248' title='bbox 175 1783 214 1816; x_wconf 89' lang='lat' dir='ltr'>et</span> <span class='ocrx_word' id='word_1_249' title='bbox 233 1780 468 1825; x_wconf 86' lang='lat' dir='ltr'>salutarem,</span> <span class='ocrx_word' id='word_1_250' title='bbox 496 1779 695 1827; x_wconf 90' lang='lat' dir='ltr'>proditam</span> <span class='ocrx_word' id='word_1_251' title='bbox 721 1782 798 1820; x_wconf 89' lang='lat' dir='ltr'>iam</span> <span class='ocrx_word' id='word_1_252' title='bbox 821 1781 1142 1830; x_wconf 86' lang='lat' dir='ltr'>infirmatamque</span> <span class='ocrx_word' id='word_1_253' title='bbox 1161 1790 1370 1819; x_wconf 82' lang='lat' dir='ltr'>revocare.</span> 
     </span>
     <span class='ocr_line' id='line_1_33' title="bbox 73 1833 1409 1884; baseline 0.003 -13"><span class='ocrx_word' id='word_1_254' title='bbox 73 1833 160 1872; x_wconf 89' lang='lat' dir='ltr'>Non</span> <span class='ocrx_word' id='word_1_255' title='bbox 181 1834 297 1882; x_wconf 88' lang='lat' dir='ltr'>enim,</span> <span class='ocrx_word' id='word_1_256' title='bbox 319 1839 363 1874; x_wconf 93' lang='lat' dir='ltr'>ut</span> <span class='ocrx_word' id='word_1_257' title='bbox 381 1834 476 1881; x_wconf 86' lang='lat' dir='ltr'>dixi,</span> <span class='ocrx_word' id='word_1_258' title='bbox 499 1840 706 1884; x_wconf 85' lang='lat' dir='ltr'>separatas</span> <span class='ocrx_word' id='word_1_259' title='bbox 733 1837 812 1875; x_wconf 88' lang='lat' dir='ltr'>ista</span> <span class='ocrx_word' id='word_1_260' title='bbox 837 1837 960 1876; x_wconf 88' lang='lat' dir='ltr'>sedes</span> <span class='ocrx_word' id='word_1_261' title='bbox 981 1847 1078 1876; x_wconf 86' lang='lat' dir='ltr'>suas</span> <span class='ocrx_word' id='word_1_262' title='bbox 1099 1837 1370 1884; x_wconf 89' lang='lat' dir='ltr'>diductasque</span> <span class='ocrx_word' id='word_1_263' title='bbox 1386 1840 1409 1875; x_wconf 81' lang='lat'><strong>3</strong></span> 
     </span>
     <span class='ocr_line' id='line_1_34' title="bbox 74 1888 1369 1941; baseline 0.002 -13"><span class='ocrx_word' id='word_1_264' title='bbox 74 1888 240 1938; x_wconf 85' lang='lat' dir='ltr'>habent,</span> <span class='ocrx_word' id='word_1_265' title='bbox 270 1891 344 1929; x_wconf 87' lang='lat' dir='ltr'>sed</span> <span class='ocrx_word' id='word_1_266' title='bbox 373 1891 555 1929; x_wconf 86' lang='lat' dir='ltr'>adfectus</span> <span class='ocrx_word' id='word_1_267' title='bbox 575 1895 614 1930; x_wconf 91' lang='lat' dir='ltr'>et</span> <span class='ocrx_word' id='word_1_268' title='bbox 630 1892 732 1931; x_wconf 91' lang='lat' dir='ltr'>ratio</span> <span class='ocrx_word' id='word_1_269' title='bbox 752 1893 793 1930; x_wconf 90' lang='lat' dir='ltr'>in</span> <span class='ocrx_word' id='word_1_270' title='bbox 814 1893 955 1931; x_wconf 87' lang='lat' dir='ltr'>melius</span> <span class='ocrx_word' id='word_1_271' title='bbox 976 1893 1176 1941; x_wconf 88' lang='lat' dir='ltr'>peiusque</span> <span class='ocrx_word' id='word_1_272' title='bbox 1205 1892 1369 1931; x_wconf 88' lang='lat' dir='ltr'>mutatio</span> 
     </span>
     <span class='ocr_line' id='line_1_35' title="bbox 76 1945 1370 1997; baseline 0.002 -14"><span class='ocrx_word' id='word_1_273' title='bbox 76 1945 196 1984; x_wconf 82' lang='lat' dir='ltr'>animi</span> <span class='ocrx_word' id='word_1_274' title='bbox 215 1950 289 1984; x_wconf 90' lang='lat' dir='ltr'>est.</span> <span class='ocrx_word' id='word_1_275' title='bbox 339 1946 549 1994; x_wconf 82' lang='lat' dir='ltr'>Quomodo</span> <span class='ocrx_word' id='word_1_276' title='bbox 570 1956 667 1994; x_wconf 83' lang='lat' dir='ltr'>ergo</span> <span class='ocrx_word' id='word_1_277' title='bbox 686 1948 788 1987; x_wconf 88' lang='lat' dir='ltr'>ratio</span> <span class='ocrx_word' id='word_1_278' title='bbox 809 1954 1007 1997; x_wconf 87' lang='lat' dir='ltr'>occupata</span> <span class='ocrx_word' id='word_1_279' title='bbox 1029 1952 1067 1985; x_wconf 89' lang='lat' dir='ltr'>et</span> <span class='ocrx_word' id='word_1_280' title='bbox 1089 1957 1290 1995; x_wconf 89' lang='lat' dir='ltr'>oppressa</span> <span class='ocrx_word' id='word_1_281' title='bbox 1311 1948 1370 1986; x_wconf 84' lang='lat' dir='ltr'>vi·</span> 
     </span>
     <span class='ocr_line' id='line_1_36' title="bbox 73 2000 1367 2052; baseline 0.003 -14"><span class='ocrx_word' id='word_1_282' title='bbox 73 2000 138 2039; x_wconf 89' lang='lat' dir='ltr'>tiis</span> <span class='ocrx_word' id='word_1_283' title='bbox 158 2006 352 2050; x_wconf 84' lang='lat' dir='ltr'>resurget,</span> <span class='ocrx_word' id='word_1_284' title='bbox 375 2013 480 2051; x_wconf 87' lang='lat' dir='ltr'>quae</span> <span class='ocrx_word' id='word_1_285' title='bbox 500 2002 582 2040; x_wconf 92' lang='lat' dir='ltr'>irae</span> <span class='ocrx_word' id='word_1_286' title='bbox 602 2002 751 2042; x_wconf 72' lang='lat' dir='ltr'>cessit?</span> <span class='ocrx_word' id='word_1_287' title='bbox 768 2008 834 2042; x_wconf 91' lang='lat' dir='ltr'>aut</span> <span class='ocrx_word' id='word_1_288' title='bbox 851 2003 1188 2052; x_wconf 85' lang='lat' dir='ltr'>quemadmodum</span> <span class='ocrx_word' id='word_1_289' title='bbox 1205 2013 1256 2041; x_wconf 89' lang='lat' dir='ltr'>ex</span> <span class='ocrx_word' id='word_1_290' title='bbox 1272 2013 1367 2042; x_wconf 85' lang='lat' dir='ltr'>con-</span> 
     </span>
     <span class='ocr_line' id='line_1_37' title="bbox 75 2056 1370 2107; baseline 0.002 -12"><span class='ocrx_word' id='word_1_291' title='bbox 75 2056 236 2095; x_wconf 83' lang='lat' dir='ltr'>fusione</span> <span class='ocrx_word' id='word_1_292' title='bbox 255 2068 301 2096; x_wconf 90' lang='lat' dir='ltr'>se</span> <span class='ocrx_word' id='word_1_293' title='bbox 320 2058 521 2105; x_wconf 84' lang='lat' dir='ltr'>liberabit,</span> <span class='ocrx_word' id='word_1_294' title='bbox 556 2058 595 2096; x_wconf 89' lang='lat' dir='ltr'>in</span> <span class='ocrx_word' id='word_1_295' title='bbox 625 2068 707 2106; x_wconf 88' lang='lat' dir='ltr'>qua</span> <span class='ocrx_word' id='word_1_296' title='bbox 727 2059 907 2107; x_wconf 86' lang='lat' dir='ltr'>peiorum</span> <span class='ocrx_word' id='word_1_297' title='bbox 927 2060 1101 2097; x_wconf 85' lang='lat' dir='ltr'>mixtura</span> <span class='ocrx_word' id='word_1_298' title='bbox 1120 2059 1370 2107; x_wconf 75' lang='lat' dir='ltr'>praevaluit?</span> 
     </span>
     <span class='ocr_line' id='line_1_38' title="bbox 73 2111 1407 2163; baseline 0.003 -13"><span class='ocrx_word' id='word_1_299' title='bbox 73 2111 182 2159; x_wconf 88' lang='lat' dir='ltr'>„Sed</span> <span class='ocrx_word' id='word_1_300' title='bbox 212 2113 394 2161; x_wconf 86' lang='lat' dir='ltr'>quidam,</span> <span class='ocrx_word' id='word_1_301' title='bbox 422 2114 569 2162; x_wconf 90' lang='lat' dir='ltr'>inquit,</span> <span class='ocrx_word' id='word_1_302' title='bbox 598 2114 638 2151; x_wconf 91' lang='lat' dir='ltr'>in</span> <span class='ocrx_word' id='word_1_303' title='bbox 667 2114 726 2152; x_wconf 87' lang='lat' dir='ltr'>ira</span> <span class='ocrx_word' id='word_1_304' title='bbox 753 2125 798 2153; x_wconf 90' lang='lat' dir='ltr'>se</span> <span class='ocrx_word' id='word_1_305' title='bbox 825 2115 1069 2153; x_wconf 87' lang='lat' dir='ltr'>continent.“</span> <span class='ocrx_word' id='word_1_306' title='bbox 1110 2114 1251 2154; x_wconf 88' lang='lat' dir='ltr'>Utrum</span> <span class='ocrx_word' id='word_1_307' title='bbox 1271 2114 1407 2163; x_wconf 80' lang='lat' dir='ltr'>ergo4</span> 
     </span>
     <span class='ocr_line' id='line_1_39' title="bbox 74 2167 1369 2219; baseline 0.001 -13"><span class='ocrx_word' id='word_1_308' title='bbox 74 2167 146 2214; x_wconf 83' lang='lat' dir='ltr'>ita,</span> <span class='ocrx_word' id='word_1_309' title='bbox 181 2172 225 2206; x_wconf 88' lang='lat' dir='ltr'>ut</span> <span class='ocrx_word' id='word_1_310' title='bbox 255 2168 351 2206; x_wconf 89' lang='lat' dir='ltr'>nihil</span> <span class='ocrx_word' id='word_1_311' title='bbox 378 2169 526 2207; x_wconf 82' lang='lat' dir='ltr'>faciant</span> <span class='ocrx_word' id='word_1_312' title='bbox 554 2179 692 2207; x_wconf 90' lang='lat' dir='ltr'>eorum</span> <span class='ocrx_word' id='word_1_313' title='bbox 714 2180 817 2217; x_wconf 87' lang='lat' dir='ltr'>quae</span> <span class='ocrx_word' id='word_1_314' title='bbox 836 2171 894 2208; x_wconf 84' lang='lat' dir='ltr'>ira</span> <span class='ocrx_word' id='word_1_315' title='bbox 915 2170 1037 2209; x_wconf 87' lang='grc'><strong>1113131</strong></span> <span class='ocrx_word' id='word_1_316' title='bbox 1055 2180 1106 2208; x_wconf 90' lang='lat' dir='ltr'>an</span> <span class='ocrx_word' id='word_1_317' title='bbox 1125 2175 1169 2209; x_wconf 89' lang='lat' dir='ltr'>ut</span> <span class='ocrx_word' id='word_1_318' title='bbox 1187 2171 1369 2219; x_wconf 67' lang='lat' dir='ltr'>aliquid?</span> 
     </span>
     <span class='ocr_line' id='line_1_40' title="bbox 75 2222 1366 2273; baseline 0.002 -13"><span class='ocrx_word' id='word_1_319' title='bbox 75 2222 110 2260; x_wconf 88' lang='lat' dir='ltr'>si</span> <span class='ocrx_word' id='word_1_320' title='bbox 138 2223 232 2261; x_wconf 89' lang='grc'><strong>311111</strong></span> <span class='ocrx_word' id='word_1_321' title='bbox 254 2224 422 2272; x_wconf 84' lang='lat' dir='ltr'>faciunt,</span> <span class='ocrx_word' id='word_1_322' title='bbox 456 2226 624 2273; x_wconf 84' lang='lat' dir='ltr'>adparet</span> <span class='ocrx_word' id='word_1_323' title='bbox 653 2236 732 2263; x_wconf 91' lang='lat' dir='ltr'>non</span> <span class='ocrx_word' id='word_1_324' title='bbox 754 2235 846 2263; x_wconf 86' lang='lat' dir='ltr'>esse</span> <span class='ocrx_word' id='word_1_325' title='bbox 866 2225 918 2263; x_wconf 90' lang='lat' dir='ltr'>ad</span> <span class='ocrx_word' id='word_1_326' title='bbox 939 2226 1117 2265; x_wconf 86' lang='lat' dir='ltr'>actiones</span> <span class='ocrx_word' id='word_1_327' title='bbox 1146 2237 1278 2264; x_wconf 88' lang='lat' dir='ltr'>rerum</span> <span class='ocrx_word' id='word_1_328' title='bbox 1298 2236 1366 2263; x_wconf 90' lang='lat' dir='ltr'>ne—</span> 
     </span>
     <span class='ocr_line' id='line_1_41' title="bbox 72 2279 1368 2330; baseline 0.002 -13"><span class='ocrx_word' id='word_1_329' title='bbox 72 2279 292 2318; x_wconf 84' lang='lat' dir='ltr'>cessariam</span> <span class='ocrx_word' id='word_1_330' title='bbox 311 2279 430 2330; x_wconf 87' lang='lat' dir='ltr'>iram,</span> <span class='ocrx_word' id='word_1_331' title='bbox 459 2291 578 2330; x_wconf 84' lang='lat' dir='ltr'>quam</span> <span class='ocrx_word' id='word_1_332' title='bbox 611 2291 706 2330; x_wconf 86' lang='lat' dir='ltr'>vos,</span> <span class='ocrx_word' id='word_1_333' title='bbox 737 2281 854 2329; x_wconf 79' lang='lat' dir='ltr'>quasi</span> <span class='ocrx_word' id='word_1_334' title='bbox 880 2282 1021 2321; x_wconf 78' lang='lat' dir='ltr'>fortius</span> <span class='ocrx_word' id='word_1_335' title='bbox 1040 2282 1192 2330; x_wconf 88' lang='lat' dir='ltr'>aliquid</span> <span class='ocrx_word' id='word_1_336' title='bbox 1212 2281 1368 2321; x_wconf 87' lang='lat' dir='ltr'>ratione</span> 
     </span>
    </p>
   </div>
  </div>
 </body>
</html>
