1624 2626
147 145 217 186 AD
228 138 463 188 HELVIAM
471 144 690 185 MATREM
699 143 766 184 DE
776 134 1171 185 CONSOLATIONE.
1182 149 1294 186 1—4.
1312 143 1396 186 239

117 249 334 288 adventum
343 247 429 287 eius
445 252 718 297 exspectares,
729 246 910 286 amisisti.
931 250 981 285 -et
995 256 1045 285 ne
1062 246 1267 289 saevitiam
1278 258 1394 287 suam

118 305 278 344 fortuna
315 302 506 343 leviorem
537 303 766 342 diducendo
802 303 971 350 faceret,
1013 301 1119 341 intra
1148 303 1394 343 tricesimum

118 360 223 399 diem
250 358 499 399 carissimum
526 359 678 407 virum,
709 369 762 398 ex
789 367 868 407 quo
895 363 1020 397 mater
1040 359 1157 397 trium
1175 358 1393 398 liberorum

118 425 207 454 eras
219 445 228 463 ,
248 415 435 454 extulisti.
473 415 640 464 Lugenti
660 413 731 453 tibi
750 414 880 453 luctus
900 412 1103 453 nuntiatus
1124 418 1188 453 est
1206 415 1392 454 omnibus
1409 422 1432 458 5

117 470 275 520 quidem
305 469 538 510 absentibus
564 470 722 516 liberis,
753 469 872 518 quasi
889 469 942 508 de
961 468 1158 509 industria
1175 468 1216 508 in
1235 468 1278 509 id
1295 476 1394 510 tem-

113 536 192 575 pus
213 526 404 565 coniectis
425 525 539 565 malis
558 525 658 573 tuis,
678 529 722 564 ut
739 523 836 564 nihil
852 530 983 574 esset,
1005 525 1075 564 ubi
1095 535 1142 565 se
1161 525 1278 564 dolor
1298 532 1393 566 tuus

113 581 335 621 reclinaret.
363 581 540 621 Transeo
562 585 620 620 tot
640 580 837 630 pericula,
855 585 913 620 tot
929 585 1080 630 metus,
1102 591 1208 630 quos
1229 581 1316 620 sine
1335 581 1392 620 in-

112 637 279 676 tervallo
306 637 346 675 in
373 642 413 676 te
440 637 681 676 incursantis
701 636 917 685 pertulisti:
936 637 1059 676 modo
1079 637 1201 676 modo
1222 637 1261 675 in
1283 647 1391 676 eum-

113 692 205 730 dem
225 692 368 741 sinum,
388 703 441 731 ex
463 702 546 742 quo
566 697 649 732 tres
669 697 839 741 nepotes
855 692 1060 740 emiseras,
1077 703 1175 733 ossa
1190 693 1307 732 trium
1322 703 1391 731 ne—

114 753 252 795 potum
261 747 463 797 recepisti.
488 749 596 787 Intra
610 747 845 788 vicesimum
860 748 976 795 diem,
995 758 1113 796 quam
1123 747 1248 787 filium
1259 758 1393 787 meum

113 803 153 840 in
174 803 358 843 manibus
384 809 425 843 et
447 803 488 842 in
517 803 668 843 osculis
696 803 775 843 tuis
795 807 994 842 mortuum
1015 804 1297 852 funeraveras,
1329 814 1392 842 ra—

113 862 223 907 ptum
244 869 308 897 me
327 859 494 899 audisti:
513 858 596 899 hoc
614 859 746 899 adhuc
767 859 951 898 defuerat
969 859 1039 898 tibi
1058 860 1195 907 lugere
1214 859 1344 898 vivos.

193 913 258 951 III.
290 913 581 954 Gravissimum
609 918 672 954 est
699 925 750 954 ex
773 915 978 963 omnibus,
1015 925 1121 963 quae
1140 925 1332 964 umquam
1352 914 1390 953 in
1409 926 1430 960 l

112 978 262 1017 corpus
282 974 392 1008 tuum
412 970 727 1018 descenderunt,
751 980 895 1009 recens
923 971 1090 1018 volnus,
1126 971 1266 1010 fateor.
1310 981 1392 1010 non

111 1035 306 1063 summam
331 1030 460 1078 cutem
478 1025 604 1074 rupit,
624 1031 767 1074 pectus
787 1029 828 1064 et
845 1026 1003 1064 viscera
1021 1026 1113 1074 ipsa
1131 1025 1278 1065 divisit.
1310 1025 1394 1065 Sed

110 1080 448 1128 quemadmodum
473 1081 624 1119 tirones
650 1080 792 1120 leviter
823 1081 949 1120 saucii
968 1085 1101 1120 tamen
1122 1081 1393 1120 vociferantur

109 1139 148 1173 et
168 1145 312 1174 manus
334 1136 579 1176 medicorum
600 1137 727 1184 magis
750 1147 870 1185 quam
890 1137 1039 1175 ferrum
1059 1136 1242 1185 horrent,
1263 1142 1304 1176 at
1324 1147 1391 1175 ve-

106 1190 254 1238 terani,
285 1191 467 1240 quamvis
488 1191 690 1239 confossi,
719 1193 917 1241 patienter
936 1203 983 1231 ae
1004 1193 1092 1231 sine
1111 1193 1262 1241 gemitu
1281 1193 1393 1232 velut

107 1246 237 1284 aliena
256 1257 427 1296 corpora
447 1246 648 1286 exsaniari
669 1248 892 1296 patiuntur:
919 1247 973 1287 ita
986 1253 1030 1288 tu
1044 1259 1152 1287 nunc
1167 1248 1294 1287 debes
1310 1248 1390 1287 sor-

105 1301 194 1339 titer
214 1302 409 1350 praebere
427 1307 466 1342 te
485 1302 693 1342 curationi.
735 1304 1040 1343 lamentationes
1066 1304 1227 1353 quidem
1248 1309 1286 1343 et
1307 1304 1384 1342 eiu·
1404 1317 1427 1351 2

106 1356 208 1396 latus
241 1362 280 1395 et
307 1358 404 1406 alia,
439 1369 512 1407 per
536 1368 640 1407 quae
668 1359 752 1397 sere
779 1359 957 1398 mulieris
979 1359 1096 1398 dolor
1117 1360 1387 1406 tumultuatur,

106 1421 260 1450 amove.
290 1413 500 1462 perdidisti
520 1413 626 1453 enim
642 1418 701 1454 tot
718 1415 843 1462 mala,
873 1415 907 1453 si
927 1415 1106 1454 nondum
1127 1415 1275 1454 misera
1295 1425 1389 1454 esse

107 1466 294 1506 didicisti.
339 1468 497 1517 Ecquid
525 1470 667 1508 videor
695 1481 775 1510 non
795 1469 931 1510 timide
951 1475 1083 1510 tecum
1103 1470 1265 1519 egisse?
1291 1470 1389 1508 nihil

105 1521 175 1559 tibi
204 1523 378 1585 subduxi
404 1534 456 1563 ex
473 1525 589 1564 malis
608 1524 707 1574 tuis,
737 1526 811 1566 sed
832 1527 965 1566 omnia
983 1531 1222 1566 coacervata
1241 1530 1332 1565 ante
1352 1530 1389 1564 te

107 1586 240 1625 posui.

186 1632 254 1673 IV.
284 1632 431 1682 Magno
451 1634 492 1673 id
513 1635 644 1675 animo
668 1635 757 1675 feci.
797 1636 985 1676 constitui
1007 1637 1110 1676 enim
1130 1637 1294 1676 vincere
1314 1637 1385 1676 do-
1403 1645 1424 1678 1

105 1687 228 1728 iorem
245 1693 367 1736 tuum,
379 1701 458 1730 non
474 1690 814 1731 circumscribere.
844 1692 925 1731 vin
937 1703 1039 1732 cam
1061 1705 1083 1732 a
1094 1698 1234 1740 utem,
1252 1703 1278 1741 p
1289 1698 1386 1740 utu,

106 1744 315 1792 primum
348 1745 390 1784 si
423 1747 704 1787 ostendero
739 1746 868 1786 nihil
899 1758 972 1787 me
1006 1750 1131 1798 pati,
1174 1753 1387 1798 propter

107 1799 241 1847 quod
269 1800 382 1849 ipse
411 1801 514 1840 dici
540 1802 734 1850 possim
762 1803 935 1851 miser,
970 1805 1151 1844 nedum
1171 1809 1387 1853 propter

108 1855 243 1902 quod
261 1856 480 1896 miseros
501 1857 649 1896 etiam
670 1869 798 1907 quos
820 1859 1062 1908 contingo
1084 1860 1288 1899 faciam:
1309 1859 1386 1897 de-

106 1909 223 1948 inde
257 1911 300 1950 si
333 1911 392 1950 ad
426 1917 472 1951 te
506 1913 764 1953 transiero
793 1919 842 1953 et
867 1916 1154 1963 probavero
1175 1925 1234 1953 ne
1253 1920 1386 1953 tuam

106 1964 308 2013 quidem
340 1977 543 2015 gravem
578 1978 698 2008 esse
728 1970 1003 2020 fortunam,
1037 1980 1164 2020 quae
1191 1975 1299 2010 tota
1325 1967 1386 2010 ex

105 2030 142 2058 m
155 2030 177 2058 e
187 2031 211 2059 a
231 2032 256 2070 p
267 2031 290 2059 e
299 2033 324 2060 n
335 2023 360 2061 d
372 2032 395 2060 e
406 2028 432 2062 t.

185 2076 286 2115 Hoc
306 2077 451 2126 prius
471 2078 763 2128 adgrediar,
794 2081 903 2130 quod
922 2081 1051 2130 pietas
1071 2086 1140 2121 tua
1158 2080 1297 2121 audire
1315 2092 1383 2131 ge·
1403 2094 1426 2128 2

107 2129 193 2179 stit,
212 2131 339 2170 nihil
357 2134 478 2173 mihi
496 2135 610 2173 mali
632 2146 769 2174 esse=
791 2135 825 2175 si
844 2141 1036 2186 potuero,
1055 2137 1168 2186 ipsas
1187 2147 1274 2186 res,
1296 2137 1382 2187 qui-

105 2184 181 2225 bus
191 2196 256 2226 me
269 2192 388 2236 putas
407 2189 545 2239 premi,
565 2202 647 2230 non
668 2201 761 2230 esse
775 2191 1045 2231 intolerabiles
1062 2192 1382 2232 raciammanire·

108 2245 222 2280 stum.
265 2242 327 2282 sin
355 2243 396 2282 id
420 2246 529 2285 credi
558 2257 639 2286 non
660 2247 851 2295 potuerit:
880 2252 919 2286 at
936 2257 1014 2296 ego
1033 2247 1129 2287 mihi
1146 2247 1236 2298 ipse
1253 2249 1383 2297 magis

108 2295 298 2347 placebo,
333 2300 442 2349 quod
472 2301 575 2341 inter
600 2312 670 2342 eas
699 2313 767 2342 res
792 2301 934 2343 beatus
962 2313 1052 2354 ero,
1087 2314 1191 2354 quae
1209 2304 1382 2345 miseros
