1624 2626
60 140 132 180 AD
142 136 378 178 HELVIAM
390 136 609 176 MATREM
617 136 684 176 DE
696 135 1093 176 CONSOLATIONE.
1110 142 1166 176 15.
1178 141 1233 177 16.
1260 134 1344 177 255

63 251 182 291 quam
202 242 417 278 exuerunt:
449 249 473 277 a
493 242 531 277 te
551 238 643 287 plus
659 235 782 285 exigit
795 235 878 276 vita
892 235 942 275 ab
956 236 1064 276 initio
1082 237 1232 277 sortior.
1262 248 1343 278 non

61 301 196 346 potest
221 294 426 334 muliebris
455 293 665 332 excusatio
693 293 924 345 contingere
951 291 1009 340 ei,
1037 303 1062 331 a
1095 303 1175 342 qua
1210 292 1345 333 omnia

62 350 268 392 muliebria
288 350 383 389 vitia
400 351 596 389 afuerunt.
634 349 723 388 Non
742 353 783 387 te
799 347 1018 387 maximum
1037 348 1165 388 seculi
1185 350 1343 399 malum,
1358 353 1381 390 3

60 407 312 457 inpudicitia,
332 406 372 444 in
392 416 600 444 numerum
616 405 788 454 plurium
801 403 981 444 adduxit.
1007 415 1088 443 non
1099 414 1282 452 gemmae
1291 410 1341 453 te,

59 468 140 503 non
156 461 394 511 margaritae
410 461 621 500 flexerunt.
652 471 731 499 non
749 459 819 499 tibi
833 460 994 513 divitiae
1004 460 1114 499 velut
1127 461 1343 500 maximum

59 517 220 568 generis
247 518 409 557 humani
429 517 580 556 bonum
598 516 854 556 refulserunt.
898 527 979 555 non
998 521 1058 563 te,
1087 516 1191 554 bene
1211 515 1252 555 in
1272 527 1342 555 an·

58 575 168 624 tiqua
190 579 230 613 et
247 584 390 613 severa
409 573 626 612 institutam
646 572 789 619 domo,
810 571 1039 621 periculosa
1061 571 1179 610 etiam
1203 572 1342 621 probis

58 630 243 679 peiorum
263 629 431 668 detorsit
449 628 628 668 imitatio.
663 638 878 676 numquam
902 633 942 668 te
960 627 1216 667 fecunditatis
1236 633 1342 677 tuae,

59 686 176 735 quasi
195 685 460 734 exprobraret
479 689 668 731 aetatem,
695 683 850 732 puduit.
881 694 1100 733 numquam
1118 694 1231 723 more
1246 683 1342 723 alia·

58 753 165 788 rum,
197 741 344 790 quibus
374 740 504 779 omnis
532 738 825 779 commendatio
853 749 904 778 ex
930 740 1060 779 forma
1086 740 1252 788 petitur,
1282 745 1342 780 tu-

58 802 303 837 mescentem
322 801 479 835 uterum
500 795 751 840 abscondisti
772 795 889 844 quasi
909 795 1100 834 indecens
1122 806 1246 844 onus,
1266 806 1343 836 nec

57 853 156 892 iutra
177 853 333 891 viscera
361 858 427 891 tua
457 857 678 901 conceptas
700 861 797 900 spes
817 850 1033 890 liberorum
1055 850 1209 890 elisisti.
1254 851 1342 891 Non
1357 855 1381 890 4

58 909 200 946 faciem
230 907 434 947 coloribus
462 918 511 946 ac
543 906 754 946 lenociniis
786 906 976 955 polluisti.
1021 917 1240 956 numquam
1274 907 1344 946 tibi

59 964 208 1012 placuit
230 963 374 1010 vestis,
403 973 507 1012 quae
532 962 628 1001 nihil
649 963 820 1012 amplius
840 963 1027 1009 nudaret,
1059 973 1149 1001 cum
1171 973 1342 1011 ponere-

58 1025 140 1059 tur:
167 1019 328 1058 unicum
344 1019 412 1057 tibi
428 1024 701 1058 ornamentum
717 1017 984 1067 pulcherrima
998 1023 1037 1057 et
1051 1018 1148 1056 nulli
1165 1018 1343 1058 obnoxia

58 1075 175 1114 aetati
201 1075 355 1120 forma,
390 1075 604 1126 maximum
633 1074 758 1113 decus
786 1073 876 1112 visa
902 1079 965 1113 est
998 1074 1202 1122 pudicitia.
1253 1074 1339 1114 Non
1356 1080 1378 1114 5

59 1136 174 1179 potes
205 1129 342 1179 itaque
373 1130 426 1168 ad
461 1129 721 1169 obtinendum
755 1129 936 1168 dolorem
972 1129 1166 1168 muliebre
1194 1141 1341 1169 nomen

34 1228 41 1236 ,
58 1185 340 1235 praetendere,
369 1196 422 1224 ex
441 1196 521 1234 quo
543 1190 582 1224 te
603 1186 766 1224 virtutes
788 1190 879 1225 tuae
899 1185 1160 1224 seduxerunt.
1190 1190 1341 1225 tantum

57 1241 182 1280 debes
211 1252 236 1280 a
261 1241 495 1280 feminarum
522 1242 697 1280 lacrimis
729 1241 901 1288 abesse,
939 1246 1131 1290 quantum
1163 1253 1189 1280 a
1221 1243 1341 1280 vitiis.

55 1297 112 1335 Ne
133 1296 306 1336 feminae
321 1297 481 1346 quidem
502 1302 541 1336 te
561 1298 694 1336 sinent
711 1296 961 1336 intabescere
980 1296 1137 1336 volneri
1156 1302 1244 1346 tuo,
1267 1298 1340 1337 sed

58 1353 136 1391 leni
163 1365 213 1392 ac
239 1353 474 1392 necessario
502 1363 687 1392 moerore
707 1353 788 1399 cito>
806 1353 1033 1392 defunctam
1057 1352 1250 1393 iubebunt
1270 1364 1340 1392 ex-

58 1419 242 1456 surgere,
273 1409 308 1447 si
334 1409 457 1448 modo
485 1409 574 1447 illas
602 1409 744 1448 intueri
764 1409 877 1448 voles
898 1409 1087 1455 feminas,
1119 1420 1222 1457 quas
1244 1420 1339 1448 con-

58 1468 198 1511 specta
225 1463 351 1502 virtus
379 1464 480 1503 inter
506 1475 676 1513 magnos
704 1464 815 1504 viros
843 1464 990 1513 posuit.
1041 1463 1265 1503 Corneliam
1290 1470 1378 1506 exe

58 1519 270 1557 duodecim
289 1519 424 1558 liberis
443 1520 495 1558 ad
516 1520 618 1559 duos
639 1520 796 1560 fortuna
815 1520 1038 1568 redegerat.
1074 1520 1108 1558 si
1129 1530 1341 1559 numerare

58 1575 200 1612 funera
228 1574 434 1613 Corneliae
465 1576 609 1623 velles,
638 1576 826 1615 amiserat
853 1576 1015 1614 decem:
1054 1575 1089 1614 si
1114 1575 1338 1624 aestimare,

57 1630 246 1669 amiserat
267 1629 484 1669 Gracchos.
511 1629 700 1670 flentibus
719 1636 850 1670 tamen
871 1631 978 1670 circa
998 1642 1044 1670 se
1059 1636 1099 1670 et
1113 1633 1235 1671 fatum
1252 1632 1339 1671 eius
1368 1647 1375 1653 ·

58 1684 364 1724 exsecrantibus
386 1685 606 1733 interdixit,
636 1697 712 1734 „ne
733 1687 931 1726 fortunam
950 1693 1208 1736 accusarent,
1235 1698 1340 1736 quae

59 1740 136 1779 sibi
153 1741 260 1780 filios
283 1741 488 1780 Gracchos
508 1741 727 1781 dedisset.“
770 1742 832 1780 Ex
850 1742 927 1781 hac
947 1743 1094 1782 semina
1113 1743 1251 1782 debuit
1269 1754 1338 1782 na—

59 1796 138 1844 sci,
168 1796 237 1846 qui
265 1796 418 1836 diceret
445 1797 483 1835 in
507 1796 721 1837 concione:
769 1797 826 1837 Tu
851 1800 972 1837 matri
986 1810 1095 1838 meae
1113 1800 1338 1847 maledicas,

57 1864 158 1901 quae
183 1864 243 1892 me
265 1850 450 1902 peperit?
489 1852 613 1892 Multo
640 1853 734 1892 mihi
755 1864 832 1892 vox
853 1854 990 1892 matris
1009 1853 1169 1894 videtur
1188 1854 1339 1893 animo-

18 1951 25 1957 ,
60 1908 158 1946 sior:
182 1908 289 1948 fitius
306 1919 452 1957 magno
468 1909 691 1948 aestimavit
701 1909 969 1949 Gracchorum
983 1910 1148 1957 natales,
1166 1914 1291 1948 mater
1300 1915 1341 1949 et

60 1963 212 2002 funera.
240 1964 386 2003 Rutilia
396 1964 546 2003 Cottam
563 1962 687 2003 filium
704 1970 843 2004 secuta
858 1965 973 2004 estin
985 1965 1147 2004 exilium
1155 1970 1194 2004 et
1206 1975 1339 2014 usque
1354 1968 1374 2004 7

60 2028 109 2058 eo
130 2018 202 2057 suit
218 2018 465 2068 induigentia
480 2019 717 2065 constricta,
739 2025 782 2059 ut
795 2021 927 2059 mallet
941 2020 1102 2059 exilium
1118 2021 1200 2069 pati
1217 2032 1337 2070 quam

60 2073 323 2123 desiderium,
363 2086 439 2114 nec
467 2080 558 2114 ante
586 2076 624 2113 in
654 2075 819 2124 patriam
841 2087 959 2124 quam
980 2086 1069 2114 cum
1098 2075 1179 2115 filio
1206 2075 1337 2116 rediit.

59 2128 252 2169 Eumdem
272 2131 347 2169 iam
367 2131 555 2170 reducem
579 2136 618 2169 et
645 2131 684 2168 in
702 2130 909 2179 republica
928 2130 1137 2170 florentem
1157 2136 1235 2170 tam
1257 2132 1336 2171 sor·

62 2184 150 2223 titer
168 2186 298 2225 amisit
317 2197 438 2235 quam
457 2191 594 2226 secuta
615 2191 688 2225 est.
718 2197 792 2225 nec
814 2186 1026 2235 quisquam
1048 2187 1232 2226 lacrimas
1249 2188 1337 2226 eius

65 2245 157 2287 post
174 2242 318 2281 elatum
337 2242 459 2280 filium
481 2243 644 2281 notavit.
688 2242 730 2280 In
753 2242 925 2290 expulso
947 2242 1130 2281 virtutem
1149 2243 1334 2290 ostendit,

63 2294 102 2333 in
121 2295 270 2337 amisso
294 2298 562 2347 prudentiam:
590 2309 679 2337 nam
702 2303 741 2338 et
762 2296 855 2336 nihil
878 2298 1025 2337 illama
1043 2298 1187 2347 pietate
1203 2299 1331 2339 deter-
