<?xml version="1.0" encoding="UTF-8"?>
<!DOCTYPE html PUBLIC "-//W3C//DTD XHTML 1.0 Transitional//EN"
    "http://www.w3.org/TR/xhtml1/DTD/xhtml1-transitional.dtd">
<html xmlns="http://www.w3.org/1999/xhtml" xml:lang="en" lang="en">
 <head>
  <title>
</title>
<meta http-equiv="Content-Type" content="text/html;charset=utf-8" />
  <meta name='ocr-system' content='tesseract 3.04.00' />
  <meta name='ocr-capabilities' content='ocr_page ocr_carea ocr_par ocr_line ocrx_word'/>
</head>
<body>
  <div class='ocr_page' id='page_1' title='image "./operaquaesupersu01seneuoft/operaquaesupersu01seneuoft_0121.png"; bbox 0 0 1624 2626; ppageno 0'>
   <div class='ocr_carea' id='block_1_1' title="bbox 262 133 1312 193">
    <p class='ocr_par' dir='ltr' id='par_1_1' title="bbox 262 133 1312 193">
     <span class='ocr_line' id='line_1_1' title="bbox 262 133 1312 193; baseline -0.018 0"><span class='ocrx_word' id='word_1_1' title='bbox 262 152 396 193; x_wconf 79' lang='lat' dir='ltr'>DIAL.</span> <span class='ocrx_word' id='word_1_2' title='bbox 416 151 467 189; x_wconf 91' lang='lat' dir='ltr'>V.</span> <span class='ocrx_word' id='word_1_3' title='bbox 504 147 572 188; x_wconf 90' lang='lat' dir='ltr'>DE</span> <span class='ocrx_word' id='word_1_4' title='bbox 591 146 682 185; x_wconf 80' lang='lat' dir='ltr'>IRA</span> <span class='ocrx_word' id='word_1_5' title='bbox 700 143 796 183; x_wconf 91' lang='lat' dir='ltr'>LIB.</span> <span class='ocrx_word' id='word_1_6' title='bbox 815 141 881 181; x_wconf 90' lang='lat'>111.</span> <span class='ocrx_word' id='word_1_7' title='bbox 900 143 1062 181; x_wconf 75' lang='lat'>34—37.</span> <span class='ocrx_word' id='word_1_8' title='bbox 1232 133 1312 175; x_wconf 85' lang='lat'>107</span> 
     </span>
    </p>
   </div>
   <div class='ocr_carea' id='block_1_2' title="bbox 31 234 1383 1804">
    <p class='ocr_par' dir='ltr' id='par_1_2' title="bbox 31 234 1383 1804">
     <span class='ocr_line' id='line_1_2' title="bbox 31 234 1313 310; baseline -0.021 -11"><span class='ocrx_word' id='word_1_9' title='bbox 31 259 191 310; x_wconf 82' lang='lat' dir='ltr'>quilluS,</span> <span class='ocrx_word' id='word_1_10' title='bbox 211 265 330 305; x_wconf 88' lang='lat' dir='ltr'>quam</span> <span class='ocrx_word' id='word_1_11' title='bbox 351 253 453 291; x_wconf 91' lang='lat' dir='ltr'>altus</span> <span class='ocrx_word' id='word_1_12' title='bbox 473 260 520 289; x_wconf 87' lang='lat' dir='ltr'>ac</span> <span class='ocrx_word' id='word_1_13' title='bbox 540 247 653 294; x_wconf 89' lang='lat' dir='ltr'>liber,</span> <span class='ocrx_word' id='word_1_14' title='bbox 675 255 766 284; x_wconf 88' lang='lat' dir='ltr'>cum</span> <span class='ocrx_word' id='word_1_15' title='bbox 786 246 853 282; x_wconf 88' lang='lat' dir='ltr'>aut</span> <span class='ocrx_word' id='word_1_16' title='bbox 870 239 1056 280; x_wconf 87' lang='lat' dir='ltr'>laudatus</span> <span class='ocrx_word' id='word_1_17' title='bbox 1077 240 1139 276; x_wconf 89' lang='lat' dir='ltr'>est</span> <span class='ocrx_word' id='word_1_18' title='bbox 1158 234 1313 274; x_wconf 89' lang='lat' dir='ltr'>animus</span> 
     </span>
     <span class='ocr_line' id='line_1_3' title="bbox 32 297 1315 355; baseline -0.021 0"><span class='ocrx_word' id='word_1_19' title='bbox 32 319 100 355; x_wconf 85' lang='lat' dir='ltr'>aut</span> <span class='ocrx_word' id='word_1_20' title='bbox 119 310 344 352; x_wconf 88' lang='lat' dir='ltr'>admonitus</span> <span class='ocrx_word' id='word_1_21' title='bbox 374 312 413 346; x_wconf 93' lang='lat' dir='ltr'>et</span> <span class='ocrx_word' id='word_1_22' title='bbox 433 303 662 355; x_wconf 83' lang='lat' dir='ltr'>speculator</span> <span class='ocrx_word' id='word_1_23' title='bbox 690 299 754 339; x_wconf 91' lang='lat' dir='ltr'>sui</span> <span class='ocrx_word' id='word_1_24' title='bbox 780 305 1009 345; x_wconf 83' lang='lat' dir='ltr'><strong>censorque</strong></span> <span class='ocrx_word' id='word_1_25' title='bbox 1037 297 1219 332; x_wconf 87' lang='lat' dir='ltr'>secretus</span> <span class='ocrx_word' id='word_1_26' title='bbox 1247 301 1315 329; x_wconf 91' lang='lat' dir='ltr'>co-</span> 
     </span>
     <span class='ocr_line' id='line_1_4' title="bbox 32 346 1359 420; baseline -0.022 -9"><span class='ocrx_word' id='word_1_27' title='bbox 32 367 192 420; x_wconf 87' lang='lat' dir='ltr'>gnoscit</span> <span class='ocrx_word' id='word_1_28' title='bbox 211 367 262 406; x_wconf 88' lang='lat' dir='ltr'>de</span> <span class='ocrx_word' id='word_1_29' title='bbox 281 363 462 404; x_wconf 89' lang='lat' dir='ltr'>moribus</span> <span class='ocrx_word' id='word_1_30' title='bbox 484 360 599 400; x_wconf 66' lang='lat' dir='ltr'>suis?</span> <span class='ocrx_word' id='word_1_31' title='bbox 654 357 754 397; x_wconf 90' lang='lat' dir='ltr'>Utor</span> <span class='ocrx_word' id='word_1_32' title='bbox 778 354 855 393; x_wconf 88' lang='lat' dir='ltr'>hac</span> <span class='ocrx_word' id='word_1_33' title='bbox 877 354 1077 402; x_wconf 75' lang='lat' dir='ltr'>potestate</span> <span class='ocrx_word' id='word_1_34' title='bbox 1105 353 1145 387; x_wconf 88' lang='lat' dir='ltr'>et</span> <span class='ocrx_word' id='word_1_35' title='bbox 1171 346 1316 387; x_wconf 83' lang='lat' dir='ltr'>cotidie</span> <span class='ocrx_word' id='word_1_36' title='bbox 1336 347 1359 383; x_wconf 79' lang='grc'>3</span> 
     </span>
     <span class='ocr_line' id='line_1_5' title="bbox 33 403 1319 476; baseline -0.02 -10"><span class='ocrx_word' id='word_1_37' title='bbox 33 425 142 476; x_wconf 89' lang='lat' dir='ltr'>apud</span> <span class='ocrx_word' id='word_1_38' title='bbox 161 433 225 462; x_wconf 89' lang='lat' dir='ltr'>me</span> <span class='ocrx_word' id='word_1_39' title='bbox 244 430 408 460; x_wconf 86' lang='lat' dir='ltr'>causam</span> <span class='ocrx_word' id='word_1_40' title='bbox 428 418 533 457; x_wconf 91' lang='lat' dir='ltr'>dico.</span> <span class='ocrx_word' id='word_1_41' title='bbox 572 425 663 453; x_wconf 92' lang='lat' dir='ltr'>cum</span> <span class='ocrx_word' id='word_1_42' title='bbox 684 411 880 451; x_wconf 88' lang='lat' dir='ltr'>sublatum</span> <span class='ocrx_word' id='word_1_43' title='bbox 902 419 925 447; x_wconf 91' lang='grc'><strong>6</strong></span> <span class='ocrx_word' id='word_1_44' title='bbox 944 408 1167 454; x_wconf 89' lang='lat' dir='ltr'>conspectu</span> <span class='ocrx_word' id='word_1_45' title='bbox 1184 403 1319 442; x_wconf 90' lang='lat' dir='ltr'>lumen</span> 
     </span>
     <span class='ocr_line' id='line_1_6' title="bbox 34 458 1320 522; baseline -0.021 0"><span class='ocrx_word' id='word_1_46' title='bbox 34 487 98 522; x_wconf 87' lang='lat' dir='ltr'>est</span> <span class='ocrx_word' id='word_1_47' title='bbox 116 485 156 520; x_wconf 88' lang='lat' dir='ltr'>et</span> <span class='ocrx_word' id='word_1_48' title='bbox 175 477 364 518; x_wconf 83' lang='lat' dir='ltr'>conticuit</span> <span class='ocrx_word' id='word_1_49' title='bbox 380 485 485 514; x_wconf 87' lang='lat' dir='ltr'>uxor</span> <span class='ocrx_word' id='word_1_50' title='bbox 510 470 635 511; x_wconf 89' lang='lat' dir='ltr'>moris</span> <span class='ocrx_word' id='word_1_51' title='bbox 663 467 743 507; x_wconf 91' lang='lat' dir='ltr'>mei</span> <span class='ocrx_word' id='word_1_52' title='bbox 762 467 840 505; x_wconf 87' lang='lat' dir='ltr'>iam</span> <span class='ocrx_word' id='word_1_53' title='bbox 858 463 1037 509; x_wconf 84' lang='lat' dir='ltr'>conscia,</span> <span class='ocrx_word' id='word_1_54' title='bbox 1065 465 1192 500; x_wconf 89' lang='lat' dir='ltr'>totum</span> <span class='ocrx_word' id='word_1_55' title='bbox 1213 458 1320 497; x_wconf 90' lang='lat' dir='ltr'>diem</span> 
     </span>
     <span class='ocr_line' id='line_1_7' title="bbox 34 512 1321 578; baseline -0.021 -1"><span class='ocrx_word' id='word_1_56' title='bbox 34 547 167 578; x_wconf 88' lang='lat' dir='ltr'>meum</span> <span class='ocrx_word' id='word_1_57' title='bbox 186 538 344 574; x_wconf 90' lang='lat' dir='ltr'>scrutor</span> <span class='ocrx_word' id='word_1_58' title='bbox 365 532 551 578; x_wconf 78' lang='lat' dir='ltr'>factaque</span> <span class='ocrx_word' id='word_1_59' title='bbox 571 537 619 565; x_wconf 87' lang='lat' dir='ltr'>ac</span> <span class='ocrx_word' id='word_1_60' title='bbox 640 526 747 564; x_wconf 87' lang='lat' dir='ltr'>dicta</span> <span class='ocrx_word' id='word_1_61' title='bbox 764 532 854 560; x_wconf 82' lang='lat' dir='ltr'>mea</span> <span class='ocrx_word' id='word_1_62' title='bbox 870 517 1072 559; x_wconf 88' lang='lat' dir='ltr'>remetior.</span> <span class='ocrx_word' id='word_1_63' title='bbox 1108 515 1206 554; x_wconf 86' lang='lat' dir='ltr'>nihil</span> <span class='ocrx_word' id='word_1_64' title='bbox 1226 512 1321 552; x_wconf 91' lang='lat' dir='ltr'>mihi</span> 
     </span>
     <span class='ocr_line' id='line_1_8' title="bbox 34 572 1323 644; baseline -0.022 -10"><span class='ocrx_word' id='word_1_65' title='bbox 34 593 125 644; x_wconf 87' lang='lat' dir='ltr'>ipse</span> <span class='ocrx_word' id='word_1_66' title='bbox 153 589 374 635; x_wconf 86' lang='lat' dir='ltr'>abscondo,</span> <span class='ocrx_word' id='word_1_67' title='bbox 402 585 500 625; x_wconf 89' lang='lat' dir='ltr'>nihil</span> <span class='ocrx_word' id='word_1_68' title='bbox 525 589 705 622; x_wconf 80' lang='lat' dir='ltr'>transeo.</span> <span class='ocrx_word' id='word_1_69' title='bbox 745 587 871 628; x_wconf 87' lang='lat' dir='ltr'>quare</span> <span class='ocrx_word' id='word_1_70' title='bbox 892 574 998 615; x_wconf 86' lang='lat' dir='ltr'>enim</span> <span class='ocrx_word' id='word_1_71' title='bbox 1026 572 1241 622; x_wconf 89' lang='lat' dir='ltr'>quicquam</span> <span class='ocrx_word' id='word_1_72' title='bbox 1269 579 1323 607; x_wconf 82' lang='lat' dir='ltr'>ex</span> 
     </span>
     <span class='ocr_line' id='line_1_9' title="bbox 37 624 1321 688; baseline -0.021 1"><span class='ocrx_word' id='word_1_73' title='bbox 37 647 241 688; x_wconf 90' lang='lat' dir='ltr'>erroribus</span> <span class='ocrx_word' id='word_1_74' title='bbox 261 644 361 684; x_wconf 91' lang='lat' dir='ltr'>meis</span> <span class='ocrx_word' id='word_1_75' title='bbox 384 643 555 686; x_wconf 91' lang='lat' dir='ltr'>timeam,</span> <span class='ocrx_word' id='word_1_76' title='bbox 576 649 665 677; x_wconf 91' lang='lat' dir='ltr'>cum</span> <span class='ocrx_word' id='word_1_77' title='bbox 681 635 835 685; x_wconf 89' lang='lat' dir='ltr'>possim</span> <span class='ocrx_word' id='word_1_78' title='bbox 854 632 1008 671; x_wconf 82' lang='lat' dir='ltr'>dicere:</span> <span class='ocrx_word' id='word_1_79' title='bbox 1028 628 1124 668; x_wconf 89' lang='lat' dir='ltr'>vide</span> <span class='ocrx_word' id='word_1_80' title='bbox 1144 636 1195 666; x_wconf 89' lang='lat' dir='ltr'>ne</span> <span class='ocrx_word' id='word_1_81' title='bbox 1214 624 1321 664; x_wconf 89' lang='lat' dir='ltr'>istud</span> 
     </span>
     <span class='ocr_line' id='line_1_10' title="bbox 37 678 1367 754; baseline -0.023 -9"><span class='ocrx_word' id='word_1_82' title='bbox 37 704 209 754; x_wconf 87' lang='lat' dir='ltr'>amplius</span> <span class='ocrx_word' id='word_1_83' title='bbox 235 700 382 745; x_wconf 87' lang='lat' dir='ltr'>facias,</span> <span class='ocrx_word' id='word_1_84' title='bbox 413 707 521 736; x_wconf 89' lang='lat' dir='ltr'>nunc</span> <span class='ocrx_word' id='word_1_85' title='bbox 547 694 616 734; x_wconf 90' lang='lat' dir='ltr'>tibi</span> <span class='ocrx_word' id='word_1_86' title='bbox 644 692 827 742; x_wconf 84' lang='lat' dir='ltr'>ignosco.</span> <span class='ocrx_word' id='word_1_87' title='bbox 882 689 926 727; x_wconf 94' lang='lat' dir='ltr'>In</span> <span class='ocrx_word' id='word_1_88' title='bbox 955 686 1023 725; x_wconf 91' lang='lat' dir='ltr'>illa</span> <span class='ocrx_word' id='word_1_89' title='bbox 1052 681 1324 732; x_wconf 88' lang='lat' dir='ltr'>disputatione</span> <span class='ocrx_word' id='word_1_90' title='bbox 1343 678 1367 713; x_wconf 82' lang='lat'>4</span> 
     </span>
     <span class='ocr_line' id='line_1_11' title="bbox 38 736 1325 812; baseline -0.021 -11"><span class='ocrx_word' id='word_1_91' title='bbox 38 759 262 812; x_wconf 83' lang='lat' dir='ltr'>pugnacius</span> <span class='ocrx_word' id='word_1_92' title='bbox 284 758 441 795; x_wconf 90' lang='lat' dir='ltr'>locutus</span> <span class='ocrx_word' id='word_1_93' title='bbox 462 763 521 792; x_wconf 88' lang='lat' dir='ltr'>es.</span> <span class='ocrx_word' id='word_1_94' title='bbox 559 750 641 789; x_wconf 94' lang='lat' dir='ltr'>noli</span> <span class='ocrx_word' id='word_1_95' title='bbox 671 751 814 798; x_wconf 88' lang='lat' dir='ltr'>postea</span> <span class='ocrx_word' id='word_1_96' title='bbox 841 740 1036 792; x_wconf 82' lang='lat' dir='ltr'>congredi</span> <span class='ocrx_word' id='word_1_97' title='bbox 1062 750 1152 780; x_wconf 87' lang='lat' dir='ltr'>cum</span> <span class='ocrx_word' id='word_1_98' title='bbox 1179 736 1325 787; x_wconf 86' lang='lat' dir='ltr'>inperi-</span> 
     </span>
     <span class='ocr_line' id='line_1_12' title="bbox 39 793 1325 858; baseline -0.021 -2"><span class='ocrx_word' id='word_1_99' title='bbox 39 818 110 856; x_wconf 84' lang='lat' dir='ltr'>tis:</span> <span class='ocrx_word' id='word_1_100' title='bbox 131 816 272 855; x_wconf 90' lang='lat' dir='ltr'>nolunt</span> <span class='ocrx_word' id='word_1_101' title='bbox 291 812 462 858; x_wconf 89' lang='lat' dir='ltr'>discere,</span> <span class='ocrx_word' id='word_1_102' title='bbox 489 806 559 858; x_wconf 89' lang='lat' dir='ltr'>qui</span> <span class='ocrx_word' id='word_1_103' title='bbox 578 813 796 853; x_wconf 84' lang='lat' dir='ltr'>numquam</span> <span class='ocrx_word' id='word_1_104' title='bbox 817 799 1056 840; x_wconf 89' lang='lat' dir='ltr'>didicerunt.</span> <span class='ocrx_word' id='word_1_105' title='bbox 1096 795 1210 834; x_wconf 83' lang='lat' dir='ltr'>illum</span> <span class='ocrx_word' id='word_1_106' title='bbox 1229 793 1325 832; x_wconf 88' lang='lat' dir='ltr'>libe-</span> 
     </span>
     <span class='ocr_line' id='line_1_13' title="bbox 39 847 1327 914; baseline -0.021 -2"><span class='ocrx_word' id='word_1_107' title='bbox 39 873 124 912; x_wconf 89' lang='lat' dir='ltr'>rius</span> <span class='ocrx_word' id='word_1_108' title='bbox 152 866 395 910; x_wconf 80' lang='lat' dir='ltr'>admonuisti</span> <span class='ocrx_word' id='word_1_109' title='bbox 425 875 545 914; x_wconf 87' lang='lat' dir='ltr'>quam</span> <span class='ocrx_word' id='word_1_110' title='bbox 570 860 762 901; x_wconf 82' lang='lat' dir='ltr'>debebas.</span> <span class='ocrx_word' id='word_1_111' title='bbox 815 857 952 905; x_wconf 85' lang='lat' dir='ltr'>itaque</span> <span class='ocrx_word' id='word_1_112' title='bbox 983 864 1065 892; x_wconf 90' lang='lat' dir='ltr'>non</span> <span class='ocrx_word' id='word_1_113' title='bbox 1093 847 1327 894; x_wconf 82' lang='lat' dir='ltr'>emendasti,</span> 
     </span>
     <span class='ocr_line' id='line_1_14' title="bbox 42 904 1331 969; baseline -0.02 -1"><span class='ocrx_word' id='word_1_114' title='bbox 42 928 119 969; x_wconf 91' lang='lat' dir='ltr'>sed</span> <span class='ocrx_word' id='word_1_115' title='bbox 139 924 356 966; x_wconf 81' lang='lat' dir='ltr'>offendisti.</span> <span class='ocrx_word' id='word_1_116' title='bbox 395 922 447 961; x_wconf 93' lang='lat' dir='ltr'>de</span> <span class='ocrx_word' id='word_1_117' title='bbox 474 924 608 959; x_wconf 89' lang='lat' dir='ltr'>cetero</span> <span class='ocrx_word' id='word_1_118' title='bbox 635 915 740 962; x_wconf 92' lang='lat' dir='ltr'>vide,</span> <span class='ocrx_word' id='word_1_119' title='bbox 760 924 842 953; x_wconf 93' lang='lat' dir='ltr'>non</span> <span class='ocrx_word' id='word_1_120' title='bbox 858 916 1010 950; x_wconf 87' lang='lat' dir='ltr'>tantum</span> <span class='ocrx_word' id='word_1_121' title='bbox 1029 920 1081 947; x_wconf 88' lang='lat' dir='ltr'>an</span> <span class='ocrx_word' id='word_1_122' title='bbox 1109 916 1249 946; x_wconf 87' lang='lat' dir='ltr'>verum</span> <span class='ocrx_word' id='word_1_123' title='bbox 1278 904 1331 942; x_wconf 89' lang='lat' dir='ltr'>sit</span> 
     </span>
     <span class='ocr_line' id='line_1_15' title="bbox 44 961 1329 1035; baseline -0.021 -11"><span class='ocrx_word' id='word_1_124' title='bbox 44 984 156 1035; x_wconf 90' lang='lat' dir='ltr'>quod</span> <span class='ocrx_word' id='word_1_125' title='bbox 175 981 289 1028; x_wconf 89' lang='lat' dir='ltr'>dicis,</span> <span class='ocrx_word' id='word_1_126' title='bbox 310 978 382 1018; x_wconf 91' lang='lat' dir='ltr'>sed</span> <span class='ocrx_word' id='word_1_127' title='bbox 404 988 454 1016; x_wconf 88' lang='lat' dir='ltr'>an</span> <span class='ocrx_word' id='word_1_128' title='bbox 473 976 538 1014; x_wconf 88' lang='lat' dir='ltr'>ille</span> <span class='ocrx_word' id='word_1_129' title='bbox 558 973 622 1013; x_wconf 90' lang='lat' dir='ltr'>cui</span> <span class='ocrx_word' id='word_1_130' title='bbox 641 970 785 1010; x_wconf 90' lang='lat' dir='ltr'>dicitur</span> <span class='ocrx_word' id='word_1_131' title='bbox 805 967 889 1007; x_wconf 91' lang='lat' dir='ltr'>veri</span> <span class='ocrx_word' id='word_1_132' title='bbox 909 965 1067 1015; x_wconf 88' lang='lat' dir='ltr'>patiens</span> <span class='ocrx_word' id='word_1_133' title='bbox 1088 962 1152 1002; x_wconf 91' lang='lat' dir='ltr'>sit.</span> <span class='ocrx_word' id='word_1_134' title='bbox 1191 961 1329 1000; x_wconf 89' lang='lat' dir='ltr'>admo-</span> 
     </span>
     <span class='ocr_line' id='line_1_16' title="bbox 44 1024 1330 1084; baseline -0.021 -4"><span class='ocrx_word' id='word_1_135' title='bbox 44 1040 130 1080; x_wconf 86' lang='lat' dir='ltr'>neri</span> <span class='ocrx_word' id='word_1_136' title='bbox 149 1039 279 1079; x_wconf 90' lang='lat' dir='ltr'>bonus</span> <span class='ocrx_word' id='word_1_137' title='bbox 290 1034 454 1084; x_wconf 82' lang='lat' dir='ltr'>gaudet:</span> <span class='ocrx_word' id='word_1_138' title='bbox 478 1028 683 1081; x_wconf 91' lang='lat' dir='ltr'>pessimus</span> <span class='ocrx_word' id='word_1_139' title='bbox 695 1026 868 1076; x_wconf 89' lang='lat' dir='ltr'>quisque</span> <span class='ocrx_word' id='word_1_140' title='bbox 878 1024 1179 1071; x_wconf 83' lang='lat' dir='ltr'>[corJrectorem</span> <span class='ocrx_word' id='word_1_141' title='bbox 1188 1025 1330 1065; x_wconf 85' lang='lat' dir='ltr'>asper·</span> 
     </span>
     <span class='ocr_line' id='line_1_17' title="bbox 43 1092 1331 1144; baseline -0.022 -9"><span class='ocrx_word' id='word_1_142' title='bbox 43 1097 143 1135; x_wconf 92' lang='lat' dir='ltr'>rime</span> <span class='ocrx_word' id='word_1_143' title='bbox 163 1092 318 1144; x_wconf 85' lang='lat' dir='ltr'>patitur.</span> <span class='ocrx_word' id='word_1_144' title='bbox 1327 1120 1331 1124; x_wconf 20' lang='lat'>⁶</span> 
     </span>
     <span class='ocr_line' id='line_1_18' title="bbox 126 1126 1373 1190; baseline -0.022 0"><span class='ocrx_word' id='word_1_145' title='bbox 126 1147 320 1190; x_wconf 85' lang='lat' dir='ltr'>XXXVII.</span> <span class='ocrx_word' id='word_1_146' title='bbox 349 1145 392 1184; x_wconf 91' lang='lat' dir='ltr'>In</span> <span class='ocrx_word' id='word_1_147' title='bbox 414 1140 602 1183; x_wconf 90' lang='lat' dir='ltr'>convivio</span> <span class='ocrx_word' id='word_1_148' title='bbox 624 1136 891 1189; x_wconf 85' lang='lat' dir='ltr'>quorumdam</span> <span class='ocrx_word' id='word_1_149' title='bbox 910 1139 949 1173; x_wconf 90' lang='lat' dir='ltr'>te</span> <span class='ocrx_word' id='word_1_150' title='bbox 970 1133 1078 1172; x_wconf 86' lang='lat' dir='ltr'>sales</span> <span class='ocrx_word' id='word_1_151' title='bbox 1099 1134 1140 1169; x_wconf 90' lang='lat' dir='ltr'>et</span> <span class='ocrx_word' id='word_1_152' title='bbox 1158 1129 1196 1168; x_wconf 91' lang='lat' dir='ltr'>in</span> <span class='ocrx_word' id='word_1_153' title='bbox 1219 1126 1333 1166; x_wconf 87' lang='lat' dir='ltr'>dolo·</span> <span class='ocrx_word' id='word_1_154' title='bbox 1354 1131 1373 1164; x_wconf 91' lang='lat'><strong>1</strong></span> 
     </span>
     <span class='ocr_line' id='line_1_19' title="bbox 46 1182 1333 1247; baseline -0.021 0"><span class='ocrx_word' id='word_1_155' title='bbox 46 1218 131 1247; x_wconf 91' lang='lat' dir='ltr'>rem</span> <span class='ocrx_word' id='word_1_156' title='bbox 156 1211 265 1245; x_wconf 88' lang='lat' dir='ltr'>tuum</span> <span class='ocrx_word' id='word_1_157' title='bbox 294 1203 397 1241; x_wconf 89' lang='lat' dir='ltr'>iacta</span> <span class='ocrx_word' id='word_1_158' title='bbox 426 1199 548 1238; x_wconf 87' lang='lat' dir='ltr'>verba</span> <span class='ocrx_word' id='word_1_159' title='bbox 569 1196 802 1244; x_wconf 81' lang='lat' dir='ltr'>tetigerunt=</span> <span class='ocrx_word' id='word_1_160' title='bbox 823 1192 949 1230; x_wconf 85' lang='lat' dir='ltr'>vitare</span> <span class='ocrx_word' id='word_1_161' title='bbox 979 1190 1167 1236; x_wconf 84' lang='lat' dir='ltr'>volgares</span> <span class='ocrx_word' id='word_1_162' title='bbox 1196 1182 1333 1223; x_wconf 89' lang='lat' dir='ltr'>convi—</span> 
     </span>
     <span class='ocr_line' id='line_1_20' title="bbox 48 1240 1334 1304; baseline -0.021 -1"><span class='ocrx_word' id='word_1_163' title='bbox 48 1269 136 1304; x_wconf 87' lang='lat' dir='ltr'>ctus</span> <span class='ocrx_word' id='word_1_164' title='bbox 157 1263 369 1300; x_wconf 88' lang='lat' dir='ltr'>memento.</span> <span class='ocrx_word' id='word_1_165' title='bbox 408 1253 577 1295; x_wconf 86' lang='lat' dir='ltr'>solutior</span> <span class='ocrx_word' id='word_1_166' title='bbox 597 1257 659 1291; x_wconf 86' lang='lat' dir='ltr'>est</span> <span class='ocrx_word' id='word_1_167' title='bbox 679 1255 775 1300; x_wconf 90' lang='lat' dir='ltr'>post</span> <span class='ocrx_word' id='word_1_168' title='bbox 792 1248 928 1286; x_wconf 91' lang='lat' dir='ltr'>vinum</span> <span class='ocrx_word' id='word_1_169' title='bbox 957 1243 1128 1291; x_wconf 89' lang='lat' dir='ltr'>licentia,</span> <span class='ocrx_word' id='word_1_170' title='bbox 1162 1240 1256 1290; x_wconf 88' lang='lat' dir='ltr'>quia</span> <span class='ocrx_word' id='word_1_171' title='bbox 1282 1248 1334 1277; x_wconf 91' lang='lat' dir='ltr'>ne</span> 
     </span>
     <span class='ocr_line' id='line_1_21' title="bbox 48 1297 1378 1365; baseline -0.021 -6"><span class='ocrx_word' id='word_1_172' title='bbox 48 1318 195 1360; x_wconf 90' lang='lat' dir='ltr'>sobriis</span> <span class='ocrx_word' id='word_1_173' title='bbox 225 1315 385 1365; x_wconf 88' lang='lat' dir='ltr'>quidem</span> <span class='ocrx_word' id='word_1_174' title='bbox 408 1311 540 1361; x_wconf 87' lang='lat' dir='ltr'>pudor</span> <span class='ocrx_word' id='word_1_175' title='bbox 567 1313 641 1347; x_wconf 91' lang='lat' dir='ltr'>est.</span> <span class='ocrx_word' id='word_1_176' title='bbox 687 1307 834 1345; x_wconf 89' lang='lat' dir='ltr'>Iratum</span> <span class='ocrx_word' id='word_1_177' title='bbox 863 1301 999 1341; x_wconf 87' lang='lat' dir='ltr'>vidisti</span> <span class='ocrx_word' id='word_1_178' title='bbox 1026 1299 1199 1338; x_wconf 89' lang='lat' dir='ltr'>amicum</span> <span class='ocrx_word' id='word_1_179' title='bbox 1226 1300 1337 1334; x_wconf 86' lang='lat' dir='ltr'>tuum</span> <span class='ocrx_word' id='word_1_180' title='bbox 1356 1297 1378 1330; x_wconf 78' lang='lat'><strong>2</strong></span> 
     </span>
     <span class='ocr_line' id='line_1_22' title="bbox 51 1351 1335 1416; baseline -0.021 -1"><span class='ocrx_word' id='word_1_181' title='bbox 51 1373 214 1416; x_wconf 89' lang='lat' dir='ltr'>ostiario</span> <span class='ocrx_word' id='word_1_182' title='bbox 229 1369 421 1411; x_wconf 89' lang='lat' dir='ltr'>causidici</span> <span class='ocrx_word' id='word_1_183' title='bbox 438 1365 606 1406; x_wconf 89' lang='lat' dir='ltr'>alicuius</span> <span class='ocrx_word' id='word_1_184' title='bbox 621 1368 689 1402; x_wconf 88' lang='lat' dir='ltr'>aut</span> <span class='ocrx_word' id='word_1_185' title='bbox 709 1359 855 1406; x_wconf 88' lang='lat' dir='ltr'>divitis,</span> <span class='ocrx_word' id='word_1_186' title='bbox 879 1358 989 1408; x_wconf 91' lang='lat' dir='ltr'>quod</span> <span class='ocrx_word' id='word_1_187' title='bbox 1009 1357 1219 1395; x_wconf 86' lang='lat' dir='ltr'>intrantem</span> <span class='ocrx_word' id='word_1_188' title='bbox 1241 1351 1335 1390; x_wconf 91' lang='lat' dir='ltr'>sub-</span> 
     </span>
     <span class='ocr_line' id='line_1_23' title="bbox 53 1406 1336 1475; baseline -0.02 -5"><span class='ocrx_word' id='word_1_189' title='bbox 53 1433 244 1475; x_wconf 86' lang='lat' dir='ltr'>moverat,</span> <span class='ocrx_word' id='word_1_190' title='bbox 270 1432 311 1466; x_wconf 88' lang='lat' dir='ltr'>et</span> <span class='ocrx_word' id='word_1_191' title='bbox 329 1426 418 1475; x_wconf 91' lang='lat' dir='ltr'>ipse</span> <span class='ocrx_word' id='word_1_192' title='bbox 439 1434 512 1472; x_wconf 89' lang='lat' dir='ltr'>pro</span> <span class='ocrx_word' id='word_1_193' title='bbox 535 1421 602 1460; x_wconf 92' lang='lat' dir='ltr'>illo</span> <span class='ocrx_word' id='word_1_194' title='bbox 623 1421 748 1458; x_wconf 91' lang='lat' dir='ltr'>iratus</span> <span class='ocrx_word' id='word_1_195' title='bbox 770 1422 948 1455; x_wconf 87' lang='lat' dir='ltr'>extremo</span> <span class='ocrx_word' id='word_1_196' title='bbox 976 1410 1178 1459; x_wconf 89' lang='lat' dir='ltr'>mancipio</span> <span class='ocrx_word' id='word_1_197' title='bbox 1207 1406 1336 1446; x_wconf 82' lang='lat' dir='ltr'>suisti:</span> 
     </span>
     <span class='ocr_line' id='line_1_24' title="bbox 54 1465 1338 1530; baseline -0.019 -5"><span class='ocrx_word' id='word_1_198' title='bbox 54 1483 242 1526; x_wconf 87' lang='lat' dir='ltr'>irasceris</span> <span class='ocrx_word' id='word_1_199' title='bbox 262 1492 357 1530; x_wconf 87' lang='lat' dir='ltr'>ergo</span> <span class='ocrx_word' id='word_1_200' title='bbox 381 1478 580 1519; x_wconf 86' lang='lat' dir='ltr'>catenario</span> <span class='ocrx_word' id='word_1_201' title='bbox 603 1475 720 1515; x_wconf 72' lang='lat' dir='ltr'>cani?</span> <span class='ocrx_word' id='word_1_202' title='bbox 757 1478 796 1511; x_wconf 91' lang='lat' dir='ltr'>et</span> <span class='ocrx_word' id='word_1_203' title='bbox 815 1471 892 1519; x_wconf 83' lang='lat' dir='ltr'>hic,</span> <span class='ocrx_word' id='word_1_204' title='bbox 922 1480 1011 1509; x_wconf 89' lang='lat' dir='ltr'>cum</span> <span class='ocrx_word' id='word_1_205' title='bbox 1032 1467 1198 1506; x_wconf 89' lang='lat' dir='ltr'>multum</span> <span class='ocrx_word' id='word_1_206' title='bbox 1220 1465 1338 1502; x_wconf 86' lang='lat' dir='ltr'>latra-</span> 
     </span>
     <span class='ocr_line' id='line_1_25' title="bbox 55 1518 1383 1588; baseline -0.018 -7"><span class='ocrx_word' id='word_1_207' title='bbox 55 1542 123 1588; x_wconf 91' lang='lat' dir='ltr'>vit,</span> <span class='ocrx_word' id='word_1_208' title='bbox 157 1539 313 1579; x_wconf 87' lang='lat' dir='ltr'>obiecto</span> <span class='ocrx_word' id='word_1_209' title='bbox 347 1536 436 1575; x_wconf 91' lang='lat' dir='ltr'>cibo</span> <span class='ocrx_word' id='word_1_210' title='bbox 463 1530 721 1572; x_wconf 86' lang='lat' dir='ltr'>mansuescit.</span> <span class='ocrx_word' id='word_1_211' title='bbox 776 1526 940 1567; x_wconf 87' lang='lat' dir='ltr'>Recede</span> <span class='ocrx_word' id='word_1_212' title='bbox 976 1524 1134 1572; x_wconf 82' lang='lat' dir='ltr'>longius</span> <span class='ocrx_word' id='word_1_213' title='bbox 1172 1525 1211 1559; x_wconf 89' lang='lat' dir='ltr'>et</span> <span class='ocrx_word' id='word_1_214' title='bbox 1240 1518 1383 1557; x_wconf 66' lang='lat' dir='ltr'>rides</span> 
     </span>
     <span class='ocr_line' id='line_1_26' title="bbox 57 1574 1343 1641; baseline -0.019 -5"><span class='ocrx_word' id='word_1_215' title='bbox 57 1607 164 1637; x_wconf 91' lang='lat' dir='ltr'>nunc</span> <span class='ocrx_word' id='word_1_216' title='bbox 180 1595 255 1633; x_wconf 88' lang='lat' dir='ltr'>iste</span> <span class='ocrx_word' id='word_1_217' title='bbox 265 1594 436 1641; x_wconf 87' lang='lat' dir='ltr'>aliquem</span> <span class='ocrx_word' id='word_1_218' title='bbox 455 1600 500 1629; x_wconf 93' lang='lat' dir='ltr'>se</span> <span class='ocrx_word' id='word_1_219' title='bbox 511 1592 633 1638; x_wconf 84' lang='lat' dir='ltr'>putat,</span> <span class='ocrx_word' id='word_1_220' title='bbox 651 1585 761 1635; x_wconf 90' lang='lat' dir='ltr'>quod</span> <span class='ocrx_word' id='word_1_221' title='bbox 773 1583 950 1624; x_wconf 86' lang='lat' dir='ltr'>custodit</span> <span class='ocrx_word' id='word_1_222' title='bbox 967 1581 1208 1628; x_wconf 77' lang='lat' dir='ltr'>litigatorum</span> <span class='ocrx_word' id='word_1_223' title='bbox 1225 1574 1343 1614; x_wconf 85' lang='lat' dir='ltr'>turba</span> 
     </span>
     <span class='ocr_line' id='line_1_27' title="bbox 59 1634 1341 1693; baseline -0.02 -1"><span class='ocrx_word' id='word_1_224' title='bbox 59 1654 178 1693; x_wconf 89' lang='lat' dir='ltr'>limen</span> <span class='ocrx_word' id='word_1_225' title='bbox 199 1650 426 1689; x_wconf 88' lang='lat' dir='ltr'>obsessum.</span> <span class='ocrx_word' id='word_1_226' title='bbox 463 1655 570 1683; x_wconf 91' lang='lat' dir='ltr'>nunc</span> <span class='ocrx_word' id='word_1_227' title='bbox 588 1644 654 1682; x_wconf 89' lang='lat' dir='ltr'>ille</span> <span class='ocrx_word' id='word_1_228' title='bbox 682 1640 750 1690; x_wconf 87' lang='lat' dir='ltr'>qui</span> <span class='ocrx_word' id='word_1_229' title='bbox 774 1640 875 1679; x_wconf 90' lang='lat' dir='ltr'>intra</span> <span class='ocrx_word' id='word_1_230' title='bbox 894 1639 1008 1683; x_wconf 88' lang='lat' dir='ltr'>iacet,</span> <span class='ocrx_word' id='word_1_231' title='bbox 1043 1635 1140 1673; x_wconf 82' lang='lat' dir='ltr'>felix</span> <span class='ocrx_word' id='word_1_232' title='bbox 1166 1634 1341 1671; x_wconf 85' lang='lat' dir='ltr'>fortuna-</span> 
     </span>
     <span class='ocr_line' id='line_1_28' title="bbox 60 1687 1345 1756; baseline -0.019 -8"><span class='ocrx_word' id='word_1_233' title='bbox 60 1715 206 1756; x_wconf 90' lang='lat' dir='ltr'>tusque</span> <span class='ocrx_word' id='word_1_234' title='bbox 227 1710 288 1744; x_wconf 91' lang='lat' dir='ltr'>est</span> <span class='ocrx_word' id='word_1_235' title='bbox 313 1709 352 1742; x_wconf 92' lang='lat' dir='ltr'>et</span> <span class='ocrx_word' id='word_1_236' title='bbox 373 1702 476 1741; x_wconf 88' lang='lat' dir='ltr'>beati</span> <span class='ocrx_word' id='word_1_237' title='bbox 497 1698 668 1738; x_wconf 88' lang='lat' dir='ltr'>hominis</span> <span class='ocrx_word' id='word_1_238' title='bbox 698 1697 847 1736; x_wconf 87' lang='lat' dir='ltr'>iudicat</span> <span class='ocrx_word' id='word_1_239' title='bbox 872 1705 920 1733; x_wconf 87' lang='lat' dir='ltr'>ac</span> <span class='ocrx_word' id='word_1_240' title='bbox 950 1691 1123 1742; x_wconf 89' lang='lat' dir='ltr'>potentis</span> <span class='ocrx_word' id='word_1_241' title='bbox 1152 1687 1345 1727; x_wconf 89' lang='lat' dir='ltr'>indicium</span> 
     </span>
     <span class='ocr_line' id='line_1_29' title="bbox 61 1747 1345 1804; baseline -0.018 -1"><span class='ocrx_word' id='word_1_242' title='bbox 61 1762 266 1804; x_wconf 86' lang='lat' dir='ltr'>difficilem</span> <span class='ocrx_word' id='word_1_243' title='bbox 285 1761 456 1798; x_wconf 86' lang='lat' dir='ltr'>ianuam.</span> <span class='ocrx_word' id='word_1_244' title='bbox 491 1755 619 1794; x_wconf 89' lang='lat' dir='ltr'>nescit</span> <span class='ocrx_word' id='word_1_245' title='bbox 640 1752 899 1792; x_wconf 90' lang='lat' dir='ltr'>durissimum</span> <span class='ocrx_word' id='word_1_246' title='bbox 926 1759 1020 1787; x_wconf 86' lang='lat' dir='ltr'>esse</span> <span class='ocrx_word' id='word_1_247' title='bbox 1041 1747 1188 1787; x_wconf 87' lang='lat' dir='ltr'>ostium</span> <span class='ocrx_word' id='word_1_248' title='bbox 1209 1751 1345 1782; x_wconf 86' lang='lat' dir='ltr'>carce-</span> 
     </span>
    </p>
   </div>
   <div class='ocr_carea' id='block_1_3' title="bbox 0 1797 1345 1859">
    <p class='ocr_par' dir='ltr' id='par_1_3' title="bbox 0 1797 1345 1859">
     <span class='ocr_line' id='line_1_30' title="bbox 0 1797 1345 1859; baseline -0.019 1"><span class='ocrx_word' id='word_1_249' title='bbox 0 1832 3 1859; x_wconf 74' lang='lat' dir='ltr'>l</span> <span class='ocrx_word' id='word_1_250' title='bbox 61 1821 130 1859; x_wconf 90' lang='lat' dir='ltr'>ris.</span> <span class='ocrx_word' id='word_1_251' title='bbox 185 1818 401 1856; x_wconf 90' lang='lat' dir='ltr'>Praesume</span> <span class='ocrx_word' id='word_1_252' title='bbox 421 1812 553 1851; x_wconf 88' lang='lat' dir='ltr'>animo</span> <span class='ocrx_word' id='word_1_253' title='bbox 567 1811 688 1848; x_wconf 87' lang='lat' dir='ltr'>multa</span> <span class='ocrx_word' id='word_1_254' title='bbox 709 1808 777 1846; x_wconf 87' lang='lat' dir='ltr'>tibi</span> <span class='ocrx_word' id='word_1_255' title='bbox 799 1817 893 1846; x_wconf 90' lang='lat' dir='ltr'>esse</span> <span class='ocrx_word' id='word_1_256' title='bbox 913 1803 1114 1854; x_wconf 88' lang='lat' dir='ltr'>patienda.</span> <span class='ocrx_word' id='word_1_257' title='bbox 1154 1797 1345 1846; x_wconf 89' lang='lat' dir='ltr'>numquis</span> 
     </span>
    </p>
   </div>
   <div class='ocr_carea' id='block_1_4' title="bbox 65 1853 1347 1918">
    <p class='ocr_par' dir='ltr' id='par_1_4' title="bbox 65 1853 1347 1918">
     <span class='ocr_line' id='line_1_31' title="bbox 65 1853 1347 1918; baseline -0.019 -3"><span class='ocrx_word' id='word_1_258' title='bbox 65 1886 111 1915; x_wconf 91' lang='lat' dir='ltr'>se</span> <span class='ocrx_word' id='word_1_259' title='bbox 128 1874 259 1913; x_wconf 89' lang='lat' dir='ltr'>hieme</span> <span class='ocrx_word' id='word_1_260' title='bbox 287 1873 422 1918; x_wconf 80' lang='lat' dir='ltr'>algere</span> <span class='ocrx_word' id='word_1_261' title='bbox 444 1868 636 1906; x_wconf 64' lang='lat' dir='ltr'>miratur?</span> <span class='ocrx_word' id='word_1_262' title='bbox 671 1862 860 1912; x_wconf 89' lang='lat' dir='ltr'>numquis</span> <span class='ocrx_word' id='word_1_263' title='bbox 886 1862 926 1900; x_wconf 89' lang='lat' dir='ltr'>in</span> <span class='ocrx_word' id='word_1_264' title='bbox 954 1860 1052 1899; x_wconf 89' lang='lat' dir='ltr'>mari</span> <span class='ocrx_word' id='word_1_265' title='bbox 1077 1856 1277 1902; x_wconf 88' lang='lat' dir='ltr'>nausiare,</span> <span class='ocrx_word' id='word_1_266' title='bbox 1306 1853 1347 1891; x_wconf 89' lang='lat' dir='ltr'>in</span> 
     </span>
    </p>
   </div>
   <div class='ocr_carea' id='block_1_5' title="bbox 0 1908 1391 2087">
    <p class='ocr_par' dir='ltr' id='par_1_5' title="bbox 0 1908 1391 2087">
     <span class='ocr_line' id='line_1_32' title="bbox 63 1908 1391 1970; baseline -0.019 -0.178"><span class='ocrx_word' id='word_1_267' title='bbox 63 1931 132 1970; x_wconf 86' lang='lat' dir='ltr'>via</span> <span class='ocrx_word' id='word_1_268' title='bbox 151 1928 336 1968; x_wconf 67' lang='lat' dir='ltr'>concuti?</span> <span class='ocrx_word' id='word_1_269' title='bbox 364 1925 476 1964; x_wconf 86' lang='lat' dir='ltr'>fortis</span> <span class='ocrx_word' id='word_1_270' title='bbox 498 1927 560 1961; x_wconf 90' lang='lat' dir='ltr'>est</span> <span class='ocrx_word' id='word_1_271' title='bbox 578 1921 732 1960; x_wconf 90' lang='lat' dir='ltr'>animus</span> <span class='ocrx_word' id='word_1_272' title='bbox 749 1919 801 1958; x_wconf 92' lang='lat' dir='ltr'>ad</span> <span class='ocrx_word' id='word_1_273' title='bbox 819 1928 923 1967; x_wconf 91' lang='lat' dir='ltr'>quae</span> <span class='ocrx_word' id='word_1_274' title='bbox 943 1918 1207 1966; x_wconf 82' lang='lat' dir='ltr'>praeparatus</span> <span class='ocrx_word' id='word_1_275' title='bbox 1227 1908 1347 1948; x_wconf 90' lang='lat' dir='ltr'>venit.</span> <span class='ocrx_word' id='word_1_276' title='bbox 1368 1909 1391 1944; x_wconf 80' lang='lat'>4</span> 
     </span>
     <span class='ocr_line' id='line_1_33' title="bbox 0 1964 1350 2033; baseline -0.019 -5"><span class='ocrx_word' id='word_1_277' title='bbox 0 1991 3 2033; x_wconf 60' lang='lat' dir='ltr'><strong><em>g</em></strong></span> <span class='ocrx_word' id='word_1_278' title='bbox 65 1987 196 2026; x_wconf 90' lang='lat' dir='ltr'>Minus</span> <span class='ocrx_word' id='word_1_279' title='bbox 216 1984 413 2024; x_wconf 86' lang='lat' dir='ltr'>honorato</span> <span class='ocrx_word' id='word_1_280' title='bbox 443 1981 533 2018; x_wconf 92' lang='lat' dir='ltr'>loco</span> <span class='ocrx_word' id='word_1_281' title='bbox 557 1977 710 2026; x_wconf 84' lang='lat' dir='ltr'>positus</span> <span class='ocrx_word' id='word_1_282' title='bbox 738 1974 860 2013; x_wconf 86' lang='lat' dir='ltr'>irasci</span> <span class='ocrx_word' id='word_1_283' title='bbox 889 1970 1062 2021; x_wconf 87' lang='lat' dir='ltr'>coepisti</span> <span class='ocrx_word' id='word_1_284' title='bbox 1088 1964 1350 2013; x_wconf 87' lang='lat' dir='ltr'>convivatori,</span> 
     </span>
     <span class='ocr_line' id='line_1_34' title="bbox 0 2022 1352 2087; baseline -0.018 -4"><span class='ocrx_word' id='word_1_285' title='bbox 0 2062 2 2074; x_wconf 90' lang='lat'>·</span> <span class='ocrx_word' id='word_1_286' title='bbox 67 2040 259 2087; x_wconf 88' lang='lat' dir='ltr'>vocatori,</span> <span class='ocrx_word' id='word_1_287' title='bbox 286 2039 366 2087; x_wconf 92' lang='lat' dir='ltr'>ipsi</span> <span class='ocrx_word' id='word_1_288' title='bbox 387 2036 455 2086; x_wconf 91' lang='lat' dir='ltr'>qui</span> <span class='ocrx_word' id='word_1_289' title='bbox 474 2034 543 2073; x_wconf 90' lang='lat' dir='ltr'>tibi</span> <span class='ocrx_word' id='word_1_290' title='bbox 565 2031 883 2082; x_wconf 79' lang='lat' dir='ltr'>praeferebatur:</span> <span class='ocrx_word' id='word_1_291' title='bbox 911 2029 1091 2071; x_wconf 89' lang='lat' dir='ltr'>demens,</span> <span class='ocrx_word' id='word_1_292' title='bbox 1115 2023 1213 2073; x_wconf 91' lang='lat' dir='ltr'>quid</span> <span class='ocrx_word' id='word_1_293' title='bbox 1231 2022 1352 2060; x_wconf 87' lang='lat' dir='ltr'>inter-—</span> 
     </span>
    </p>
   </div>
   <div class='ocr_carea' id='block_1_6' title="bbox 69 2081 1393 2369">
    <p class='ocr_par' dir='ltr' id='par_1_6' title="bbox 69 2081 1393 2369">
     <span class='ocr_line' id='line_1_35' title="bbox 69 2081 1351 2146; baseline -0.018 -8"><span class='ocrx_word' id='word_1_294' title='bbox 69 2102 150 2145; x_wconf 90' lang='lat' dir='ltr'>est,</span> <span class='ocrx_word' id='word_1_295' title='bbox 179 2106 300 2146; x_wconf 91' lang='lat' dir='ltr'>quam</span> <span class='ocrx_word' id='word_1_296' title='bbox 319 2093 410 2132; x_wconf 87' lang='lat' dir='ltr'>lecti</span> <span class='ocrx_word' id='word_1_297' title='bbox 437 2100 597 2140; x_wconf 86' lang='lat' dir='ltr'>premas</span> <span class='ocrx_word' id='word_1_298' title='bbox 620 2091 800 2137; x_wconf 66' lang='lat' dir='ltr'>partem?</span> <span class='ocrx_word' id='word_1_299' title='bbox 832 2082 1106 2123; x_wconf 89' lang='lat' dir='ltr'>honestiorem</span> <span class='ocrx_word' id='word_1_300' title='bbox 1129 2085 1166 2119; x_wconf 88' lang='lat' dir='ltr'>te</span> <span class='ocrx_word' id='word_1_301' title='bbox 1185 2083 1254 2117; x_wconf 88' lang='lat' dir='ltr'>aut</span> <span class='ocrx_word' id='word_1_302' title='bbox 1271 2081 1351 2116; x_wconf 87' lang='lat' dir='ltr'>tur-</span> 
     </span>
     <span class='ocr_line' id='line_1_36' title="bbox 71 2133 1393 2203; baseline -0.016 -12"><span class='ocrx_word' id='word_1_303' title='bbox 71 2153 226 2203; x_wconf 89' lang='lat' dir='ltr'>piorem</span> <span class='ocrx_word' id='word_1_304' title='bbox 254 2154 387 2200; x_wconf 89' lang='lat' dir='ltr'>potest</span> <span class='ocrx_word' id='word_1_305' title='bbox 413 2149 547 2186; x_wconf 80' lang='lat' dir='ltr'>facere</span> <span class='ocrx_word' id='word_1_306' title='bbox 576 2143 794 2194; x_wconf 66' lang='lat' dir='ltr'>pulvinus?</span> <span class='ocrx_word' id='word_1_307' title='bbox 850 2140 939 2179; x_wconf 89' lang='lat' dir='ltr'>Non</span> <span class='ocrx_word' id='word_1_308' title='bbox 967 2136 1109 2186; x_wconf 88' lang='lat' dir='ltr'>aequis</span> <span class='ocrx_word' id='word_1_309' title='bbox 1138 2133 1353 2185; x_wconf 91' lang='lat' dir='ltr'>quemdam</span> <span class='ocrx_word' id='word_1_310' title='bbox 1371 2136 1393 2170; x_wconf 85' lang='lat'>5</span> 
     </span>
     <span class='ocr_line' id='line_1_37' title="bbox 72 2194 1352 2253; baseline -0.017 -5"><span class='ocrx_word' id='word_1_311' title='bbox 72 2207 201 2249; x_wconf 86' lang='lat' dir='ltr'>oculis</span> <span class='ocrx_word' id='word_1_312' title='bbox 222 2205 368 2253; x_wconf 91' lang='lat' dir='ltr'>vidisti,</span> <span class='ocrx_word' id='word_1_313' title='bbox 396 2203 491 2253; x_wconf 87' lang='lat' dir='ltr'>quia</span> <span class='ocrx_word' id='word_1_314' title='bbox 511 2202 561 2240; x_wconf 91' lang='lat' dir='ltr'>de</span> <span class='ocrx_word' id='word_1_315' title='bbox 581 2198 742 2248; x_wconf 84' lang='lat' dir='ltr'>ingenio</span> <span class='ocrx_word' id='word_1_316' title='bbox 761 2201 830 2236; x_wconf 89' lang='lat' dir='ltr'>tuo</span> <span class='ocrx_word' id='word_1_317' title='bbox 850 2194 955 2234; x_wconf 89' lang='lat' dir='ltr'>male</span> <span class='ocrx_word' id='word_1_318' title='bbox 983 2195 1142 2232; x_wconf 87' lang='lat' dir='ltr'>locutus</span> <span class='ocrx_word' id='word_1_319' title='bbox 1170 2194 1250 2230; x_wconf 84' lang='lat' dir='ltr'>est:</span> <span class='ocrx_word' id='word_1_320' title='bbox 1288 2198 1352 2226; x_wconf 84' lang='lat' dir='ltr'>re-</span> 
     </span>
     <span class='ocr_line' id='line_1_38' title="bbox 72 2243 1352 2313; baseline -0.017 -9"><span class='ocrx_word' id='word_1_321' title='bbox 72 2264 175 2313; x_wconf 90' lang='lat' dir='ltr'>cipis</span> <span class='ocrx_word' id='word_1_322' title='bbox 202 2263 306 2301; x_wconf 91' lang='lat' dir='ltr'>hanc</span> <span class='ocrx_word' id='word_1_323' title='bbox 333 2262 490 2309; x_wconf 69' lang='lat' dir='ltr'>legem?</span> <span class='ocrx_word' id='word_1_324' title='bbox 526 2267 623 2305; x_wconf 82' lang='lat' dir='ltr'>ergo</span> <span class='ocrx_word' id='word_1_325' title='bbox 651 2260 690 2293; x_wconf 86' lang='lat' dir='ltr'>te</span> <span class='ocrx_word' id='word_1_326' title='bbox 715 2252 881 2297; x_wconf 90' lang='lat' dir='ltr'>Ennius,</span> <span class='ocrx_word' id='word_1_327' title='bbox 913 2259 994 2298; x_wconf 91' lang='lat' dir='ltr'>quo</span> <span class='ocrx_word' id='word_1_328' title='bbox 1022 2258 1103 2287; x_wconf 90' lang='lat' dir='ltr'>non</span> <span class='ocrx_word' id='word_1_329' title='bbox 1127 2243 1352 2290; x_wconf 87' lang='lat' dir='ltr'>delectaris,</span> 
     </span>
     <span class='ocr_line' id='line_1_39' title="bbox 74 2301 1352 2369; baseline -0.018 -8"><span class='ocrx_word' id='word_1_330' title='bbox 74 2319 241 2369; x_wconf 88' lang='lat' dir='ltr'>odisset,</span> <span class='ocrx_word' id='word_1_331' title='bbox 261 2322 300 2358; x_wconf 89' lang='lat' dir='ltr'>et</span> <span class='ocrx_word' id='word_1_332' title='bbox 317 2314 554 2357; x_wconf 88' lang='lat' dir='ltr'>Hortensius</span> <span class='ocrx_word' id='word_1_333' title='bbox 577 2310 798 2351; x_wconf 88' lang='lat' dir='ltr'>simultates</span> <span class='ocrx_word' id='word_1_334' title='bbox 821 2306 891 2347; x_wconf 87' lang='lat' dir='ltr'>tibi</span> <span class='ocrx_word' id='word_1_335' title='bbox 909 2305 1111 2353; x_wconf 89' lang='lat' dir='ltr'>indiceret,</span> <span class='ocrx_word' id='word_1_336' title='bbox 1141 2307 1180 2342; x_wconf 88' lang='lat' dir='ltr'>et</span> <span class='ocrx_word' id='word_1_337' title='bbox 1200 2301 1352 2347; x_wconf 90' lang='lat' dir='ltr'>Cicer0,</span> 
     </span>
    </p>
   </div>
  </div>
 </body>
</html>
