1624 2626
327 195 382 237 92
702 197 745 236 L.
775 198 964 237 ANNAEI
992 197 1217 238 SENECAE

330 307 418 334 cum
437 306 563 344 aeque
584 307 652 336 cor
671 306 786 335 suum
802 306 918 344 quam
930 296 998 334 filii
1015 297 1247 335 transfixum
1264 295 1424 334 videret.
1455 300 1586 345 potest

330 350 406 388 dici
425 350 562 390 merito
582 351 799 390 devorasse
818 350 953 388 verba.
990 361 1078 388 nam
1108 351 1141 388 si
1165 351 1258 398 quid
1278 356 1476 399 tamquam
1509 352 1583 389 ira-

286 409 307 443 6
329 411 389 444 tus
410 404 590 453 dixisset,
610 405 704 443 nihil
718 410 916 453 tamquam
935 406 1188 452 paterfacere
1205 405 1411 453 potuisset.
1439 405 1583 453 Potest,

326 460 508 508 inquam,
536 459 662 498 videri
681 460 898 508 sapientius
920 469 965 496 se
983 459 1022 496 in
1042 459 1109 498 illo
1131 469 1226 498 casu
1246 459 1436 507 gessisse,
1468 471 1585 508 quam

327 524 417 552 cum
437 514 488 552 de
507 513 671 563 potandi
696 515 814 552 modo
835 513 1083 562 praeciperet
1101 516 1176 560 [ez],
1206 524 1321 562 quem
1350 514 1480 553 satius·
1502 519 1585 553 erat

325 568 459 607 vinum
481 579 598 616 quan]
620 569 850 617 sanguinem
871 567 1018 615 bibere,
1047 568 1161 606 cuius
1183 579 1320 607 manus
1342 569 1495 616 poculis
1517 579 1584 607 oc-

327 622 463 671 cupari
485 634 564 671 pax
583 628 685 661 erat:
713 622 884 661 accessit
905 622 1036 670 itaque
1053 623 1105 661 ad
1127 633 1329 661 numerum
1351 633 1496 670 eorum,
1518 623 1584 671 qui

325 677 479 725 magnis
506 678 686 716 cladibus
717 677 994 723 ostenderunt,
1031 677 1166 726 quanti
1193 683 1423 716 constarent
1447 688 1584 726 regum

325 732 462 770 amicis
481 732 588 771 bona
607 731 784 770 consilia.
889 762 891 765 Α

284 792 303 825 1
402 786 486 824 XV.
515 786 600 824 Non
629 786 765 824 dubito
793 786 886 834 quin
908 786 1117 834 Harpagus
1146 796 1306 834 quoque
1333 787 1411 825 tale
1436 786 1584 835 aliquid

323 841 406 888 regi
429 851 502 879 suo
522 840 813 889 Persarumque
830 841 1019 887 suaserit,
1049 851 1128 888 quo
1151 841 1331 879 offensus
1362 841 1509 880 liberos
1530 842 1583 880 illi

324 895 547 943 epulandos
567 895 755 942 adposuit
773 900 812 934 et
831 895 999 934 subinde
1019 895 1207 942 quaesiit:
1227 907 1278 934 an
1297 897 1470 943 placeret
1489 907 1582 935 con-

323 950 462 988 ditura.
500 948 652 989 Deinde
670 954 712 988 ut
731 949 826 988 satis
846 950 950 988 illum
973 950 1131 998 plenum
1150 950 1262 989 malis
1283 950 1367 989 suis
1386 950 1492 998 vidit,
1513 951 1582 989 ad-

323 1002 416 1042 ferri
436 1004 564 1052 capita
588 1003 754 1043 illorum
769 1004 885 1043 iussit
903 1009 942 1043 et
961 1004 1161 1053 quomodo
1182 1009 1290 1043 esset
1317 1010 1505 1053 acceptus
1524 1005 1582 1043 in·

323 1057 551 1107 terrogavit.
589 1057 675 1098 Non
694 1059 905 1098 deruerunt
928 1058 1073 1097 misero
1092 1058 1225 1106 verba,
1246 1070 1324 1098 non
1349 1070 1395 1098 os
1416 1070 1581 1099 concur-

321 1113 391 1151 rit:
439 1113 575 1160 „apud
601 1123 754 1161 regem,
787 1113 931 1162 inquit,
969 1113 1096 1152 omnis
1126 1124 1252 1151 coena
1277 1114 1450 1152 iucunda
1482 1118 1582 1153 est.“

281 1167 303 1200 2
324 1165 424 1215 Quid
442 1167 516 1205 hac
535 1167 760 1206 adulatione
780 1168 974 1216 profecit?
1001 1178 1050 1206 ne
1065 1168 1115 1205 ad
1134 1168 1320 1217 reliquias
1340 1169 1581 1207 invitaretur.

321 1222 406 1260 Non
417 1226 508 1260 veto
529 1225 677 1270 patrem
688 1222 874 1261 damnare
887 1223 991 1270 regis
1013 1222 1075 1260 sui
1090 1223 1244 1270 factum,
1265 1234 1343 1262 non
1356 1228 1444 1262 veto
1462 1234 1580 1272 quae-

321 1286 410 1314 rere
429 1275 585 1324 dignam
606 1281 684 1315 tam
704 1277 803 1315 truci
823 1282 1003 1326 portento
1023 1287 1213 1325 poenam,
1242 1279 1312 1316 sed
1333 1278 1409 1317 hoc
1427 1278 1578 1316 interim

322 1331 478 1379 colligo,
509 1339 631 1380 posse
651 1331 765 1370 etiam
786 1342 837 1370 ex
855 1331 1078 1379 ingentibus
1099 1332 1212 1370 malis
1237 1337 1463 1371 nascentem
1483 1333 1580 1371 iram

280 1386 303 1420 3
322 1386 513 1424 abscondi
533 1390 572 1424 et
590 1386 642 1423 ad
660 1386 783 1424 verba
802 1386 998 1426 contraria
1018 1386 1092 1424 sibi
1112 1388 1213 1434 cogi.
1250 1387 1485 1425 Necessaria
1504 1388 1581 1426 ista

321 1445 383 1479 est
401 1440 551 1479 doloris
578 1440 800 1488 refrenatio,
821 1442 956 1489 utique
982 1440 1059 1479 hoc
1083 1440 1229 1480 sortitis
1259 1442 1360 1480 vitae
1389 1452 1514 1489 genus
1543 1447 1581 1480 et

320 1495 372 1533 ad
390 1495 539 1543 regiam
559 1494 742 1534 adhibitis
762 1506 957 1534 mensam:
987 1496 1045 1533 sic
1065 1499 1174 1534 estur
1194 1496 1301 1544 apud
1321 1495 1422 1542 illos,
1445 1496 1502 1534 sic
1522 1496 1578 1534 bi-

319 1549 441 1596 bitur,
471 1550 528 1588 sic
555 1550 840 1597 respondetur,
873 1550 1076 1589 funeribus
1105 1550 1187 1588 suis
1215 1550 1472 1589 adridendum
1505 1555 1578 1589 est.

319 1605 381 1642 An
401 1604 497 1642 tanti
523 1604 573 1643 sit
598 1605 677 1643 vita
702 1605 943 1643 videbimus:
971 1604 1047 1642 alia
1074 1604 1151 1643 ista
1178 1605 1357 1652 quaestio
1384 1610 1454 1643 est.
1492 1605 1578 1644 Non

320 1659 613 1697 consolabimur
646 1663 724 1698 tam
747 1660 855 1698 triste
883 1661 1143 1706 ergastulum,
1177 1670 1256 1697 non
1285 1659 1578 1698 adhortabimur

321 1714 423 1751 ferre
448 1714 612 1762 imperia
631 1714 878 1752 carnificum:
908 1714 1163 1752 ostendemus
1192 1714 1228 1752 in
1258 1714 1362 1752 omni
1389 1715 1576 1752 servitute

320 1772 494 1815 apertam
508 1767 675 1807 libertati
686 1769 799 1806 viam.
821 1769 854 1807 si
865 1778 983 1816 aeger
993 1769 1145 1806 animus
1156 1774 1194 1807 et
1205 1772 1307 1815 [non]
1319 1779 1391 1806 suo
1403 1769 1500 1807 vitio<
1507 1769 1575 1806 mi·

278 1825 301 1858 4
320 1832 386 1860 ser
401 1827 472 1870 est,
493 1822 583 1861 huic
604 1822 782 1861 miserias
796 1823 909 1861 finire
927 1833 1063 1861 secum
1082 1824 1183 1861 licet.
1209 1823 1341 1861 Dicam
1364 1827 1402 1861 et
1422 1823 1487 1870 illi,
1509 1823 1576 1872 qui

319 1876 357 1914 in
383 1887 518 1924 regem
546 1876 683 1916 incidit
705 1877 856 1926 sagittis
877 1883 1040 1926 pectora
1067 1878 1277 1916 amicorum
1297 1882 1505 1925 petentem,
1537 1882 1576 1916 et

318 1931 383 1977 illi,
413 1932 524 1970 cuius
546 1932 728 1971 dominus
754 1933 968 1971 liberorum
995 1931 1214 1971 visceribus
1246 1937 1377 1979 patres
1409 1937 1576 1971 saturat2

322 1985 416 2033 quid
436 1987 574 2034 gemis,
597 1987 771 2035 demens,
795 1987 890 2035 quid
909 1992 1131 2035 exspectas,
1151 1991 1194 2025 ut
1211 1991 1249 2024 te
1269 1991 1335 2024 aut
1361 1986 1487 2026 hostis
1506 1987 1574 2025 ali-

321 2040 409 2087 quis
431 2051 502 2088 per
520 2041 680 2080 exitium
699 2042 825 2090 gentis
846 2047 935 2080 tuae
955 2041 1127 2080 vindicet
1146 2045 1212 2079 aut
1229 2051 1300 2078 rex
1319 2052 1342 2078 a
1361 2042 1575 2089 longinquo

318 2099 462 2142 potens
479 2096 666 2135 advolet?
690 2093 942 2145 quocunique
957 2094 1194 2144 respexeris,
1214 2095 1265 2132 ibi
1279 2096 1469 2134 malorum
1485 2095 1574 2134 finis

320 2152 400 2186 est:
429 2148 539 2188 vides
569 2150 676 2189 illum
704 2151 956 2199 praecipitem
985 2149 1259 2189 loculus-illac
1287 2151 1337 2188 ad
1359 2150 1572 2189 libertatem

320 2202 583 2242 descenditur.
624 2205 736 2244 vides
761 2205 856 2244 illud
876 2215 1001 2251 mare,
1029 2203 1124 2242 illud
1143 2202 1302 2251 flumen,
1329 2205 1433 2242 illum
1463 2209 1572 2252 pute-

319 2261 415 2294 um?
435 2257 593 2296 libertas
613 2259 690 2298 illic
711 2260 752 2298 in
770 2261 846 2298 imo
863 2259 993 2298 ‹sedet-
1030 2258 1142 2296 vides
1162 2258 1464 2297 illamarborem
1484 2259 1572 2297 bre·

319 2319 423 2361 vem,
442 2313 685 2362 retorridam,
705 2314 928 2354 infelicem?
963 2313 1110 2362 pendet
1139 2312 1230 2351 inde
1257 2313 1428 2352 libertas.
1456 2313 1570 2352 vides
