1624 2626
326 167 393 207 DE
421 161 708 207 CLEMENTIA
737 166 830 205 LIB.
848 166 879 204 1.
909 171 1080 207 19—22.
1261 163 1342 205 295

67 269 328 318 nifestiorque
354 269 436 318 vis,
461 279 581 319 quam
600 272 644 308 ut
664 266 794 307 alieno
814 269 919 308 malo
940 268 1170 317 opinionem
1191 266 1268 306 sibi
1285 267 1343 306 vi-

66 327 168 364 rium
185 330 363 375 quaerat.
393 325 472 364 hoc
492 325 605 364 dico:
636 334 726 363 cum
745 324 794 363 ab
814 323 1070 364 inferioribus
1089 323 1237 373 petitus
1257 323 1344 363 vio·

4 424 27 436 μ
66 383 250 431 latusque
269 386 342 420 est.
373 392 465 420 nam
485 381 541 428 si,
564 384 669 430 quos
689 391 810 429 pares
829 380 1046 429 aliquando
1066 379 1221 428 habuit,
1242 379 1346 418 infra

4 437 5 440 ’
65 448 113 477 se
139 437 262 484 videt,
293 438 391 477 satis
419 436 645 476 vindicatus
673 441 748 475 est.
793 437 945 485 Regem
971 441 1011 475 et
1032 446 1176 475 servus
1198 435 1347 474 occidit

2 527 4 532 t
66 498 105 533 et
131 503 298 542 serpens
323 498 363 533 et
383 493 546 543 sagitta:
577 492 755 532 servabit
774 492 936 542 quidem
954 503 1093 539 nemo,
1122 491 1200 530 nisi
1219 491 1346 530 maior

0 557 3 601 l
64 559 114 588 eo
133 560 252 598 quem
267 549 454 589 servavit.
497 548 563 588 Uti
578 548 715 598 itaque
730 549 910 588 animose
925 548 1044 587 debet
1058 552 1167 587 tanto
1181 557 1345 586 munere
1365 550 1387 584 2

0 606 2 620 ³
66 605 233 644 deorum
263 605 383 644 dandi
410 605 702 654 auferendique
731 605 850 643 vitam
879 609 1044 653 potens,
1073 604 1112 642 in
1140 603 1203 642 his
1227 613 1344 652 prae·

64 661 213 708 sertim,
233 672 335 710 quos
353 661 430 700 seit
444 660 661 710 aliquando
678 660 754 699 sibi
768 659 875 712 [par]
892 660 1091 709 fastigium
1108 659 1344 699 obtinuisse.

64 716 143 756 hoc
158 716 364 757 arbitrium
378 717 550 766 adeptus
566 716 758 755 ultionem
774 716 940 765 inplevit
954 715 1202 765 perfecitque
1219 726 1346 764 quan-

65 778 148 812 tum
168 783 288 812 verae
309 783 465 823 poenae
484 771 582 811 satis
602 776 700 811 erat,
730 771 903 820 perdidit
922 772 1027 810 enim
1048 770 1168 810 vitam
1189 771 1257 819 qui
1277 770 1347 810 de—

64 828 150 877 bet,
180 832 221 867 et
240 829 422 878 quisquis
441 838 494 866 ex
513 828 592 867 alto
609 828 660 866 ad
678 827 824 866 inimici
840 827 968 877 pedes
983 827 1350 875 abiectus-alienam

64 884 118 923 de
138 884 268 933 capite
286 894 495 934 regnoque
515 883 752 923 sententiam
773 883 1043 932 exspectavit,
1073 882 1112 922 in
1130 882 1348 922 servatoris

64 940 128 980 sui
156 940 323 988 gloriam
353 940 447 980 vivit
474 939 649 991 plusque
672 938 823 979 nomini
842 939 928 978 eius
949 939 1105 979 confert
1122 938 1347 986 incolumis,

66 1007 188 1046 quam
211 995 247 1035 si
275 1007 327 1034 ex
346 996 472 1035 oculis
493 996 650 1034 ablatus
671 999 793 1034 esset.
830 994 1043 1034 adsiduum
1065 995 1169 1034 enim
1190 999 1347 1044 specta-

64 1052 197 1092 culum
225 1050 380 1090 alienae
407 1051 560 1091 virtutis
589 1055 676 1090 est:
718 1051 756 1089 in
784 1051 986 1100 triumpho
1015 1050 1092 1089 cito
1121 1052 1347 1090 transisset.

64 1107 108 1147 Si
139 1118 238 1147 vero
272 1117 438 1156 regnum
467 1117 630 1156 quoque
663 1117 782 1146 suum
809 1110 894 1146 tuto
920 1106 1092 1155 relinqui
1122 1106 1231 1155 apud
1258 1116 1349 1145 eum
1368 1110 1391 1145 3

65 1163 195 1214 potuit
219 1163 444 1213 reponique
471 1173 519 1202 eo
547 1163 655 1202 unde
679 1161 903 1212 deciderat,
932 1161 1084 1211 ingenti
1103 1161 1348 1202 incremento

66 1218 196 1268 surgit
221 1219 310 1258 laus
339 1219 448 1268 eius,
483 1219 552 1268 qui
581 1222 793 1258 contentus
824 1218 896 1258 fuit
922 1228 975 1257 ex
1000 1228 1097 1267 rege
1123 1218 1230 1257 victo
1251 1217 1349 1256 nihil

64 1280 224 1325 praeter
253 1274 418 1324 gloriam
446 1285 618 1314 sumere.
665 1274 753 1313 Hoc
780 1279 843 1314 est
869 1274 986 1314 etiam
1014 1284 1066 1313 ex
1086 1274 1254 1313 victoria
1275 1283 1351 1313 sua

62 1330 307 1381 triumphare
333 1330 554 1380 testarique
574 1329 670 1369 nihil
689 1340 734 1369 se
755 1330 865 1380 quod
886 1330 1049 1379 dignum
1069 1335 1179 1369 esset
1196 1329 1350 1369 victore

65 1387 175 1436 apud
194 1386 323 1426 victos
343 1386 561 1426 invenisse.
604 1386 713 1425 »Cum
733 1385 888 1425 civibus
909 1391 949 1426 et
967 1385 1114 1435 ignotis
1137 1391 1258 1435 atque
1276 1385 1348 1424 hu-
1368 1396 1391 1430 4

64 1442 223 1481 milibus
244 1453 292 1482 eo
312 1442 557 1482 moderatius
577 1441 776 1490 agendum
797 1445 877 1489 est,
909 1452 990 1490 quo
1011 1441 1177 1480 minoris
1198 1446 1259 1480 est
1279 1441 1348 1479 ad-

66 1497 222 1537 flixisse
242 1508 327 1536 eos.
358 1498 598 1547 quibusdam
622 1497 790 1537 libenter
808 1508 976 1547 parcas,
1003 1507 1029 1535 a
1049 1496 1299 1547 quibusdam¹
1309 1501 1350 1535 te

65 1553 272 1592 vindicare
293 1553 475 1592 fastidias
495 1558 535 1592 et
555 1564 636 1591 non
655 1553 768 1592 aliter
788 1564 908 1602 quam
929 1553 980 1592 ab
1000 1551 1237 1591 animalibus
1258 1563 1352 1602 parf

66 1610 130 1648 vis
150 1614 190 1648 et
209 1609 454 1648 obterentem
474 1609 774 1658 inquinantibus
793 1609 1025 1648 reducenda
1039 1619 1182 1647 manus
1199 1613 1280 1648 estz
1311 1611 1351 1647 at

64 1664 106 1704 in
134 1664 206 1713 iis,
235 1665 304 1713 qui
324 1665 364 1703 in
384 1674 455 1703 ore
475 1665 644 1703 civitatis
666 1665 814 1703 servati
835 1664 1044 1714 punitique
1065 1669 1200 1713 erunt,
1232 1674 1348 1703 occa-

66 1721 182 1761 sione
200 1725 320 1760 notae
340 1720 574 1759 clementiae
593 1720 783 1759 utendum
803 1725 876 1759 est.

147 1776 268 1815 ΧΧΠ.
302 1776 641 1815 Transeamus
680 1776 741 1814 ad
784 1776 982 1815 alienas
1026 1775 1267 1822 iniurias,
1309 1775 1349 1813 in
1371 1787 1390 1820 1

68 1832 215 1883 quibus
242 1831 496 1871 vindicandis
525 1831 626 1870 haec
653 1832 729 1870 tria
754 1832 821 1870 lex
849 1836 987 1871 secuta
1006 1837 1088 1880 est,
1119 1842 1222 1880 quae
1241 1831 1349 1880 prin—

68 1898 167 1937 ceps
183 1898 349 1937 quoque
367 1888 484 1937 sequi
501 1887 638 1925 debet:
669 1892 736 1926 aut
750 1891 794 1926 ut
808 1899 911 1934 eum,
934 1898 1052 1936 quem
1069 1888 1193 1937 punit,
1215 1897 1349 1925 emen-

67 1943 251 1992 det,‘aut
276 1949 320 1983 ut
347 1954 479 1993 poena
506 1943 593 1982 eius
621 1948 777 1982 ceteros
804 1944 992 1982 meliores
1024 1943 1184 1991 reddat,
1214 1946 1282 1981 aut
1307 1947 1352 1982 ut

66 1999 236 2039 sublatis
268 2000 385 2039 malis
419 1998 647 2038 securiores
683 1999 803 2037 ceteri
836 1999 984 2038 vivant.
1037 1999 1156 2047 Ipsos
1191 1998 1350 2038 facilius

69 2056 302 2095 emendabis
329 2057 482 2095 minore
510 2065 662 2104 poena:
699 2054 927 2104 diligentius
956 2053 1061 2093 enim
1081 2054 1177 2093 vivit
1195 2054 1259 2093 cui
1279 2054 1349 2092 ali-

70 2109 168 2159 quid
199 2112 342 2161 integri
375 2114 574 2161 superest.
624 2120 743 2149 nemo
777 2110 956 2159 dignitati
989 2110 1172 2159 perditae
1204 2110 1348 2161 parcit.

67 2163 298 2215 inpunitatis
317 2177 444 2216 genus
465 2171 528 2206 est
545 2166 624 2205 iam
640 2177 719 2204 non
735 2166 884 2204 habere
902 2176 1057 2215 poenae
1072 2166 1348 2206 locum..Civi·
1364 2171 1386 2205 2

68 2222 160 2261 tatis
188 2227 318 2262 autem
347 2233 483 2263 mores
508 2222 637 2271 magis
659 2221 819 2271 corrigit
838 2223 1013 2270 parcitas
1034 2221 1347 2262 animadversio-

70 2286 178 2316 num.
216 2279 310 2318 facit
334 2280 439 2318 enim
458 2278 791 2317 consuetudinem
811 2277 1009 2327 peccandi
1026 2278 1233 2318 multitudo
1254 2286 1347 2328 pec-

71 2333 243 2373 cantium
261 2339 302 2374 et
322 2334 454 2375 minus
473 2335 606 2384 gravis
627 2339 722 2375 nota
741 2338 822 2383 est,
853 2344 973 2383 quam
993 2334 1110 2374 turba
1128 2334 1347 2376 damnatio·
