1624 2626
282 161 334 201 26
397 161 528 198 DlAL.
552 160 597 197 11.
635 159 702 197 AD
724 157 960 197 SERENUM
978 157 1072 195 NEC
1092 157 1436 196 INJURIAMNEC

285 257 404 307 pienti
425 257 582 295 libertas
603 256 813 304 quaeritur.
860 266 938 293 non
965 260 1008 293 ut
1032 255 1146 293 vobis
1176 255 1305 293 facere
1325 267 1403 293 non
1431 254 1546 293 liceat

284 313 482 358 iniuriam,
512 312 685 359 agimus,
714 311 786 349 sed
807 314 847 347 ut
864 310 928 347 illc
948 320 1084 348 omnes
1106 309 1269 348 iniurias
1290 310 1327 347 in
1350 311 1466 348 altum
1488 310 1543 347 di-

283 368 407 406 mittat
447 366 711 414 patientiaque
745 374 789 402 se
821 374 867 401 ac
900 364 1167 412 magnitudine
1199 365 1318 402 animi
1347 364 1542 402 defendat.

248 426 268 458 5
285 421 349 460 Sic
368 421 408 459 in
429 420 702 458 certaminibus
724 419 848 457 sacris
872 418 1048 467 plerique
1067 419 1262 465 vicerunt,
1300 418 1544 456 caedentium

284 487 424 515 manus
446 474 642 513 obstinata
660 474 846 522 patientia
865 474 1082 521 fatigando:
1113 484 1163 510 ex
1191 473 1267 511 hoc
1288 478 1381 520 puta
1401 482 1546 520 genere

285 531 502 578 sapientem
535 540 690 575 eorum,
727 528 792 575 qui
826 527 1105 566 exercitatione
1128 529 1246 575 longa
1277 537 1323 565 ac
1350 527 1456 566 fideli
1483 537 1546 565 ro-

285 586 358 623 bur
379 583 624 632 perpetiendi
645 582 900 629 lassandique
921 592 1075 620 omnem
1094 582 1290 620 inimicam
1312 581 1387 619 vim
1408 591 1545 619 conse-

287 640 364 678 cuti
384 644 486 677 sunt.

250 709 268 741 l
362 694 408 732 X.
455 693 688 740 Quoniam
723 691 942 739 priorem
969 695 1158 739 partem
1187 691 1546 738 percurrimus,

286 749 345 787 ad
378 748 585 786 alteram
618 752 956 791 transeamus,
993 754 1087 793 qua
1111 743 1407 792 quibusdam
1438 755 1546 792 pro-

286 802 435 851 priis,
476 801 736 849 plerisque
765 811 886 838 vero
921 799 1261 838 communibus
1296 804 1549 838 contume-

286 858 399 895 liam
418 855 764 894 refutabimus.
795 854 865 892 Est
885 854 1008 892 minor
1027 853 1179 900 iniuria,
1202 863 1317 901 quam
1339 854 1449 902 queri
1470 863 1550 891 ma·

286 911 347 960 gis
369 922 485 958 quam
506 910 673 956 exsequi
694 909 905 957 possimus,
931 919 1047 956 quam
1064 908 1170 956 leges
1192 918 1351 956 quoque
1370 908 1475 945 nulla
1494 907 1549 945 di-

251 982 272 1015 2
287 976 404 1014 gnam
416 964 586 1002 vindicta
597 969 844 1011 putaverunt.
872 964 986 1001 Hunc
1002 963 1198 1001 adfectum
1214 967 1345 1000 movet
1355 962 1549 1001 humilitas

288 1020 404 1058 animi
420 1018 684 1058 contrahentis
702 1029 746 1056 se
764 1018 814 1056 ob
829 1019 972 1056 factum
990 1018 1215 1065 dictumque
1230 1016 1549 1055 inhonorificum:

287 1075 378 1122 „ille
395 1072 596 1112 mehodie
616 1083 695 1110 non
715 1072 881 1120 admisit,
897 1083 984 1110 cum
1005 1072 1103 1110 alios
1124 1070 1354 1109 admitteret.
1402 1081 1550 1109 sermo-

288 1139 377 1167 nem
396 1139 526 1166 meum
546 1132 613 1165 aut
639 1127 812 1175 superbe
832 1131 1038 1165 aversatus
1060 1131 1119 1164 est
1137 1131 1203 1164 aut
1224 1126 1351 1174 palam
1369 1125 1467 1163 risit.
1514 1129 1552 1162 et

288 1194 367 1222 non
387 1183 425 1221 in
445 1181 574 1220 medio
604 1192 666 1219 me
692 1182 814 1228 lecto,
842 1182 916 1219 sed
943 1181 981 1218 in
1009 1181 1086 1218 imo
1117 1179 1364 1218 collocavit.“
1408 1185 1450 1218 et
1476 1180 1552 1217 alia

288 1238 405 1276 huius
433 1242 568 1281 notae,
607 1246 708 1284 quae
736 1236 829 1283 quid
856 1246 995 1274 vocem
1022 1234 1098 1272 nisi
1127 1236 1308 1282 querelas
1335 1234 1551 1273 nausiantis

290 1292 433 1330 animi?
460 1292 496 1328 in
520 1300 621 1338 quae
643 1291 723 1327 fere
745 1290 899 1328 delicati
919 1294 957 1328 et
973 1290 1106 1327 felices
1127 1290 1313 1327 incidunt.
1340 1300 1418 1327 non
1438 1293 1553 1325 vacat

253 1362 275 1395 3
291 1347 394 1385 enim
412 1346 510 1383 haec
531 1349 667 1382 notare
687 1345 748 1382 cui
771 1345 905 1391 peiora
932 1344 1089 1381 instant.
1136 1344 1259 1382 Nimio
1290 1344 1368 1382 otio
1396 1342 1553 1390 ingenia

291 1405 430 1439 natura
450 1400 603 1437 infirma
622 1403 660 1436 et
679 1398 882 1436 muliebria
902 1403 939 1437 et
966 1399 1099 1446 inopia
1117 1408 1235 1435 verae
1255 1398 1417 1436 iniuriae
1438 1397 1551 1434 lasci-

290 1455 433 1493 vientia
456 1454 516 1492 his
538 1458 851 1498 commoventur,
887 1450 1049 1500 quarum
1072 1463 1162 1499 pars
1183 1453 1306 1490 maior
1327 1456 1478 1490 constat
1498 1451 1552 1488 vi-

290 1510 344 1549 tio
364 1507 667 1556 interpretantis.
715 1507 848 1555 itaque
875 1517 948 1544 nec.
969 1507 1200 1554 prudentiae
1222 1507 1431 1554 quicquam
1451 1506 1488 1543 in
1510 1515 1554 1543 se

292 1574 385 1602 esse
413 1573 485 1601 nec
514 1562 683 1600 fiduciae
703 1562 874 1600 ostendit
895 1561 960 1609 qui
982 1561 1217 1599 contumelia
1235 1561 1427 1598 adficitur.
1447 1583 1448 1587 =
1473 1570 1550 1598 non

293 1619 409 1657 dubie
440 1618 540 1655 enim
569 1620 832 1663 contemptum
861 1626 904 1653 se
932 1615 1095 1662 iudicat,
1134 1619 1172 1653 et
1201 1615 1264 1653 hic
1291 1626 1446 1653 morsus
1474 1625 1551 1652 non

293 1674 379 1711 sine
414 1672 585 1720 quadam
612 1671 823 1708 humilitate
852 1670 968 1708 animi
987 1670 1116 1708 evenit
1141 1668 1420 1717 supprimentis
1441 1679 1486 1706 se
1506 1679 1552 1706 ac

293 1725 588 1766 descendentis:
609 1725 769 1772 sapiens
789 1730 918 1763 autem
938 1736 960 1762 a
979 1725 1085 1763 nullo
1108 1725 1376 1762 contemnitur.
1405 1724 1553 1770 magni-

292 1782 466 1821 tudinem
486 1790 598 1818 suam
616 1779 725 1818 novit
752 1779 926 1827 nullique
944 1783 1093 1817 tantum
1121 1779 1170 1816 de
1196 1788 1240 1816 se
1265 1778 1384 1815 licere
1406 1778 1555 1816 nuntiat
1576 1793 1580 1797 ·

295 1836 370 1875 sibi
390 1840 429 1873 et
448 1834 574 1874 omnis
594 1834 679 1882 has,
707 1845 806 1882 quas
827 1845 904 1872 non
925 1834 1102 1872 miserias
1123 1833 1349 1879 animorum,
1380 1833 1452 1870 sed
1471 1843 1552 1870 mo-

258 1891 428 1937 4lestias
461 1889 646 1936 dixerim,
675 1899 754 1927 non
776 1889 916 1936 vincit,
945 1889 1017 1927 sed
1037 1898 1086 1926 ne
1114 1887 1230 1926 sentit
1250 1887 1420 1934 quidem.
1466 1887 1555 1924 Alia

296 1949 388 1983 sunt
408 1954 511 1992 quae
531 1943 747 1990 sapientem
768 1943 925 1989 feriunt,
951 1944 1065 1982 etiam
1086 1942 1120 1981 si
1138 1952 1215 1980 non
1235 1946 1484 1989 pervertunt,
1513 1945 1555 1979 ut

296 2000 410 2038 dolor
434 1997 615 2046 corporis
643 2002 682 2036 et
708 1997 887 2035 debilitas
921 2004 987 2036 aut
1020 1997 1230 2035 amicorum
1262 1995 1555 2043 liberorumque

297 2053 457 2092 amissio
487 2058 525 2090 et
553 2052 701 2099 patriae
728 2052 830 2090 bello
858 2051 1060 2100 flagrantis
1089 2051 1302 2088 calamitas.
1349 2050 1448 2087 haec
1474 2060 1554 2088 non

296 2118 398 2155 nego
419 2107 563 2145 sentire
583 2106 810 2154 sapientem.
842 2117 914 2145 nec
934 2107 1034 2145 enirn
1053 2104 1195 2152 lapidis
1214 2105 1267 2142 illi
1287 2104 1465 2142 duritIam
1481 2105 1556 2141 fer-

296 2163 382 2200 rive
410 2160 643 2199 adserimus.
690 2163 796 2199 nulla
822 2161 944 2200 virtus
976 2165 1054 2206 est,
1089 2169 1191 2207 quae
1210 2169 1289 2196 non
1310 2160 1449 2197 sentiat
1467 2168 1556 2206 per-

298 2217 392 2266 peti.
430 2215 529 2262 Quid
550 2224 643 2261 ergo
666 2220 750 2253 est?
779 2217 972 2264 quosdam
993 2215 1092 2252 ictus
1110 2213 1260 2261 recipit,
1282 2214 1354 2251 sed
1372 2217 1554 2260 receptos

299 2270 442 2310 evincit
459 2274 497 2308 et
519 2273 632 2307 sanat
652 2274 688 2310 et
708 2271 925 2318 conprimit.
975 2269 1072 2307 haec
1091 2278 1184 2307 vero
1204 2268 1355 2307 minora
1375 2277 1424 2306 ne
1443 2266 1559 2305 sentit
