1624 2626
372 110 440 151 DE
461 109 748 154 CLEMENTIA
772 108 873 152 LIB.
894 109 942 149 11.
969 113 1100 151 5-7-
1286 108 1370 152 303

90 215 164 255 sed
187 212 381 264 proderit,
421 213 461 251 in
482 222 694 251 commune
719 210 912 251 auxilium
940 214 1059 251 natus
1088 220 1136 249 ae
1163 210 1370 260 publicum

88 271 260 320 bonum,
298 280 351 308 ex
389 280 471 319 quo
500 267 610 307 dabit
636 268 784 317 cuique
816 271 991 316 partem:
1027 266 1146 306 etiam
1180 267 1233 306 ad
1263 268 1369 308 cala-

88 327 257 367 mitosos
277 336 351 375 pro
372 325 557 375 portione
575 323 855 373 inprobandos
882 326 922 363 et
948 322 1228 363 emendandos
1254 322 1368 363 boni-

87 387 204 422 tatem
221 392 336 421 suam
350 379 563 431 permittet.
593 380 769 420 adflictis
783 389 883 419 vero
901 383 941 418 et
956 379 1076 419 sortis
1093 381 1240 429 [mapa]
1257 380 1370 420 labo-

85 438 266 477 rantibus
282 438 404 478 multo
424 436 560 483 libenti
634 435 856 476 subveniet.
895 435 1084 484 quotiens
1103 435 1370 484 poterit‚,for-

85 499 206 534 tunae
225 493 461 533 intercedet:
489 492 544 532 ub
569 527 577 535 ψ
603 492 686 531 nim
713 492 861 542 opibus
880 491 1014 543 potius
1034 496 1165 530 utetur
1186 491 1368 543 autxviri-

85 550 163 589 bus
188 561 308 600 quam
328 550 381 588 ad
399 548 648 589 restituenda
667 558 779 598 quae·
792 558 914 587 casus
929 547 1098 596 inpulit?
1114 548 1265 586 voltum
1281 548 1369 597 qui-

87 605 177 646 dem
198 617 278 646 non
299 604 445 645 deiciet
464 615 539 644 nec
559 605 734 644 animum
754 603 807 643 ob
828 614 923 643 crus
940 603 1109 643 alicuius
1128 603 1283 642 aridum
1304 609 1371 644 aut

88 672 312 711 pannosam
333 661 504 700 maciem
526 665 567 700 et
589 660 765 700 innixam
793 660 937 699 baculo
965 664 1232 699 senectutem:
1264 665 1369 699 cete-

86 729 174 757 rum
194 718 379 757 omnibus
402 716 533 766 dIgnis
559 715 740 765 proderit
766 720 806 755 et
833 715 1001 755 deorum
1030 726 1143 755 more
1168 716 1370 756 calamito—

89 784 159 812 sos
181 773 380 823 propitius
399 772 600 821 respiciet.
640 771 919 812 Misericordia
933 771 1067 810 vicina
1085 775 1148 811 est
1166 771 1370 811 miseriae:
1386 776 1409 812 4

87 828 208 869 habet
226 830 332 869 enim
350 828 502 878 aliquid
521 827 723 877 trahitque
739 838 791 867 ex
805 838 867 866 ea.
895 826 1103 866 inbecilles
1119 827 1261 867 oculos
1277 837 1372 868 esse

88 885 217 934 scias,
248 884 319 935 qui
336 886 388 924 ad
411 885 582 923 alienam
602 884 880 934 lippitudinem
899 888 939 923 et
957 883 1035 933 ipsi
1060 883 1369 932 subsumantur,

0 927 1 972 ἶ
72 946 167 991 Υιειιῑι
181 941 410 990 mehercule
426 951 546 990 quam
562 941 744 980 morbum
765 949 878 988 esse,
899 951 981 979 non
997 939 1246 987 hilaritatem,
1267 950 1371 979 sem-

90 1008 162 1046 per
204 994 392 1036 adridere
430 995 655 1050 ridentibus
697 1000 737 1035 et
776 996 827 1034 ad
871 995 1048 1035 omnium
1093 994 1371 1035 oscitationem

88 1053 221 1102 ipsum
241 1062 405 1102 quoque
429 1063 476 1092 os
493 1052 704 1091 diducere:
735 1050 1012 1091 misericordia
1041 1050 1264 1097 vitiumfest
1286 1051 1369 1090 ani-

88 1119 244 1148 morum
261 1107 376 1149 niffis
394 1107 556 1147 miseria
573 1107 824 1158 paventium,
846 1118 967 1157 quam
983 1107 1125 1158 siquis
1143 1118 1167 1146 a
1187 1107 1371 1156 sapiente

88 1163 229 1213 exigit,
259 1175 388 1214 prope
403 1169 485 1211 est,
516 1168 561 1204 ut
585 1163 906 1204 lamentationem
936 1163 1071 1213 exigat
1093 1167 1134 1203 et
1156 1163 1197 1203 in
1228 1163 1370 1203 alienis

89 1220 294 1260 funeribus
314 1220 499 1270 gemitus.
1269 1220 1272 1222 ’

166 1276 253 1317 VII.
285 1276 353 1324 [At
374 1286 498 1326 quare
516 1287 596 1316 non
617 1276 827 1325 ignoscet?
866 1279 1053 1324 vacuum]
1083 1275 1319 1316 Constitu
1329 1285 1370 1313 a·
1388 1283 1408 1316 1

89 1343 193 1371 mus
215 1343 343 1371 nunc
365 1343 588 1381 quoque,
614 1332 736 1381 quid
757 1332 823 1370 sit
844 1333 1014 1380 venia,
1038 1337 1077 1371 et
1091 1332 1267 1371 sclemus
1284 1329 1371 1369 dari

91 1388 197 1426 illam
213 1398 236 1426 a
258 1388 439 1437 sapiente
458 1399 539 1440 non
565 1387 726 1426 debere.
772 1386 904 1427 Venia
931 1393 994 1427 est
1022 1398 1179 1436 poenae
1206 1385 1371 1426 meritae

91 1443 291 1482 remissio.
321 1444 434 1482 Hanc
461 1444 625 1493 sapiens
646 1453 771 1493 quare
790 1454 871 1483 non
893 1444 1039 1491 debeat
1058 1444 1176 1491 dare,
1196 1442 1372 1482 reddunt

90 1498 284 1537 rationem
306 1499 474 1547 diutius,
497 1499 644 1547 quibus
664 1499 741 1538 hoc
757 1499 1011 1548 propositum
1028 1504 1109 1538 est:
1131 1510 1206 1548 ego
1223 1504 1266 1538 ut
1280 1499 1370 1537 bre-

91 1554 193 1592 viter
214 1558 415 1603 tamquam
434 1555 472 1593 in
495 1554 624 1593 alieno
642 1554 788 1594 iudicio
807 1555 957 1594 dicam:
984 1555 1032 1594 Ei
1049 1555 1283 1604 ignoscitur,
1303 1554 1371 1603 qui

92 1609 224 1659 puniri
245 1610 392 1648 debuit.
432 1610 596 1659 sapiens
617 1615 749 1649 autem
768 1611 864 1650 nihil
893 1611 986 1650 facit
1006 1611 1115 1659 quod
1136 1622 1216 1650 non
1239 1610 1368 1656 debet,

91 1665 188 1704 nihil
204 1666 487 1714 praetcrmintit,
510 1666 619 1714 quod
633 1666 770 1705 debet:
796 1666 933 1715 itaque
949 1677 1132 1715 poenam,
1152 1677 1272 1716 quam
1288 1665 1369 1704 exi-

92 1731 187 1770 gere
207 1721 337 1767 debet,
359 1733 438 1761 non
460 1722 594 1761 donat.
629 1721 703 1759 sed
720 1721 817 1760 illud
838 1722 948 1771 quod
968 1731 1022 1765 ex
1041 1722 1157 1761 venia
1174 1721 1369 1770 consequi
1385 1732 1406 1766 2

94 1776 176 1824 vis,
197 1776 428 1816 honestiore
451 1777 518 1816 tibi
540 1777 604 1815 via
623 1776 777 1816 tribuit:
808 1778 934 1827 parcit
949 1778 1054 1817 enim
1075 1778 1253 1828 sapiens,
1275 1789 1369 1816 con—

93 1833 186 1871 sulit
203 1838 241 1871 et
260 1833 434 1882 corrigit.
464 1833 570 1871 idem
587 1832 679 1871 facit
695 1833 826 1882 quod,
847 1834 882 1872 si
903 1834 1142 1882 ignosceret,
1165 1844 1239 1872 nec
1257 1834 1368 1882 igno—

93 1887 187 1936 scit,
231 1889 417 1937 quoniam
456 1889 525 1938 qui
558 1887 750 1937 ignoscit,
794 1889 939 1928 fatetur
977 1889 1131 1942 aliquid
1168 1901 1214 1928 se
1257 1889 1368 1939 quod

92 1942 179 1982 fieri
198 1944 334 1984 debuit
355 1945 554 1984 omisisse.
591 1944 776 1993 Aliquem
797 1944 931 1984 verbis
951 1950 1103 1984 tantum
1125 1945 1366 1993 admonebit,

92 2010 224 2048 poena
251 2011 332 2039 non
367 2001 526 2039 adficiet
558 2005 726 2038 aetatem
758 2000 849 2039 eius,
880 2001 1170 2040 emendabilem
1196 2001 1371 2040 intuens.v

92 2055 267 2102 aliquem
285 2056 434 2096 invidia
455 2055 628 2095 criminis
649 2055 858 2110 manifeste
877 2057 1125 2096 laborantem
1144 2056 1294 2096 iubebit
1308 2057 1366 2095 in—

93 2110 290 2150 columem
311 2123 422 2160 esse,
461 2112 555 2161 quia
581 2112 777 2162 deceptus
804 2116 884 2160 est,
923 2113 1018 2161 quia
1049 2123 1121 2161 per
1148 2113 1283 2152 vinum
1310 2114 1366 2152 la-

93 2176 207 2214 psus.
245 2167 383 2207 hostes
414 2168 579 2207 dimittet
605 2167 764 2221 salvos,
793 2168 1009 2216 aliquando
1030 2168 1366 2217 etiamlaudatOS,

95 2220 130 2259 si
147 2221 326 2262 honestis
348 2224 482 2274 causis
511 2235 585 2273 pro
606 2223 706 2272 fide,
726 2233 800 2272 pro
819 2224 1002 2272 foedere,
1024 2235 1096 2273 pro
1119 2225 1299 2264 libertate
1326 2225 1366 2263 in

18 2311 26 2314 Α
95 2275 241 2335 bellum
258 2279 372 2318 acciti
393 2284 497 2319 sunt.
533 2279 643 2318 Haec
661 2279 794 2319 omnia
813 2290 892 2319 non
916 2280 1073 2330 veniae,
1105 2281 1179 2320 sed
1194 2282 1365 2321 clemen-
1380 2285 1403 2320 3
