1624 2626
332 194 410 236 162
572 194 615 232 L.
641 192 828 232 ANNAEI
854 192 1077 232 SENECAE
1109 193 1240 232 DIAL.
1259 192 1344 231 VII.

332 293 510 333 iniuriam
529 291 675 330 facitis:
703 291 775 329 sed
791 300 841 329 ne
860 290 920 329 dis
942 291 1096 339 quidem
1115 291 1155 329 hi
1185 291 1251 339 qui
1277 301 1366 329 aras
1392 295 1582 331 evertunt.

333 349 404 387 sed
420 348 563 385 malum
579 346 823 394 propositum
839 346 1002 393 adparet
1015 347 1238 393 malumque
1249 344 1452 384 consilium
1469 346 1583 384 etiam

291 409 312 444 6
331 403 403 449 ibi,
435 401 502 440 ubi
528 410 671 438 nocere
695 410 774 437 non
803 400 936 447 potuit.
988 399 1053 438 Sic
1081 405 1233 438 vestras
1261 399 1582 439 hallucinationes

330 458 415 495 fero
452 454 778 504 quemadmodum
803 454 948 501 Iupiter
981 455 1150 502 optimus
1185 455 1376 492 maximus
1413 454 1581 502 ineptias

331 515 545 559 poetarum,
576 519 741 557 quorum
767 508 864 546 alius
892 508 944 545 illi
972 509 1054 547 alas
1082 508 1266 556 inposuit,
1293 508 1393 547 alius
1422 519 1580 557 cornua,
1609 529 1612 532 ·

331 566 431 603 alius
450 564 667 602 adulterum
687 563 791 600 illum
820 562 971 601 induxit
998 567 1035 600 et
1053 562 1339 610 abnoctantem,
1366 563 1465 601 alius
1494 574 1580 601 sae·

329 629 422 657 vum
440 619 478 656 in
506 618 614 663 deos,
644 616 742 655 alius
770 615 946 664 iniquum
971 617 1009 654 in
1037 617 1228 664 homines,
1254 617 1353 655 alius
1380 622 1581 665 raptorum

330 675 586 721 ingenuorum
601 676 868 719 corruptorem
879 675 917 709 et
927 675 1178 719 cognatorum
1197 671 1366 719 quidem,
1382 671 1482 710 alius
1491 683 1580 720 par-

329 727 492 766 ricidam
511 731 549 765 et
565 725 676 773 regni
696 725 810 763 alieni
829 725 1059 773 paternique
1078 730 1398 773 expugnatorem.
1437 726 1580 774 quibus

331 781 425 820 nihil
444 780 548 820 aliud
566 785 694 818 actum
713 784 783 826 est,
806 790 921 827 quam
944 784 986 817 ut
1006 780 1132 827 pudor
1149 780 1369 818 hominibus
1392 780 1581 828 peccandi

293 837 313 873 7
333 837 560 881 demeretur,
582 834 615 872 si
629 835 726 872 tales
748 834 844 871 deos
861 833 1133 872 credidissent.
1155 834 1234 872 Sed
1251 845 1485 883 quamquam
1505 834 1581 872 ista

331 900 393 928 me
413 889 505 928 nihil
523 889 690 933 laedant,
720 893 849 926 vestra
876 898 948 926 vos
968 899 1109 926 moneo
1130 899 1268 926 causa:
1297 888 1486 937 suspicite
1503 889 1580 926 vir·

330 949 462 983 tutem.
492 942 637 981 credite
655 942 714 988 iis,
741 943 807 989 qui
825 942 929 979 illam
945 942 1011 980 diu
1030 942 1155 980 secuti
1181 954 1363 991 magnum
1393 943 1578 991 quiddam

331 1000 442 1047 ipsos
464 1002 502 1036 et
522 997 629 1045 quod
647 997 687 1034 in
714 995 798 1034 dies
819 995 944 1034 maius
971 997 1169 1044 adpareat,
1198 997 1312 1045 sequi
1340 999 1515 1045 clamant,
1543 1003 1582 1035 et

330 1053 458 1101 ipsam
475 1055 518 1089 ut
545 1052 654 1097 deos,
675 1055 714 1088 et
733 1050 981 1098 professores
1001 1050 1086 1088 eius
1106 1055 1147 1089 ut
1168 1051 1358 1090 antistites
1380 1052 1506 1090 colite.
1543 1057 1581 1090 et

333 1105 674 1155 quotiensmentio
703 1115 816 1142 sacra
836 1105 1058 1155 [literarum]
1079 1105 1337 1151 intervenerit,
1358 1107 1485 1144 favete
1510 1105 1580 1143 lin-

331 1161 430 1209 guis.
459 1161 535 1198 hoc
561 1158 729 1197 verbum·
749 1169 839 1205 non,
859 1162 903 1196 ut
929 1159 1107 1207 plerique
1135 1160 1366 1207 existimant,
1395 1171 1419 1198 a
1446 1161 1581 1197 favore

331 1215 503 1262 trahitur,
524 1214 596 1251 sed
614 1214 826 1261 imperatur
844 1211 1048 1260 silentium,
1068 1217 1109 1250 ut
1126 1213 1198 1251 rite
1218 1213 1352 1262 peragi
1372 1214 1499 1262 possit
1518 1224 1580 1251 sa-

332 1280 440 1308 crum
460 1268 565 1306 nulla
583 1278 682 1306 voce
697 1268 798 1304 mala
817 1267 1079 1315 obstrepente.
1108 1268 1215 1314 quod
1234 1270 1352 1306 multo
1368 1268 1493 1316 magis
1512 1279 1580 1306 ne-

333 1323 547 1362 cessarium
565 1327 626 1360 est
643 1321 824 1369 imperari
843 1320 968 1367 vobis,
995 1326 1037 1359 ut
1063 1322 1242 1369 quotiens
1270 1322 1417 1370 aliquid
1445 1332 1495 1360 ex
1514 1322 1580 1360 illo

333 1379 551 1426 proferetur
582 1377 759 1422 oraculo,
796 1375 930 1413 intenti
963 1380 1000 1414 et
1027 1385 1245 1423 conpressa
1272 1387 1372 1415 voce
1399 1376 1579 1414 audiatis.

291 1437 314 1471 8
334 1433 427 1471 Cum
447 1431 601 1469 sistrum
622 1428 763 1478 aliquis
783 1430 1009 1468 concutiens
1030 1440 1079 1467 ex
1098 1430 1260 1478 imperio
1281 1431 1470 1477 mentitur,
1486 1432 1581 1468 'cum

332 1486 474 1534 aliquis
495 1484 655 1523 secandi
673 1486 839 1522 lacertos
859 1494 954 1522 suos
976 1484 1114 1521 artifex
1132 1484 1292 1522 brachia
1310 1490 1428 1532 atque
1447 1484 1580 1523 hume-

330 1551 399 1579 ros
419 1549 615 1587 suspensa
633 1549 749 1576 manu
767 1543 953 1585 cruentat,
984 1549 1071 1576 cum
1090 1538 1231 1586 aliquis
1251 1539 1415 1586 genibus
1436 1549 1506 1587 per
1523 1538 1580 1576 vi-

332 1606 395 1633 am
413 1603 556 1642 repens
574 1594 695 1631 ululat
712 1594 941 1640 laurumque
967 1593 1146 1630 linteatus
1170 1603 1294 1630 senex
1314 1597 1351 1631 et
1374 1590 1502 1631 medio
1522 1593 1579 1631 lu—

334 1659 490 1688 cernam
509 1647 573 1686 die
595 1647 818 1695 praeferens
838 1648 1053 1685 conclamat
1068 1647 1205 1684 iratum
1222 1648 1388 1695 aliquem
1404 1648 1577 1694 deorum,

335 1702 563 1742 concurritis
591 1706 627 1739 et
650 1701 789 1739 auditis
809 1706 847 1740 et
873 1701 1044 1739 divinum
1072 1711 1162 1740 esse
1181 1712 1279 1750 eum,
1304 1702 1469 1739 invicem
1496 1712 1579 1741 mu-

332 1763 440 1797 tuum
463 1757 611 1794 alentes
630 1760 841 1804 stuporem,
863 1755 1088 1794 adfirmatis.

299 1821 317 1853 1
436 1810 591 1849 XXVII.
620 1810 721 1848 Ecce
738 1809 918 1847 Socrates
932 1819 982 1847 ex
999 1810 1064 1848 illo
1081 1819 1247 1855 carcere,
1270 1819 1386 1857 quem
1399 1809 1578 1847 intrando

333 1866 513 1915 purgavit
532 1864 715 1912 omnique
732 1864 994 1902 honestiorem
1014 1865 1120 1902 curia
1137 1862 1316 1910 reddidit,
1344 1864 1577 1911 proclamat:

333 1950 356 1968 ‚‚
368 1920 495 1967 „Quis
521 1919 594 1957 iste
619 1919 754 1957 furor?
789 1929 890 1966 quae
908 1919 984 1957 ista
1010 1918 1163 1956 inimica
1190 1917 1250 1955 dis
1278 1917 1579 1965 hominibusque

334 1978 472 2012 natura
490 1978 550 2011 est
567 1973 754 2011 infamare
772 1974 934 2011 virtutes
954 1977 992 2011 et
1009 1972 1185 2020 malignis
1214 1971 1459 2011 sermonibus
1488 1982 1578 2009 san·

336 2033 397 2066 cta
415 2029 588 2066 violare?
613 2028 646 2065 si
666 2028 842 2075 potestis,
860 2027 988 2066 bonos
1003 2027 1172 2065 laudate.-
1196 2025 1384 2074 siminus,
1403 2026 1577 2064 transite.

336 2082 441 2129 quod
470 2083 504 2120 si
523 2081 636 2120 vobis
657 2092 840 2120 exercere
865 2086 1000 2120 tetram
1018 2081 1130 2119 istam
1148 2080 1339 2118 licentiam
1357 2080 1496 2128 placet,
1523 2080 1576 2117 al-

334 2141 395 2174 ter
413 2136 451 2172 in
469 2138 630 2175 alterum
657 2136 892 2175 incursitate.
929 2146 1018 2174 nam
1037 2145 1124 2173 curn
1150 2133 1189 2171 in
1208 2136 1359 2172 coelum
1386 2133 1576 2180 insanitis,

299 2195 321 2229 2
336 2200 414 2228 non
434 2188 521 2228 dico
542 2191 791 2238 sacrilegium
802 2190 938 2236 facitis,
966 2189 1039 2227 sed
1058 2198 1217 2236 operam
1242 2187 1414 2236 perditis.
1460 2188 1575 2225 Prae—

334 2242 403 2282 bui
428 2253 500 2290 ego
531 2244 743 2292 aliquando
762 2243 1014 2293 Aristophani
1038 2242 1236 2280 materiam
1262 2242 1449 2282 iocorum.
1494 2246 1577 2280 tota
1621 2242 1623 2283 Ῑ

337 2299 400 2336 illa
427 2297 662 2338 comicorum
686 2305 888 2348 poetarum
913 2308 1050 2337 manus
1075 2296 1115 2335 in
1140 2306 1203 2336 me
1228 2301 1442 2336 venenatos
1470 2297 1574 2335 sales
