1592 2580
260 175 313 216 68
599 174 644 212 L.
673 174 863 212 ANNAEI
888 173 1112 213 SENECAE

260 276 419 314 modum
443 277 616 322 spectat,
647 272 710 311 cui
738 277 978 320 praestatur,
1007 285 1084 312 non
1114 279 1312 313 nostrum:
1342 276 1515 324 alioquin

259 329 376 368 nobis
397 328 493 367 illud
514 328 666 366 damus.
713 329 845 375 itaque
865 328 1004 376 multa,
1035 339 1136 376 quae
1156 339 1347 367 summam
1374 330 1515 369 utilita—

258 390 337 422 tem
356 382 443 421 aliis
464 382 664 428 adserunt,
694 383 820 430 pretio
836 381 1000 430 gratiam
1020 383 1200 430 perdunt.
1234 383 1430 423 Mercator
1452 396 1516 423 ur-

259 437 375 476 bibus
398 437 586 486 prodest,
617 437 795 475 medicus
823 437 974 484 aegris,
1002 447 1146 485 mango
1177 438 1395 477 venalibus.
1443 440 1517 477 sed

260 502 398 532 omnes
418 492 503 538 isti,
535 491 628 539 quia
647 491 698 529 ad
724 492 895 529 alienum
925 491 1174 530 commodum
1207 503 1278 540 pro
1305 503 1379 532 suo
1406 495 1514 531 veni—

259 552 348 594 unt,
375 557 455 585 non
476 546 651 594 obligant
670 556 761 591 eos,
794 545 939 594 quibus
960 552 1137 594 prosunt.
1183 547 1269 585 Non
1289 553 1349 586 est
1366 547 1514 585 benefi-

259 603 382 647 cium,
413 600 522 649 quod
548 601 587 638 in
607 605 814 648 quaestum
841 601 1011 639 mittitur.
1056 601 1140 639 Hoc
1161 601 1262 640 dabo
1287 607 1327 640 et
1356 602 1433 640 hoc
1453 613 1514 641 re-

259 656 421 704 cipiam:
451 655 579 694 auctio
600 660 672 693 est.

217 715 237 748 1
337 710 439 749 XIV.
468 710 555 747 Non
576 709 703 747 dicam
725 709 928 757 pudicam,
958 719 1060 758 quae
1078 715 1291 749 amatorem
1311 715 1355 748 ut
1381 710 1514 749 incen-

261 765 371 803 deret
397 764 557 812 repulit,
588 773 691 812 quae
724 769 791 802 aut
817 764 945 812 legem
972 770 1038 803 aut
1068 765 1191 802 virum
1218 764 1361 812 timuit,
1389 770 1431 803 ut
1464 766 1516 803 ait

261 818 444 857 Ovidius:

395 873 520 921 Quae,
548 875 639 922 quia
659 884 736 912 non
753 874 878 920 licuit,
905 884 981 912 non
1004 875 1127 919 dedit,
1156 876 1225 912 illa
1243 875 1360 913 dedit.

257 928 342 967 Non
364 928 542 966 inmerito
562 929 599 965 in
620 938 824 966 numerum
844 929 1091 975 peccantium
1111 930 1297 975 refertur,
1321 939 1423 976 quae
1445 939 1515 976 pu-

259 982 430 1020 dicitiam
460 983 588 1021 timori
626 981 950 1031 praestititsnon
979 983 1067 1020 sibi.
1114 982 1266 1021 Eodem
1299 983 1417 1024 modo
1449 983 1516 1031 qui

217 1040 239 1072 2
256 1036 492 1075 beneficium
518 1043 561 1076 ut
593 1037 788 1084 reciperet
816 1037 942 1083 dedit,
973 1048 1053 1076 non
1080 1037 1200 1077 dedit.
1246 1037 1350 1085 Ergo
1371 1042 1410 1075 et
1440 1048 1516 1075 nos

257 1090 494 1129 beneficium
515 1091 655 1129 damus
671 1091 926 1138 animalibus,
949 1103 1052 1139 quae
1073 1097 1138 1130 aut
1160 1092 1250 1130 usui
1273 1097 1340 1130 aut
1357 1092 1516 1130 alimen-

256 1151 298 1184 to
318 1146 447 1183 futura
465 1146 684 1184 nutrimus?
703 1144 940 1183 beneficium
961 1146 1101 1196 damus
1119 1146 1302 1194 arbustis,
1329 1157 1430 1194 quae
1449 1156 1514 1185 co-

258 1201 393 1245 limus,
422 1210 472 1238 ne
493 1200 668 1238 siccitate
690 1203 757 1237 aut
783 1199 918 1238 inmoti
938 1205 978 1238 et
1001 1201 1169 1247 neglecti
1196 1201 1270 1238 soli
1300 1201 1442 1238 duritia
1460 1201 1515 1237 la-

257 1255 424 1293 borent?
468 1254 591 1292 Nemo
619 1254 669 1292 ad
698 1264 835 1301 agrum
864 1254 1074 1292 colendum
1101 1265 1152 1293 ex
1185 1265 1314 1302 aequo
1343 1260 1381 1292 et
1408 1255 1514 1293 bono

209 1338 211 1340 v
257 1309 366 1346 venit
392 1319 466 1347 nec
492 1308 543 1346 ad
569 1309 688 1347 ullam
714 1318 816 1355 rem,
849 1309 960 1347 cuius
981 1314 1091 1347 extra
1118 1309 1245 1357 ipsam
1265 1310 1414 1347 fruetus
1443 1315 1515 1347 est.

218 1367 240 1400 3
260 1364 323 1402 Ad
341 1363 578 1402 beneficium
600 1363 774 1401 dandum
800 1373 880 1401 non
909 1363 1070 1401 adducit
1098 1364 1280 1411 cogitatio
1305 1373 1425 1401 avara
1442 1374 1515 1401 nec

259 1418 441 1465 sordida,
471 1418 542 1455 sed
562 1418 753 1462 humana,
782 1417 974 1464 liberalis,
996 1418 1161 1465 cupiens
1183 1418 1278 1455 dare
1297 1418 1412 1455 etiam
1428 1428 1516 1456 cum

259 1473 412 1511 dederit
431 1478 470 1511 et
488 1482 635 1520 augere
660 1473 774 1510 novis
802 1481 849 1509 ac
874 1472 1100 1511 recentibus
1125 1477 1278 1518 vetera,
1300 1483 1419 1510 unum
1447 1472 1515 1509 ha—

257 1529 358 1566 bens
377 1528 645 1576 propositum,
670 1530 816 1574 quanto
834 1525 872 1564 ei
892 1527 953 1564 cui
973 1532 1149 1575 praestat
1165 1527 1272 1564 bono
1297 1527 1426 1565 futura
1445 1527 1514 1564 sit:

261 1582 434 1631 alioquin
467 1582 612 1620 humile
641 1587 721 1628 est,
748 1581 835 1620 sine
862 1581 1001 1629 laude,
1033 1581 1117 1620 sine
1144 1581 1269 1629 gloria
1304 1581 1512 1629 prodesse,

218 1642 241 1675 4
261 1637 352 1685 quia
370 1637 544 1685 expedit.
581 1636 680 1684 Quid
700 1636 897 1684 magnifici
917 1641 978 1674 est
997 1646 1041 1674 se
1061 1646 1210 1681 amare,
1242 1635 1317 1673 sibi
1337 1645 1515 1684 parcere,

261 1692 336 1729 sibi
356 1692 589 1739 acquirere?
616 1690 666 1729 ab
687 1690 870 1729 omnibus
889 1690 975 1728 istis
994 1701 1088 1728 vera
1107 1689 1288 1728 beneficii
1307 1690 1426 1727 dandi
1447 1699 1514 1727 cu-

261 1746 355 1793 pido
375 1750 533 1792 avocat,
560 1746 611 1784 ad
631 1746 904 1783 detrimentum
923 1745 1065 1783 iniecta
1085 1755 1202 1783 manu
1227 1744 1343 1782 trahit
1362 1749 1400 1782 et
1414 1743 1513 1782 utili-

260 1805 359 1839 tates
379 1801 564 1848 relinquit
581 1800 670 1848 ipso
685 1800 958 1838 benefaciendi
977 1809 1100 1848 opere
1117 1798 1342 1837 laetissima.

219 1863 236 1895 1
339 1855 424 1893 XV.
452 1855 648 1903 Numquid
677 1855 837 1893 dubium
865 1859 945 1902 est,
982 1854 1075 1902 quin
1096 1852 1290 1892 contraria
1316 1853 1366 1891 sit
1394 1853 1513 1890 bene-

260 1910 352 1948 ficio
372 1910 540 1948 iniuria?
582 1909 787 1956 Quomodo
815 1908 997 1947 iniuriam
1027 1909 1156 1946 facere
1185 1917 1256 1955 per
1287 1917 1331 1945 se
1357 1907 1514 1944 vitanda

261 1975 308 2002 ac
335 1964 524 2012 fugienda
553 1970 618 2002 res
651 1969 730 2009 est,
762 1964 820 2002 sic
848 1963 1079 2002 beneficium
1107 1962 1201 2000 dare
1221 1972 1291 2009 per
1319 1971 1364 1999 se
1392 1971 1513 2009 expe-

260 2020 393 2057 tenda.
440 2019 524 2057 Illic
544 2021 627 2066 [nil]
648 2019 847 2067 turpitudo
869 2023 1006 2056 contra
1026 2017 1154 2055 omnia
1173 2016 1348 2064 praemia
1371 2014 1410 2053 in
1427 2026 1513 2054 sce-

261 2073 323 2111 lus
342 2070 537 2112 hortantia
555 2075 677 2112 valet:
707 2074 759 2111 ad
777 2073 854 2113 hoc
872 2072 1008 2110 invitat
1026 2071 1180 2110 honesti
1209 2080 1279 2118 per
1299 2080 1343 2108 se
1370 2070 1514 2108 efficax
1579 2078 1581 2104 2

220 2135 242 2168 2
262 2127 435 2174 species.
462 2129 547 2167 Non
567 2128 750 2175 mentiar,
771 2127 806 2166 si
826 2127 963 2166 dixero
984 2125 1178 2164 neminem
1197 2135 1274 2163 non
1297 2134 1429 2162 amare
1444 2124 1511 2162 be-

262 2182 405 2220 neficia
424 2193 514 2230 sua,
543 2183 738 2220 neminem
764 2193 844 2222 non
869 2182 922 2220 ita
948 2179 1197 2228 conpositum
1221 2179 1370 2226 animo,
1399 2183 1441 2217 ut
1466 2179 1511 2215 li-

261 2236 419 2274 bentius
446 2247 535 2276 eum
554 2237 703 2283 videat,
725 2237 765 2274 in
793 2246 908 2286 quem
929 2235 1063 2280 ,multa
1087 2234 1306 2281 congessit,
1336 2233 1400 2272 cui
1431 2244 1510 2272 non

265 2300 387 2330 causa
422 2291 472 2331 sit
502 2292 643 2332 iterum
670 2291 790 2331 dandi
820 2289 1002 2331 beneficii
1035 2289 1156 2328 semel
1182 2288 1355 2329 dedisse.
1404 2287 1511 2338 quod
