1624 2626
91 157 224 198 DIAL.
248 157 313 196 111.
335 157 404 196 IV.
434 157 502 197 DE
525 156 616 197 IRA
643 156 738 196 LIB.
758 157 790 194 Ι.
817 162 874 197 20.
894 161 950 196 21.
979 156 1074 195 LIB.
1102 157 1149 195 ΙΙ.
1178 164 1210 196 1.
1267 155 1320 198 53

36 264 165 300 torum
194 264 349 298 mentes
377 258 597 297 addidisse.
630 258 792 297 ultimae
818 258 923 296 enim
950 258 1166 308 patientiae
1192 260 1323 299 visum

37 321 99 355 est
117 326 208 354 eum
230 315 353 363 ferre,
375 315 443 364 qui
463 315 600 353 lovem
623 324 704 352 non
726 315 858 352 ferret.

116 370 216 409 XXI.
251 370 354 408 Nihil
375 380 471 419 ergo
491 369 531 408 in
552 369 628 417 ira,
657 380 708 407 ne
735 380 825 408 eum
843 367 1004 408 videtur
1023 370 1185 419 quidem
1205 370 1326 410 vehe-
1342 377 1361 410 1

35 438 150 468 mens
171 431 210 465 et
229 426 330 464 deos
350 425 619 474 hominesque
639 424 890 473 despiciens,
910 435 1117 474 magnum,
1138 426 1234 464 nihil
1253 437 1325 466 no—

37 485 114 523 bile
134 487 208 521 est.
245 486 314 520 aut
333 481 367 520 si
386 482 544 520 videtur
563 481 680 519 alicui
700 491 883 529 magnum
904 481 1077 520 animum
1097 482 1156 520 ira
1175 482 1326 530 produ—

36 551 151 586 cere,
177 537 362 577 videatur
380 542 420 576 et
444 537 623 575 luxuria:
653 536 776 575 ebore
801 536 989 575 sustineri
1018 537 1119 584 vult,
1150 547 1327 586 purpura

34 595 193 641 vestiri,
229 603 327 632 auro
352 593 452 641 tegi,
486 597 615 631 terras
648 592 884 639 transferre,
916 593 1042 632 maria
1070 593 1325 640 concludere,

36 651 202 690 flumina
236 649 522 698 praecipitare,
557 658 724 686 nemora
757 647 1021 696 suspendere.
1071 649 1256 687 videatur
1289 650 1364 687 et2

36 706 204 746 avaritia
231 703 365 753 magni
391 703 533 742 animi:
561 703 719 742 acervis
740 701 827 742 auri
852 704 1088 753 argentique
1109 704 1271 743 incubat
1289 710 1329 743 et

35 760 333 812 provinciarum
361 759 589 798 nominibus
616 769 737 807 agros
759 758 853 798 colit
873 764 913 798 et
941 759 1016 798 sub
1037 760 1206 809 singulis
1226 761 1327 798 villi-

37 819 95 857 cis
115 817 277 856 latiores
297 815 420 853 habet
438 815 540 854 fines
562 825 682 864 quam
703 825 808 863 quos
829 816 1019 854 consules
1046 816 1326 857 sortiebantur.

36 874 219 912 videatur
235 876 274 909 et
293 871 415 909 libido
431 870 566 919 magni
585 869 722 908 animi:
742 874 966 909 transnatat
979 872 1090 920 freta,
1111 882 1326 921 puerorum
1343 873 1365 908 3

36 922 182 977 greges
204 931 371 973 castrat,
401 926 476 965 sub
495 925 671 974 gladium
689 926 818 964 mariti
837 927 947 965 venit
964 937 1069 966 uxor
1088 932 1215 966 morte
1235 937 1329 967 con-

36 989 200 1033 tempta.
228 982 413 1021 videatur
428 986 467 1020 et
481 981 642 1020 ambitio
657 980 791 1029 magni
806 981 946 1019 animi:
967 992 1049 1021 non
1065 987 1128 1022 est
1143 986 1330 1021 contenta

37 1038 258 1079 honoribus
286 1037 443 1075 annuis.
486 1037 521 1075 si
548 1037 635 1075 fieri
664 1041 818 1085 potest,
844 1047 925 1076 uno
946 1038 1106 1077 nomine
1127 1048 1330 1087 occupare

37 1097 166 1134 fastus
185 1093 287 1141 vult,
316 1102 388 1141 per
414 1102 572 1131 omnem
600 1091 738 1131 orbem
764 1093 900 1131 titulos
921 1093 1152 1143 disponere.
1191 1093 1367 1133 Omnia4

37 1152 115 1190 ista
139 1160 220 1188 non
249 1148 371 1187 refert
397 1148 437 1186 in
467 1153 658 1197 quantum
686 1149 910 1196 procedant
939 1150 1237 1199 extendantque
1270 1161 1328 1189 se.

37 1210 209 1254 angusta
228 1208 339 1252 sunt,
360 1204 527 1250 misera,
550 1204 767 1252 depressa:
796 1205 884 1243 sola
906 1205 1088 1244 sublimis
1109 1210 1149 1245 et
1166 1207 1331 1245 excelsa

39 1262 164 1300 virtus
192 1265 274 1308 est,
311 1270 388 1299 nec
416 1260 634 1309 quicquam
662 1269 850 1308 magnum
882 1265 945 1300 est
969 1262 1047 1301 nisi
1076 1262 1187 1312 quod
1213 1262 1330 1301 simul

39 1317 254 1366 placidum.

427 1459 474 1513 L.
505 1458 688 1513 ANNAEI
715 1459 940 1514 SENECAE

248 1545 735 1611 DIALQGORUM
775 1547 1000 1610 LIBER
1036 1549 1122 1611 lv.

540 1686 600 1719 AD
623 1687 832 1722 NOVATUM
865 1688 869 1691 ’

514 1753 617 1797 BE
696 1754 867 1799 lltA

520 1827 781 1872 *uenam

132 1978 161 2017 1.
197 1978 352 2018 Primus
387 1978 507 2026 liber,
542 1978 718 2025 Novate,
746 1978 1021 2027 benigniorem
1046 1977 1186 2018 habuit
1210 1983 1330 2018 mate·
1349 1985 1367 2018 1

0 2048 6 2058 ν
43 2034 154 2072 riam.
204 2034 333 2074 facilis
368 2034 472 2073 enim
506 2033 545 2072 in
581 2033 774 2082 proclivia
806 2035 993 2074 vitiorum
1026 2034 1222 2073 decursus
1256 2040 1331 2074 est.

0 2121 7 2128 μ
45 2099 152 2128 nune
184 2090 236 2128 ad
268 2090 436 2129 exiliora
466 2089 708 2128 veniendum
741 2093 814 2128 est.
868 2089 1097 2138 quaerimus
1125 2089 1230 2128 enim
1257 2089 1333 2129 ira

0 2159 13 2191 u,
43 2151 209 2184 utrum
240 2144 438 2184 iudicio
470 2156 529 2184 an
561 2144 739 2193 inpetu
770 2145 1008 2193 incipiat,
1041 2145 1082 2184 id
1113 2150 1176 2184 est
1202 2151 1332 2185 utrum

6 2215 7 2218 ¹
45 2211 121 2239 sua
148 2206 294 2249 sponte
320 2206 529 2240 moveatur
557 2212 606 2239 an
630 2200 967 2249 quemadmodum
986 2200 1199 2250 pleraque,
1229 2212 1333 2250 quae

46 2255 148 2294 intra
176 2267 251 2295 nos
280 2256 418 2294 insciis
446 2256 563 2296 nobis
583 2257 773 2295 oriuntur.
810 2253 938 2295 Debet
958 2261 1088 2295 autem
1107 2257 1147 2295 in
1165 2257 1267 2296 haec
1287 2268 1332 2296 se
1347 2266 1369 2299 2

12 2318 17 2323 ·
48 2311 254 2351 demittere
282 2311 524 2361 disputatio,
551 2317 596 2351 ut
615 2312 667 2351 ad
686 2311 754 2350 illa
774 2321 936 2361 quoque
955 2312 1095 2352 altiora
1113 2314 1243 2362 possit
1262 2323 1332 2352 ex-
