<?xml version="1.0" encoding="UTF-8"?>
<!DOCTYPE html PUBLIC "-//W3C//DTD XHTML 1.0 Transitional//EN"
    "http://www.w3.org/TR/xhtml1/DTD/xhtml1-transitional.dtd">
<html xmlns="http://www.w3.org/1999/xhtml" xml:lang="en" lang="en">
 <head>
  <title>
</title>
<meta http-equiv="Content-Type" content="text/html;charset=utf-8" />
  <meta name='ocr-system' content='tesseract 3.04.00' />
  <meta name='ocr-capabilities' content='ocr_page ocr_carea ocr_par ocr_line ocrx_word'/>
</head>
<body>
  <div class='ocr_page' id='page_1' title='image "./operaquaesupersu01seneuoft_0073.png"; bbox 0 0 1624 2626; ppageno 0'>
   <div class='ocr_carea' id='block_1_1' title="bbox 314 184 1385 228">
    <p class='ocr_par' dir='ltr' id='par_1_1' title="bbox 314 184 1385 228">
     <span class='ocr_line' id='line_1_1' title="bbox 314 184 1385 228; baseline 0 -2"><span class='ocrx_word' id='word_1_1' title='bbox 314 187 449 227; x_wconf 86' lang='lat' dir='ltr'><strong>DIAL.</strong></span> <span class='ocrx_word' id='word_1_2' title='bbox 480 186 549 226; x_wconf 90' lang='lat' dir='ltr'>IV.</span> <span class='ocrx_word' id='word_1_3' title='bbox 587 186 655 227; x_wconf 90' lang='lat' dir='ltr'>DE</span> <span class='ocrx_word' id='word_1_4' title='bbox 685 186 776 226; x_wconf 86' lang='lat' dir='ltr'>IRA</span> <span class='ocrx_word' id='word_1_5' title='bbox 803 186 900 226; x_wconf 87' lang='lat' dir='ltr'>LlB.</span> <span class='ocrx_word' id='word_1_6' title='bbox 927 186 977 225; x_wconf 93' lang='lat' dir='ltr'>II.</span> <span class='ocrx_word' id='word_1_7' title='bbox 1007 192 1154 228; x_wconf 86' lang='lat'><strong>7—10.</strong></span> <span class='ocrx_word' id='word_1_8' title='bbox 1329 184 1385 226; x_wconf 87' lang='lat'>59</span> 
     </span>
    </p>
   </div>
   <div class='ocr_carea' id='block_1_2' title="bbox 0 277 1466 2398">
    <p class='ocr_par' dir='ltr' id='par_1_2' title="bbox 77 277 1466 1116">
     <span class='ocr_line' id='line_1_2' title="bbox 90 277 1466 338; baseline -0.003 -10"><span class='ocrx_word' id='word_1_9' title='bbox 90 289 139 328; x_wconf 87' lang='lat' dir='ltr'>Et</span> <span class='ocrx_word' id='word_1_10' title='bbox 158 291 281 338; x_wconf 87' lang='lat' dir='ltr'>quota</span> <span class='ocrx_word' id='word_1_11' title='bbox 298 287 376 327; x_wconf 87' lang='lat' dir='ltr'>ista</span> <span class='ocrx_word' id='word_1_12' title='bbox 395 297 490 337; x_wconf 89' lang='lat' dir='ltr'>pars</span> <span class='ocrx_word' id='word_1_13' title='bbox 511 288 705 327; x_wconf 90' lang='lat' dir='ltr'>scelerum</span> <span class='ocrx_word' id='word_1_14' title='bbox 728 290 818 326; x_wconf 74' lang='lat' dir='ltr'>est?</span> <span class='ocrx_word' id='word_1_15' title='bbox 842 297 925 326; x_wconf 88' lang='lat' dir='ltr'>non</span> <span class='ocrx_word' id='word_1_16' title='bbox 939 286 1158 335; x_wconf 78' lang='lat' dir='ltr'><strong>descripsit</strong></span> <span class='ocrx_word' id='word_1_17' title='bbox 1178 290 1311 325; x_wconf 89' lang='lat' dir='ltr'>castra</span> <span class='ocrx_word' id='word_1_18' title='bbox 1332 295 1383 325; x_wconf 89' lang='lat' dir='ltr'>ex</span> <span class='ocrx_word' id='word_1_19' title='bbox 1398 294 1422 329; x_wconf 82' lang='lat'>3</span> <span class='ocrx_word' id='word_1_20' title='bbox 1453 277 1466 290; x_wconf 83' lang='lat'>&#39;</span> 
     </span>
     <span class='ocr_line' id='line_1_3' title="bbox 89 343 1382 393; baseline -0.002 -10"><span class='ocrx_word' id='word_1_21' title='bbox 89 355 170 383; x_wconf 88' lang='lat' dir='ltr'>una</span> <span class='ocrx_word' id='word_1_22' title='bbox 190 348 304 393; x_wconf 89' lang='lat' dir='ltr'>parte</span> <span class='ocrx_word' id='word_1_23' title='bbox 323 343 522 383; x_wconf 87' lang='lat' dir='ltr'>contraria</span> <span class='ocrx_word' id='word_1_24' title='bbox 541 349 580 382; x_wconf 89' lang='lat' dir='ltr'>et</span> <span class='ocrx_word' id='word_1_25' title='bbox 603 348 812 392; x_wconf 89' lang='lat' dir='ltr'>parentum</span> <span class='ocrx_word' id='word_1_26' title='bbox 831 343 1130 391; x_wconf 82' lang='lat' dir='ltr'>liberorumque</span> <span class='ocrx_word' id='word_1_27' title='bbox 1152 352 1382 381; x_wconf 86' lang='lat' dir='ltr'>sacramen-</span> 
     </span>
     <span class='ocr_line' id='line_1_4' title="bbox 86 397 1382 450; baseline -0.002 -11"><span class='ocrx_word' id='word_1_28' title='bbox 86 405 129 439; x_wconf 84' lang='lat' dir='ltr'>ta</span> <span class='ocrx_word' id='word_1_29' title='bbox 157 400 337 447; x_wconf 88' lang='lat' dir='ltr'>diversa,</span> <span class='ocrx_word' id='word_1_30' title='bbox 380 399 600 438; x_wconf 88' lang='lat' dir='ltr'>subiectam</span> <span class='ocrx_word' id='word_1_31' title='bbox 630 399 782 448; x_wconf 82' lang='lat' dir='ltr'>patriae</span> <span class='ocrx_word' id='word_1_32' title='bbox 811 397 911 437; x_wconf 83' lang='lat' dir='ltr'>civis</span> <span class='ocrx_word' id='word_1_33' title='bbox 947 408 1070 436; x_wconf 84' lang='lat' dir='ltr'>manu</span> <span class='ocrx_word' id='word_1_34' title='bbox 1105 397 1307 450; x_wconf 87' lang='lat' dir='ltr'>flammam</span> <span class='ocrx_word' id='word_1_35' title='bbox 1343 404 1382 437; x_wconf 88' lang='lat' dir='ltr'>et</span> 
     </span>
     <span class='ocr_line' id='line_1_5' title="bbox 89 452 1381 504; baseline -0.001 -10"><span class='ocrx_word' id='word_1_36' title='bbox 89 456 247 504; x_wconf 79' lang='lat' dir='ltr'>agmina</span> <span class='ocrx_word' id='word_1_37' title='bbox 269 455 503 494; x_wconf 84' lang='lat' dir='ltr'>infestorum</span> <span class='ocrx_word' id='word_1_38' title='bbox 527 455 705 503; x_wconf 90' lang='lat' dir='ltr'>equitum</span> <span class='ocrx_word' id='word_1_39' title='bbox 729 454 780 492; x_wconf 91' lang='lat' dir='ltr'>ad</span> <span class='ocrx_word' id='word_1_40' title='bbox 806 454 1106 502; x_wconf 89' lang='lat' dir='ltr'>conquirendas</span> <span class='ocrx_word' id='word_1_41' title='bbox 1131 452 1381 502; x_wconf 85' lang='lat' dir='ltr'>proscripto-</span> 
     </span>
     <span class='ocr_line' id='line_1_6' title="bbox 86 509 1380 550; baseline 0 -1"><span class='ocrx_word' id='word_1_42' title='bbox 86 521 174 550; x_wconf 91' lang='lat' dir='ltr'>rum</span> <span class='ocrx_word' id='word_1_43' title='bbox 194 511 367 550; x_wconf 85' lang='lat' dir='ltr'>latebras</span> <span class='ocrx_word' id='word_1_44' title='bbox 396 510 752 549; x_wconf 79' lang='lat' dir='ltr'>circumvolitantia</span> <span class='ocrx_word' id='word_1_45' title='bbox 780 514 820 548; x_wconf 89' lang='lat' dir='ltr'>et</span> <span class='ocrx_word' id='word_1_46' title='bbox 846 509 1018 549; x_wconf 89' lang='lat' dir='ltr'>violatos</span> <span class='ocrx_word' id='word_1_47' title='bbox 1050 511 1181 549; x_wconf 81' lang='lat' dir='ltr'>sontes</span> <span class='ocrx_word' id='word_1_48' title='bbox 1209 510 1380 549; x_wconf 86' lang='lat' dir='ltr'>venenis</span> 
     </span>
     <span class='ocr_line' id='line_1_7' title="bbox 86 565 1380 615; baseline -0.002 -10"><span class='ocrx_word' id='word_1_49' title='bbox 86 571 125 606; x_wconf 89' lang='lat' dir='ltr'>et</span> <span class='ocrx_word' id='word_1_50' title='bbox 153 566 419 615; x_wconf 80' lang='lat' dir='ltr'>pestilentiam</span> <span class='ocrx_word' id='word_1_51' title='bbox 440 577 562 604; x_wconf 92' lang='lat' dir='ltr'>manu</span> <span class='ocrx_word' id='word_1_52' title='bbox 586 567 730 604; x_wconf 85' lang='lat' dir='ltr'>factam</span> <span class='ocrx_word' id='word_1_53' title='bbox 754 570 793 604; x_wconf 89' lang='lat' dir='ltr'>et</span> <span class='ocrx_word' id='word_1_54' title='bbox 815 565 1074 614; x_wconf 81' lang='lat' dir='ltr'>praeductam</span> <span class='ocrx_word' id='word_1_55' title='bbox 1099 565 1284 604; x_wconf 88' lang='lat' dir='ltr'>obsessis</span> <span class='ocrx_word' id='word_1_56' title='bbox 1310 576 1380 614; x_wconf 87' lang='lat' dir='ltr'>pa—</span> 
     </span>
     <span class='ocr_line' id='line_1_8' title="bbox 84 619 1379 670; baseline 0 -10"><span class='ocrx_word' id='word_1_57' title='bbox 84 622 263 661; x_wconf 86' lang='lat' dir='ltr'>rentibus</span> <span class='ocrx_word' id='word_1_58' title='bbox 285 622 449 670; x_wconf 79' lang='lat' dir='ltr'>fossam,</span> <span class='ocrx_word' id='word_1_59' title='bbox 480 623 622 670; x_wconf 88' lang='lat' dir='ltr'>plenos</span> <span class='ocrx_word' id='word_1_60' title='bbox 644 631 829 660; x_wconf 83' lang='lat' dir='ltr'>carceres</span> <span class='ocrx_word' id='word_1_61' title='bbox 849 625 888 660; x_wconf 87' lang='lat' dir='ltr'>et</span> <span class='ocrx_word' id='word_1_62' title='bbox 914 619 1100 660; x_wconf 84' lang='lat' dir='ltr'>incendia</span> <span class='ocrx_word' id='word_1_63' title='bbox 1130 625 1233 660; x_wconf 87' lang='lat' dir='ltr'>totas</span> <span class='ocrx_word' id='word_1_64' title='bbox 1256 622 1379 660; x_wconf 86' lang='lat' dir='ltr'>urbes</span> 
     </span>
     <span class='ocr_line' id='line_1_9' title="bbox 85 677 1379 726; baseline -0.001 -10"><span class='ocrx_word' id='word_1_65' title='bbox 85 678 383 717; x_wconf 89' lang='lat' dir='ltr'>concremantia</span> <span class='ocrx_word' id='word_1_66' title='bbox 401 677 781 726; x_wconf 79' lang='lat' dir='ltr'>dominationesque</span> <span class='ocrx_word' id='word_1_67' title='bbox 801 678 981 716; x_wconf 80' lang='lat' dir='ltr'>funestas</span> <span class='ocrx_word' id='word_1_68' title='bbox 1010 682 1049 716; x_wconf 90' lang='lat' dir='ltr'>et</span> <span class='ocrx_word' id='word_1_69' title='bbox 1066 687 1283 725; x_wconf 82' lang='lat' dir='ltr'>regnorum</span> <span class='ocrx_word' id='word_1_70' title='bbox 1306 687 1379 726; x_wconf 90' lang='lat' dir='ltr'>pu—</span> 
     </span>
     <span class='ocr_line' id='line_1_10' title="bbox 83 732 1380 782; baseline 0.001 -11"><span class='ocrx_word' id='word_1_71' title='bbox 83 733 361 782; x_wconf 89' lang='lat' dir='ltr'>blicorumque</span> <span class='ocrx_word' id='word_1_72' title='bbox 381 732 595 772; x_wconf 82' lang='lat' dir='ltr'>exitiorum</span> <span class='ocrx_word' id='word_1_73' title='bbox 618 733 868 772; x_wconf 88' lang='lat' dir='ltr'>clandestina</span> <span class='ocrx_word' id='word_1_74' title='bbox 887 732 1075 780; x_wconf 89' lang='lat' dir='ltr'>consilia,</span> <span class='ocrx_word' id='word_1_75' title='bbox 1097 737 1136 771; x_wconf 91' lang='lat' dir='ltr'>et</span> <span class='ocrx_word' id='word_1_76' title='bbox 1155 744 1230 782; x_wconf 90' lang='lat' dir='ltr'>pro</span> <span class='ocrx_word' id='word_1_77' title='bbox 1250 733 1380 781; x_wconf 89' lang='lat' dir='ltr'>gloria</span> 
     </span>
     <span class='ocr_line' id='line_1_11' title="bbox 82 788 1377 838; baseline 0.002 -12"><span class='ocrx_word' id='word_1_78' title='bbox 82 788 229 838; x_wconf 89' lang='lat' dir='ltr'>habita,</span> <span class='ocrx_word' id='word_1_79' title='bbox 252 799 356 838; x_wconf 90' lang='lat' dir='ltr'>quae</span> <span class='ocrx_word' id='word_1_80' title='bbox 377 789 568 838; x_wconf 79' lang='lat' dir='ltr'>quamdiu</span> <span class='ocrx_word' id='word_1_81' title='bbox 588 788 761 838; x_wconf 88' lang='lat' dir='ltr'>opprimi</span> <span class='ocrx_word' id='word_1_82' title='bbox 781 793 976 837; x_wconf 87' lang='lat' dir='ltr'>possunt,</span> <span class='ocrx_word' id='word_1_83' title='bbox 998 790 1155 827; x_wconf 90' lang='lat' dir='ltr'>scelera</span> <span class='ocrx_word' id='word_1_84' title='bbox 1175 794 1285 828; x_wconf 85' lang='lat' dir='ltr'>sunt:</span> <span class='ocrx_word' id='word_1_85' title='bbox 1314 800 1377 828; x_wconf 92' lang='lat' dir='ltr'>ra-</span> 
     </span>
     <span class='ocr_line' id='line_1_12' title="bbox 82 844 1418 893; baseline -0.001 -10"><span class='ocrx_word' id='word_1_86' title='bbox 82 849 175 892; x_wconf 91' lang='lat' dir='ltr'>ptus</span> <span class='ocrx_word' id='word_1_87' title='bbox 196 855 243 883; x_wconf 90' lang='lat' dir='ltr'>ac</span> <span class='ocrx_word' id='word_1_88' title='bbox 266 849 406 893; x_wconf 89' lang='lat' dir='ltr'>stupra</span> <span class='ocrx_word' id='word_1_89' title='bbox 425 848 465 882; x_wconf 88' lang='lat' dir='ltr'>et</span> <span class='ocrx_word' id='word_1_90' title='bbox 483 854 533 882; x_wconf 91' lang='lat' dir='ltr'>ne</span> <span class='ocrx_word' id='word_1_91' title='bbox 559 855 606 884; x_wconf 87' lang='lat' dir='ltr'>os</span> <span class='ocrx_word' id='word_1_92' title='bbox 629 844 789 893; x_wconf 90' lang='lat' dir='ltr'>quidem</span> <span class='ocrx_word' id='word_1_93' title='bbox 804 844 957 882; x_wconf 90' lang='lat' dir='ltr'>libidini</span> <span class='ocrx_word' id='word_1_94' title='bbox 978 849 1205 892; x_wconf 87' lang='lat' dir='ltr'>exceptum.</span> <span class='ocrx_word' id='word_1_95' title='bbox 1259 845 1379 884; x_wconf 88' lang='lat' dir='ltr'>Adde</span> <span class='ocrx_word' id='word_1_96' title='bbox 1394 850 1418 882; x_wconf 76' lang='lat'>4</span> 
     </span>
     <span class='ocr_line' id='line_1_13' title="bbox 80 899 1377 951; baseline 0.001 -13"><span class='ocrx_word' id='word_1_97' title='bbox 80 910 187 938; x_wconf 90' lang='lat' dir='ltr'>nunc</span> <span class='ocrx_word' id='word_1_98' title='bbox 220 900 382 949; x_wconf 87' lang='lat' dir='ltr'>publica</span> <span class='ocrx_word' id='word_1_99' title='bbox 415 900 591 948; x_wconf 87' lang='lat' dir='ltr'>periuria</span> <span class='ocrx_word' id='word_1_100' title='bbox 621 899 801 949; x_wconf 89' lang='lat' dir='ltr'>gentium</span> <span class='ocrx_word' id='word_1_101' title='bbox 833 904 872 939; x_wconf 92' lang='lat' dir='ltr'>et</span> <span class='ocrx_word' id='word_1_102' title='bbox 902 904 1021 948; x_wconf 85' lang='lat' dir='ltr'>rupta</span> <span class='ocrx_word' id='word_1_103' title='bbox 1056 900 1222 938; x_wconf 84' lang='lat' dir='ltr'>foedera</span> <span class='ocrx_word' id='word_1_104' title='bbox 1245 905 1284 939; x_wconf 89' lang='lat' dir='ltr'>et</span> <span class='ocrx_word' id='word_1_105' title='bbox 1307 900 1377 951; x_wconf 89' lang='lat' dir='ltr'>[in]</span> 
     </span>
     <span class='ocr_line' id='line_1_14' title="bbox 85 955 1378 1004; baseline 0.001 -11"><span class='ocrx_word' id='word_1_106' title='bbox 85 956 276 1004; x_wconf 83' lang='lat' dir='ltr'>praedam</span> <span class='ocrx_word' id='word_1_107' title='bbox 309 955 515 994; x_wconf 88' lang='lat' dir='ltr'>validioris</span> <span class='ocrx_word' id='word_1_108' title='bbox 551 955 744 1004; x_wconf 89' lang='lat' dir='ltr'>quicquid</span> <span class='ocrx_word' id='word_1_109' title='bbox 776 966 859 994; x_wconf 91' lang='lat' dir='ltr'>non</span> <span class='ocrx_word' id='word_1_110' title='bbox 898 955 1115 994; x_wconf 86' lang='lat' dir='ltr'>resistebat</span> <span class='ocrx_word' id='word_1_111' title='bbox 1147 955 1378 1004; x_wconf 86' lang='lat' dir='ltr'>abductum,</span> 
     </span>
     <span class='ocr_line' id='line_1_15' title="bbox 80 1009 1378 1060; baseline 0.001 -11"><span class='ocrx_word' id='word_1_112' title='bbox 80 1010 484 1060; x_wconf 81' lang='lat' dir='ltr'>clrcumscriptiones‚</span> <span class='ocrx_word' id='word_1_113' title='bbox 505 1012 619 1058; x_wconf 88' lang='lat' dir='ltr'>furta,</span> <span class='ocrx_word' id='word_1_114' title='bbox 632 1011 808 1059; x_wconf 82' lang='lat' dir='ltr'>fraudes,</span> <span class='ocrx_word' id='word_1_115' title='bbox 824 1009 1095 1059; x_wconf 87' lang='lat' dir='ltr'>infitiationes,</span> <span class='ocrx_word' id='word_1_116' title='bbox 1114 1011 1261 1058; x_wconf 89' lang='lat' dir='ltr'>quibus</span> <span class='ocrx_word' id='word_1_117' title='bbox 1275 1012 1378 1050; x_wconf 83' lang='lat' dir='ltr'>trina</span> 
     </span>
     <span class='ocr_line' id='line_1_16' title="bbox 77 1065 1375 1116; baseline 0.001 -11"><span class='ocrx_word' id='word_1_118' title='bbox 77 1077 158 1105; x_wconf 88' lang='lat' dir='ltr'>non</span> <span class='ocrx_word' id='word_1_119' title='bbox 180 1066 383 1105; x_wconf 79' lang='lat' dir='ltr'>sufficiunt</span> <span class='ocrx_word' id='word_1_120' title='bbox 401 1067 501 1105; x_wconf 85' lang='lat' dir='ltr'>fora.</span> <span class='ocrx_word' id='word_1_121' title='bbox 533 1065 576 1105; x_wconf 89' lang='lat' dir='ltr'>Si</span> <span class='ocrx_word' id='word_1_122' title='bbox 596 1071 747 1105; x_wconf 88' lang='lat' dir='ltr'>tantum</span> <span class='ocrx_word' id='word_1_123' title='bbox 766 1066 887 1105; x_wconf 89' lang='lat' dir='ltr'>irasci</span> <span class='ocrx_word' id='word_1_124' title='bbox 907 1066 969 1104; x_wconf 89' lang='lat' dir='ltr'>vis</span> <span class='ocrx_word' id='word_1_125' title='bbox 991 1066 1226 1114; x_wconf 87' lang='lat' dir='ltr'>sapientem,</span> <span class='ocrx_word' id='word_1_126' title='bbox 1249 1078 1375 1116; x_wconf 89' lang='lat' dir='ltr'>quan—</span> 
     </span>
    </p>

    <p class='ocr_par' dir='ltr' id='par_1_3' title="bbox 28 1122 1376 1217">
     <span class='ocr_line' id='line_1_17' title="bbox 28 1122 1376 1171; baseline 0.001 -11"><span class='ocrx_word' id='word_1_127' title='bbox 28 1167 30 1169; x_wconf 13' lang='lat'>&gt;</span> <span class='ocrx_word' id='word_1_128' title='bbox 77 1128 159 1160; x_wconf 92' lang='lat' dir='ltr'>tum</span> <span class='ocrx_word' id='word_1_129' title='bbox 181 1123 379 1160; x_wconf 90' lang='lat' dir='ltr'>scelerum</span> <span class='ocrx_word' id='word_1_130' title='bbox 398 1122 614 1171; x_wconf 86' lang='lat' dir='ltr'>indignitas</span> <span class='ocrx_word' id='word_1_131' title='bbox 635 1122 777 1171; x_wconf 83' lang='lat' dir='ltr'>exigit,</span> <span class='ocrx_word' id='word_1_132' title='bbox 813 1132 893 1160; x_wconf 93' lang='lat' dir='ltr'>non</span> <span class='ocrx_word' id='word_1_133' title='bbox 914 1122 1171 1161; x_wconf 88' lang='lat' dir='ltr'>irascendum</span> <span class='ocrx_word' id='word_1_134' title='bbox 1191 1122 1266 1171; x_wconf 91' lang='lat' dir='ltr'>illi,</span> <span class='ocrx_word' id='word_1_135' title='bbox 1301 1124 1376 1162; x_wconf 88' lang='lat' dir='ltr'>sed</span> 
     </span>
     <span class='ocr_line' id='line_1_18' title="bbox 76 1178 454 1217; baseline -0.003 -1"><span class='ocrx_word' id='word_1_136' title='bbox 76 1178 355 1217; x_wconf 89' lang='lat' dir='ltr'>insaniendum</span> <span class='ocrx_word' id='word_1_137' title='bbox 379 1182 454 1217; x_wconf 85' lang='lat' dir='ltr'>est.</span> 
     </span>
    </p>

    <p class='ocr_par' dir='ltr' id='par_1_4' title="bbox 74 1232 1403 1672">
     <span class='ocr_line' id='line_1_19' title="bbox 155 1232 1403 1283; baseline 0.004 -12"><span class='ocrx_word' id='word_1_138' title='bbox 155 1233 205 1272; x_wconf 87' lang='lat' dir='ltr'>X.</span> <span class='ocrx_word' id='word_1_139' title='bbox 247 1232 348 1272; x_wconf 91' lang='lat' dir='ltr'>Illud</span> <span class='ocrx_word' id='word_1_140' title='bbox 370 1235 504 1283; x_wconf 87' lang='lat' dir='ltr'>potius</span> <span class='ocrx_word' id='word_1_141' title='bbox 526 1233 734 1282; x_wconf 82' lang='lat' dir='ltr'>cogitabis,</span> <span class='ocrx_word' id='word_1_142' title='bbox 763 1244 845 1272; x_wconf 92' lang='lat' dir='ltr'>non</span> <span class='ocrx_word' id='word_1_143' title='bbox 866 1244 960 1272; x_wconf 90' lang='lat' dir='ltr'>esse</span> <span class='ocrx_word' id='word_1_144' title='bbox 980 1234 1238 1272; x_wconf 87' lang='lat' dir='ltr'>irascendum</span> <span class='ocrx_word' id='word_1_145' title='bbox 1259 1245 1367 1274; x_wconf 90' lang='lat' dir='ltr'>erro·</span> <span class='ocrx_word' id='word_1_146' title='bbox 1387 1243 1403 1276; x_wconf 92' lang='lat'><em>1</em></span> 
     </span>
     <span class='ocr_line' id='line_1_20' title="bbox 74 1288 1373 1339; baseline 0.002 -12"><span class='ocrx_word' id='word_1_147' title='bbox 74 1288 199 1328; x_wconf 90' lang='lat' dir='ltr'>ribus.</span> <span class='ocrx_word' id='word_1_148' title='bbox 239 1289 335 1338; x_wconf 91' lang='lat' dir='ltr'>quid</span> <span class='ocrx_word' id='word_1_149' title='bbox 357 1290 482 1337; x_wconf 85' lang='lat' dir='ltr'>enim,</span> <span class='ocrx_word' id='word_1_150' title='bbox 502 1289 537 1328; x_wconf 88' lang='lat' dir='ltr'>si</span> <span class='ocrx_word' id='word_1_151' title='bbox 558 1290 649 1339; x_wconf 89' lang='lat' dir='ltr'>quis</span> <span class='ocrx_word' id='word_1_152' title='bbox 669 1289 869 1328; x_wconf 85' lang='lat' dir='ltr'>irascatur</span> <span class='ocrx_word' id='word_1_153' title='bbox 887 1290 926 1328; x_wconf 90' lang='lat' dir='ltr'>in</span> <span class='ocrx_word' id='word_1_154' title='bbox 947 1289 1123 1329; x_wconf 90' lang='lat' dir='ltr'>tenebris</span> <span class='ocrx_word' id='word_1_155' title='bbox 1145 1301 1286 1339; x_wconf 88' lang='lat' dir='ltr'>parum</span> <span class='ocrx_word' id='word_1_156' title='bbox 1305 1301 1373 1330; x_wconf 90' lang='lat' dir='ltr'>ve-</span> 
     </span>
     <span class='ocr_line' id='line_1_21' title="bbox 75 1345 1373 1395; baseline 0.002 -12"><span class='ocrx_word' id='word_1_157' title='bbox 75 1345 193 1394; x_wconf 84' lang='lat' dir='ltr'>stigia</span> <span class='ocrx_word' id='word_1_158' title='bbox 212 1349 322 1384; x_wconf 90' lang='lat' dir='ltr'>certa</span> <span class='ocrx_word' id='word_1_159' title='bbox 342 1345 610 1394; x_wconf 72' lang='lat' dir='ltr'>ponentibus?</span> <span class='ocrx_word' id='word_1_160' title='bbox 653 1345 760 1394; x_wconf 88' lang='lat' dir='ltr'>quid,</span> <span class='ocrx_word' id='word_1_161' title='bbox 781 1346 815 1384; x_wconf 90' lang='lat' dir='ltr'>si</span> <span class='ocrx_word' id='word_1_162' title='bbox 837 1347 928 1395; x_wconf 91' lang='lat' dir='ltr'>quis</span> <span class='ocrx_word' id='word_1_163' title='bbox 949 1346 1084 1384; x_wconf 88' lang='lat' dir='ltr'>surdis</span> <span class='ocrx_word' id='word_1_164' title='bbox 1104 1346 1273 1395; x_wconf 89' lang='lat' dir='ltr'>imperia</span> <span class='ocrx_word' id='word_1_165' title='bbox 1291 1358 1373 1386; x_wconf 90' lang='lat' dir='ltr'>non</span> 
     </span>
     <span class='ocr_line' id='line_1_22' title="bbox 75 1401 1375 1451; baseline 0.003 -13"><span class='ocrx_word' id='word_1_166' title='bbox 75 1401 412 1440; x_wconf 65' lang='lat' dir='ltr'>exaudientibus?</span> <span class='ocrx_word' id='word_1_167' title='bbox 453 1401 569 1450; x_wconf 92' lang='lat' dir='ltr'>quid,</span> <span class='ocrx_word' id='word_1_168' title='bbox 597 1401 632 1440; x_wconf 91' lang='lat' dir='ltr'>si</span> <span class='ocrx_word' id='word_1_169' title='bbox 662 1401 818 1450; x_wconf 89' lang='lat' dir='ltr'>pueris,</span> <span class='ocrx_word' id='word_1_170' title='bbox 849 1402 958 1450; x_wconf 88' lang='lat' dir='ltr'>quod</span> <span class='ocrx_word' id='word_1_171' title='bbox 979 1402 1164 1449; x_wconf 85' lang='lat' dir='ltr'>neglecto</span> <span class='ocrx_word' id='word_1_172' title='bbox 1186 1401 1375 1451; x_wconf 87' lang='lat' dir='ltr'>dispectu</span> 
     </span>
     <span class='ocr_line' id='line_1_23' title="bbox 76 1456 1375 1507; baseline 0.002 -13"><span class='ocrx_word' id='word_1_173' title='bbox 76 1456 300 1495; x_wconf 83' lang='lat' dir='ltr'>officiorum</span> <span class='ocrx_word' id='word_1_174' title='bbox 322 1458 372 1495; x_wconf 89' lang='lat' dir='ltr'>ad</span> <span class='ocrx_word' id='word_1_175' title='bbox 392 1458 507 1496; x_wconf 90' lang='lat' dir='ltr'>lusus</span> <span class='ocrx_word' id='word_1_176' title='bbox 528 1461 567 1495; x_wconf 88' lang='lat' dir='ltr'>et</span> <span class='ocrx_word' id='word_1_177' title='bbox 593 1458 754 1506; x_wconf 91' lang='lat' dir='ltr'>ineptos</span> <span class='ocrx_word' id='word_1_178' title='bbox 775 1458 1005 1506; x_wconf 79' lang='lat' dir='ltr'>aequalium</span> <span class='ocrx_word' id='word_1_179' title='bbox 1025 1457 1140 1496; x_wconf 91' lang='lat' dir='ltr'>iocos</span> <span class='ocrx_word' id='word_1_180' title='bbox 1161 1463 1375 1507; x_wconf 70' lang='lat' dir='ltr'>spectent?</span> 
     </span>
     <span class='ocr_line' id='line_1_24' title="bbox 75 1511 1373 1562; baseline 0.003 -13"><span class='ocrx_word' id='word_1_181' title='bbox 75 1511 195 1560; x_wconf 88' lang='lat' dir='ltr'>quid,</span> <span class='ocrx_word' id='word_1_182' title='bbox 226 1511 259 1550; x_wconf 89' lang='lat' dir='ltr'>si</span> <span class='ocrx_word' id='word_1_183' title='bbox 280 1511 357 1551; x_wconf 89' lang='lat' dir='ltr'>illis</span> <span class='ocrx_word' id='word_1_184' title='bbox 376 1513 496 1552; x_wconf 85' lang='lat' dir='ltr'>irasci</span> <span class='ocrx_word' id='word_1_185' title='bbox 519 1513 640 1561; x_wconf 74' lang='lat' dir='ltr'>vens,</span> <span class='ocrx_word' id='word_1_186' title='bbox 674 1513 785 1562; x_wconf 91' lang='lat' dir='ltr'>quod</span> <span class='ocrx_word' id='word_1_187' title='bbox 806 1517 1034 1562; x_wconf 86' lang='lat' dir='ltr'>aegrotant,</span> <span class='ocrx_word' id='word_1_188' title='bbox 1056 1520 1295 1562; x_wconf 89' lang='lat' dir='ltr'>senescunt,</span> <span class='ocrx_word' id='word_1_189' title='bbox 1317 1515 1373 1553; x_wconf 87' lang='lat' dir='ltr'>fa-</span> 
     </span>
     <span class='ocr_line' id='line_1_25' title="bbox 74 1566 1371 1617; baseline 0.002 -11"><span class='ocrx_word' id='word_1_190' title='bbox 74 1566 277 1616; x_wconf 68' lang='lat' dir='ltr'>tIgantur‘i!</span> <span class='ocrx_word' id='word_1_191' title='bbox 318 1568 420 1607; x_wconf 87' lang='lat' dir='ltr'>inter</span> <span class='ocrx_word' id='word_1_192' title='bbox 440 1573 573 1607; x_wconf 86' lang='lat' dir='ltr'>cetera</span> <span class='ocrx_word' id='word_1_193' title='bbox 591 1569 841 1608; x_wconf 83' lang='lat' dir='ltr'>mortalitatis</span> <span class='ocrx_word' id='word_1_194' title='bbox 865 1570 1122 1609; x_wconf 90' lang='lat' dir='ltr'>incommoda</span> <span class='ocrx_word' id='word_1_195' title='bbox 1141 1575 1180 1608; x_wconf 89' lang='lat' dir='ltr'>et</span> <span class='ocrx_word' id='word_1_196' title='bbox 1198 1569 1276 1609; x_wconf 88' lang='lat' dir='ltr'>hoc</span> <span class='ocrx_word' id='word_1_197' title='bbox 1297 1574 1371 1617; x_wconf 88' lang='lat' dir='ltr'>est,</span> 
     </span>
     <span class='ocr_line' id='line_1_26' title="bbox 74 1623 1369 1672; baseline 0.002 -11"><span class='ocrx_word' id='word_1_198' title='bbox 74 1623 202 1672; x_wconf 89' lang='lat' dir='ltr'>caligo</span> <span class='ocrx_word' id='word_1_199' title='bbox 223 1623 411 1662; x_wconf 86' lang='lat' dir='ltr'>mentium</span> <span class='ocrx_word' id='word_1_200' title='bbox 430 1634 504 1662; x_wconf 86' lang='lat' dir='ltr'>nec</span> <span class='ocrx_word' id='word_1_201' title='bbox 523 1628 674 1663; x_wconf 82' lang='lat' dir='ltr'>tantum</span> <span class='ocrx_word' id='word_1_202' title='bbox 694 1625 918 1664; x_wconf 88' lang='lat' dir='ltr'>necessitas</span> <span class='ocrx_word' id='word_1_203' title='bbox 948 1626 1129 1672; x_wconf 88' lang='lat' dir='ltr'>errandi,</span> <span class='ocrx_word' id='word_1_204' title='bbox 1158 1626 1232 1664; x_wconf 91' lang='lat' dir='ltr'>sed</span> <span class='ocrx_word' id='word_1_205' title='bbox 1261 1636 1369 1666; x_wconf 89' lang='lat' dir='ltr'>erro-</span> 
     </span>
    </p>

    <p class='ocr_par' dir='ltr' id='par_1_5' title="bbox 32 1678 1408 2064">
     <span class='ocr_line' id='line_1_27' title="bbox 32 1678 1408 1730; baseline 0.001 -13"><span class='ocrx_word' id='word_1_206' title='bbox 32 1714 35 1718; x_wconf 84' lang='lat'>.</span> <span class='ocrx_word' id='word_1_207' title='bbox 71 1689 159 1717; x_wconf 87' lang='lat' dir='ltr'>rum</span> <span class='ocrx_word' id='word_1_208' title='bbox 183 1689 308 1717; x_wconf 85' lang='lat' dir='ltr'>amor.</span> <span class='ocrx_word' id='word_1_209' title='bbox 349 1678 408 1717; x_wconf 91' lang='lat' dir='ltr'>Ne</span> <span class='ocrx_word' id='word_1_210' title='bbox 427 1679 596 1727; x_wconf 83' lang='lat' dir='ltr'>singulis</span> <span class='ocrx_word' id='word_1_211' title='bbox 617 1680 824 1728; x_wconf 66' lang='lat' dir='ltr'>irascaris,</span> <span class='ocrx_word' id='word_1_212' title='bbox 853 1680 1057 1720; x_wconf 89' lang='lat' dir='ltr'>universis</span> <span class='ocrx_word' id='word_1_213' title='bbox 1077 1682 1370 1730; x_wconf 88' lang='lat' dir='ltr'>ignoscendum</span> <span class='ocrx_word' id='word_1_214' title='bbox 1385 1685 1408 1718; x_wconf 82' lang='lat'><strong>2</strong></span> 
     </span>
     <span class='ocr_line' id='line_1_28' title="bbox 72 1733 1369 1783; baseline 0.002 -10"><span class='ocrx_word' id='word_1_215' title='bbox 72 1739 151 1781; x_wconf 87' lang='lat' dir='ltr'>est,</span> <span class='ocrx_word' id='word_1_216' title='bbox 181 1733 320 1783; x_wconf 88' lang='lat' dir='ltr'>generi</span> <span class='ocrx_word' id='word_1_217' title='bbox 340 1734 516 1774; x_wconf 91' lang='lat' dir='ltr'>humano</span> <span class='ocrx_word' id='word_1_218' title='bbox 543 1736 662 1775; x_wconf 87' lang='lat' dir='ltr'>venia</span> <span class='ocrx_word' id='word_1_219' title='bbox 679 1736 890 1775; x_wconf 86' lang='lat' dir='ltr'>tribuenda</span> <span class='ocrx_word' id='word_1_220' title='bbox 910 1741 984 1776; x_wconf 89' lang='lat' dir='ltr'>est.</span> <span class='ocrx_word' id='word_1_221' title='bbox 1032 1737 1068 1776; x_wconf 89' lang='lat' dir='ltr'>si</span> <span class='ocrx_word' id='word_1_222' title='bbox 1095 1737 1282 1776; x_wconf 85' lang='lat' dir='ltr'>irasceris</span> <span class='ocrx_word' id='word_1_223' title='bbox 1310 1737 1369 1777; x_wconf 89' lang='lat' dir='ltr'>iu-</span> 
     </span>
     <span class='ocr_line' id='line_1_29' title="bbox 69 1790 1367 1841; baseline 0 -13"><span class='ocrx_word' id='word_1_224' title='bbox 69 1790 240 1829; x_wconf 91' lang='lat' dir='ltr'>venibus</span> <span class='ocrx_word' id='word_1_225' title='bbox 261 1790 530 1839; x_wconf 90' lang='lat' dir='ltr'>senibusque,</span> <span class='ocrx_word' id='word_1_226' title='bbox 566 1791 677 1839; x_wconf 88' lang='lat' dir='ltr'>quod</span> <span class='ocrx_word' id='word_1_227' title='bbox 704 1796 893 1841; x_wconf 88' lang='lat' dir='ltr'>peccant,</span> <span class='ocrx_word' id='word_1_228' title='bbox 921 1793 1099 1831; x_wconf 87' lang='lat' dir='ltr'>irascere</span> <span class='ocrx_word' id='word_1_229' title='bbox 1127 1793 1367 1831; x_wconf 79' lang='lat' dir='ltr'>infantibus:</span> 
     </span>
     <span class='ocr_line' id='line_1_30' title="bbox 69 1846 1368 1897; baseline 0.002 -13"><span class='ocrx_word' id='word_1_230' title='bbox 69 1846 275 1895; x_wconf 89' lang='lat' dir='ltr'>peccaturi</span> <span class='ocrx_word' id='word_1_231' title='bbox 295 1851 400 1885; x_wconf 89' lang='lat' dir='ltr'>sunt.</span> <span class='ocrx_word' id='word_1_232' title='bbox 442 1847 545 1885; x_wconf 92' lang='lat' dir='ltr'>Num</span> <span class='ocrx_word' id='word_1_233' title='bbox 566 1847 656 1895; x_wconf 91' lang='lat' dir='ltr'>quis</span> <span class='ocrx_word' id='word_1_234' title='bbox 677 1847 863 1887; x_wconf 88' lang='lat' dir='ltr'>irascitur</span> <span class='ocrx_word' id='word_1_235' title='bbox 881 1849 1040 1897; x_wconf 90' lang='lat' dir='ltr'>pueris,</span> <span class='ocrx_word' id='word_1_236' title='bbox 1063 1859 1236 1897; x_wconf 90' lang='lat' dir='ltr'>quorum</span> <span class='ocrx_word' id='word_1_237' title='bbox 1256 1852 1368 1887; x_wconf 86' lang='lat' dir='ltr'>aetas</span> 
     </span>
     <span class='ocr_line' id='line_1_31' title="bbox 69 1901 1368 1943; baseline 0.002 -3"><span class='ocrx_word' id='word_1_238' title='bbox 69 1901 247 1940; x_wconf 91' lang='lat' dir='ltr'>nondum</span> <span class='ocrx_word' id='word_1_239' title='bbox 267 1903 380 1940; x_wconf 90' lang='lat' dir='ltr'>novit</span> <span class='ocrx_word' id='word_1_240' title='bbox 397 1913 532 1941; x_wconf 88' lang='lat' dir='ltr'>rerum</span> <span class='ocrx_word' id='word_1_241' title='bbox 553 1902 811 1941; x_wconf 68' lang='lat' dir='ltr'>discrimina?</span> <span class='ocrx_word' id='word_1_242' title='bbox 851 1904 980 1942; x_wconf 86' lang='lat' dir='ltr'>maior</span> <span class='ocrx_word' id='word_1_243' title='bbox 1006 1908 1069 1943; x_wconf 88' lang='lat' dir='ltr'>est</span> <span class='ocrx_word' id='word_1_244' title='bbox 1097 1903 1308 1942; x_wconf 87' lang='lat' dir='ltr'>excusatio</span> <span class='ocrx_word' id='word_1_245' title='bbox 1330 1909 1368 1943; x_wconf 89' lang='lat' dir='ltr'>et</span> 
     </span>
     <span class='ocr_line' id='line_1_32' title="bbox 68 1957 1404 2007; baseline 0.001 -11"><span class='ocrx_word' id='word_1_246' title='bbox 68 1958 212 1996; x_wconf 87' lang='lat' dir='ltr'>iustior</span> <span class='ocrx_word' id='word_1_247' title='bbox 230 1957 432 1997; x_wconf 91' lang='lat' dir='ltr'>hominem</span> <span class='ocrx_word' id='word_1_248' title='bbox 453 1968 546 1996; x_wconf 92' lang='lat' dir='ltr'>esse</span> <span class='ocrx_word' id='word_1_249' title='bbox 567 1968 687 2005; x_wconf 88' lang='lat' dir='ltr'>quam</span> <span class='ocrx_word' id='word_1_250' title='bbox 703 1969 884 2007; x_wconf 89' lang='lat' dir='ltr'>puerum.</span> <span class='ocrx_word' id='word_1_251' title='bbox 928 1959 1014 1997; x_wconf 89' lang='lat' dir='ltr'>Hac</span> <span class='ocrx_word' id='word_1_252' title='bbox 1030 1958 1271 1997; x_wconf 89' lang='lat' dir='ltr'>condicione</span> <span class='ocrx_word' id='word_1_253' title='bbox 1284 1960 1365 1998; x_wconf 86' lang='lat' dir='ltr'>nati</span> <span class='ocrx_word' id='word_1_254' title='bbox 1380 1964 1404 1998; x_wconf 87' lang='lat'><strong>3</strong></span> 
     </span>
     <span class='ocr_line' id='line_1_33' title="bbox 69 2012 1366 2064; baseline 0.001 -12"><span class='ocrx_word' id='word_1_255' title='bbox 69 2023 230 2061; x_wconf 90' lang='lat' dir='ltr'>sumus,</span> <span class='ocrx_word' id='word_1_256' title='bbox 265 2013 451 2052; x_wconf 86' lang='lat' dir='ltr'>animalia</span> <span class='ocrx_word' id='word_1_257' title='bbox 481 2012 658 2052; x_wconf 86' lang='lat' dir='ltr'>obnoxia</span> <span class='ocrx_word' id='word_1_258' title='bbox 689 2024 769 2052; x_wconf 91' lang='lat' dir='ltr'>non</span> <span class='ocrx_word' id='word_1_259' title='bbox 805 2014 1065 2063; x_wconf 88' lang='lat' dir='ltr'>paucioribus</span> <span class='ocrx_word' id='word_1_260' title='bbox 1094 2013 1216 2052; x_wconf 85' lang='lat' dir='ltr'>animi</span> <span class='ocrx_word' id='word_1_261' title='bbox 1245 2026 1366 2064; x_wconf 89' lang='lat' dir='ltr'>quam</span> 
     </span>
    </p>

    <p class='ocr_par' dir='ltr' id='par_1_6' title="bbox 7 2069 1365 2118">
     <span class='ocr_line' id='line_1_34' title="bbox 7 2069 1365 2118; baseline 0.002 -11"><span class='ocrx_word' id='word_1_262' title='bbox 7 2076 18 2102; x_wconf 50' lang='grc' dir='ltr'>πῖ</span> <span class='ocrx_word' id='word_1_263' title='bbox 68 2069 251 2118; x_wconf 90' lang='lat' dir='ltr'>corporis</span> <span class='ocrx_word' id='word_1_264' title='bbox 270 2069 436 2117; x_wconf 82' lang='lat' dir='ltr'>morbis,</span> <span class='ocrx_word' id='word_1_265' title='bbox 458 2080 538 2108; x_wconf 91' lang='lat' dir='ltr'>non</span> <span class='ocrx_word' id='word_1_266' title='bbox 562 2069 723 2117; x_wconf 85' lang='lat' dir='ltr'>quidem</span> <span class='ocrx_word' id='word_1_267' title='bbox 744 2069 889 2109; x_wconf 84' lang='lat' dir='ltr'>obtusa</span> <span class='ocrx_word' id='word_1_268' title='bbox 909 2079 985 2108; x_wconf 92' lang='lat' dir='ltr'>nec</span> <span class='ocrx_word' id='word_1_269' title='bbox 1004 2069 1137 2116; x_wconf 87' lang='lat' dir='ltr'>tarda,</span> <span class='ocrx_word' id='word_1_270' title='bbox 1167 2070 1238 2109; x_wconf 93' lang='lat' dir='ltr'>sed</span> <span class='ocrx_word' id='word_1_271' title='bbox 1271 2082 1365 2110; x_wconf 87' lang='lat' dir='ltr'>acu-</span> 
     </span>
    </p>

    <p class='ocr_par' dir='ltr' id='par_1_7' title="bbox 27 2124 1364 2175">
     <span class='ocr_line' id='line_1_35' title="bbox 27 2124 1364 2175; baseline 0.001 -12"><span class='ocrx_word' id='word_1_272' title='bbox 27 2154 30 2156; x_wconf 24' lang='lat'>*</span> <span class='ocrx_word' id='word_1_273' title='bbox 66 2125 172 2163; x_wconf 85' lang='lat' dir='ltr'>mine</span> <span class='ocrx_word' id='word_1_274' title='bbox 192 2130 332 2164; x_wconf 90' lang='lat' dir='ltr'>nostro</span> <span class='ocrx_word' id='word_1_275' title='bbox 354 2125 457 2163; x_wconf 90' lang='lat' dir='ltr'>male</span> <span class='ocrx_word' id='word_1_276' title='bbox 477 2125 639 2172; x_wconf 86' lang='lat' dir='ltr'>utentia,</span> <span class='ocrx_word' id='word_1_277' title='bbox 661 2125 784 2163; x_wconf 88' lang='lat' dir='ltr'>altera</span> <span class='ocrx_word' id='word_1_278' title='bbox 805 2124 940 2164; x_wconf 89' lang='lat' dir='ltr'>alteris</span> <span class='ocrx_word' id='word_1_279' title='bbox 958 2124 1146 2164; x_wconf 89' lang='lat' dir='ltr'>vitiorum</span> <span class='ocrx_word' id='word_1_280' title='bbox 1166 2128 1364 2175; x_wconf 86' lang='lat' dir='ltr'>exempla.</span> 
     </span>
    </p>

    <p class='ocr_par' dir='ltr' id='par_1_8' title="bbox 30 2180 1366 2231">
     <span class='ocr_line' id='line_1_36' title="bbox 30 2180 1366 2231; baseline -0.001 -9"><span class='ocrx_word' id='word_1_281' title='bbox 30 2220 33 2222; x_wconf 79' lang='grc'>.</span> <span class='ocrx_word' id='word_1_282' title='bbox 67 2180 253 2229; x_wconf 85' lang='lat' dir='ltr'>quisquis</span> <span class='ocrx_word' id='word_1_283' title='bbox 274 2180 456 2229; x_wconf 84' lang='lat' dir='ltr'>sequitur</span> <span class='ocrx_word' id='word_1_284' title='bbox 475 2181 632 2229; x_wconf 88' lang='lat' dir='ltr'>priores</span> <span class='ocrx_word' id='word_1_285' title='bbox 652 2180 756 2218; x_wconf 88' lang='lat' dir='ltr'>male</span> <span class='ocrx_word' id='word_1_286' title='bbox 775 2180 850 2220; x_wconf 90' lang='lat' dir='ltr'>iter</span> <span class='ocrx_word' id='word_1_287' title='bbox 876 2181 1105 2228; x_wconf 86' lang='lat' dir='ltr'>ingressos,</span> <span class='ocrx_word' id='word_1_288' title='bbox 1135 2181 1275 2231; x_wconf 86' lang='lat' dir='ltr'>quidni</span> <span class='ocrx_word' id='word_1_289' title='bbox 1293 2182 1366 2221; x_wconf 92' lang='lat' dir='ltr'>ha-</span> 
     </span>
    </p>

    <p class='ocr_par' dir='ltr' id='par_1_9' title="bbox 0 2234 1403 2398">
     <span class='ocr_line' id='line_1_37' title="bbox 45 2234 1403 2287; baseline 0.001 -10.97"><span class='ocrx_word' id='word_1_290' title='bbox 45 2281 49 2285; x_wconf 49' lang='grc'><em>,</em></span> <span class='ocrx_word' id='word_1_291' title='bbox 64 2234 158 2276; x_wconf 86' lang='lat' dir='ltr'>beat</span> <span class='ocrx_word' id='word_1_292' title='bbox 177 2237 500 2283; x_wconf 85' lang='lat' dir='ltr'>excusationem,</span> <span class='ocrx_word' id='word_1_293' title='bbox 522 2247 610 2274; x_wconf 89' lang='lat' dir='ltr'>cum</span> <span class='ocrx_word' id='word_1_294' title='bbox 632 2236 794 2284; x_wconf 87' lang='lat' dir='ltr'>publica</span> <span class='ocrx_word' id='word_1_295' title='bbox 814 2237 879 2274; x_wconf 89' lang='lat' dir='ltr'>via</span> <span class='ocrx_word' id='word_1_296' title='bbox 898 2237 1116 2277; x_wconf 72' lang='lat' dir='ltr'>erraverit?</span> <span class='ocrx_word' id='word_1_297' title='bbox 1156 2237 1202 2276; x_wconf 91' lang='lat' dir='ltr'>In</span> <span class='ocrx_word' id='word_1_298' title='bbox 1228 2238 1363 2287; x_wconf 87' lang='lat' dir='ltr'>singu·</span> <span class='ocrx_word' id='word_1_299' title='bbox 1379 2243 1403 2277; x_wconf 84' lang='lat'>4</span> 
     </span>
     <span class='ocr_line' id='line_1_38' title="bbox 10 2270 1364 2341; baseline 0.003 -12"><span class='ocrx_word' id='word_1_300' title='bbox 10 2270 28 2324; x_wconf 57' lang='lat'>&#39;⁷³3</span> <span class='ocrx_word' id='word_1_301' title='bbox 66 2291 129 2330; x_wconf 91' lang='lat' dir='ltr'>los</span> <span class='ocrx_word' id='word_1_302' title='bbox 150 2291 345 2330; x_wconf 86' lang='lat' dir='ltr'>severitas</span> <span class='ocrx_word' id='word_1_303' title='bbox 366 2291 620 2341; x_wconf 87' lang='lat' dir='ltr'>imperatoris</span> <span class='ocrx_word' id='word_1_304' title='bbox 641 2291 906 2340; x_wconf 83' lang='lat' dir='ltr'>distringitur:</span> <span class='ocrx_word' id='word_1_305' title='bbox 937 2296 975 2331; x_wconf 87' lang='lat' dir='ltr'>at</span> <span class='ocrx_word' id='word_1_306' title='bbox 993 2294 1226 2332; x_wconf 84' lang='lat' dir='ltr'>necessaria</span> <span class='ocrx_word' id='word_1_307' title='bbox 1243 2293 1364 2333; x_wconf 84' lang='lat' dir='ltr'>venia</span> 
     </span>
     <span class='ocr_line' id='line_1_39' title="bbox 0 2340 1362 2398; baseline 0.003 -13"><span class='ocrx_word' id='word_1_308' title='bbox 0 2340 26 2390; x_wconf 59' lang='lat'>2}</span> <span class='ocrx_word' id='word_1_309' title='bbox 68 2351 141 2395; x_wconf 88' lang='lat' dir='ltr'>est,</span> <span class='ocrx_word' id='word_1_310' title='bbox 161 2346 230 2386; x_wconf 89' lang='lat' dir='ltr'>ubi</span> <span class='ocrx_word' id='word_1_311' title='bbox 250 2351 358 2386; x_wconf 87' lang='lat' dir='ltr'>totus</span> <span class='ocrx_word' id='word_1_312' title='bbox 379 2347 557 2387; x_wconf 88' lang='lat' dir='ltr'>deseruit</span> <span class='ocrx_word' id='word_1_313' title='bbox 576 2347 790 2386; x_wconf 88' lang='lat' dir='ltr'>exercitus.</span> <span class='ocrx_word' id='word_1_314' title='bbox 834 2347 936 2396; x_wconf 84' lang='lat' dir='ltr'>Quid</span> <span class='ocrx_word' id='word_1_315' title='bbox 963 2348 1063 2388; x_wconf 86' lang='lat' dir='ltr'>tollit</span> <span class='ocrx_word' id='word_1_316' title='bbox 1081 2348 1180 2388; x_wconf 88' lang='lat' dir='ltr'>iram</span> <span class='ocrx_word' id='word_1_317' title='bbox 1201 2349 1362 2398; x_wconf 88' lang='lat' dir='ltr'>sapien-</span> 
     </span>
    </p>
   </div>
  </div>
 </body>
</html>
