1592 2580
332 186 397 225 DE
423 185 704 225 BENEFICIIS
732 185 827 224 LlB.
843 186 911 224 Vl.
944 191 1119 226 25-28.
1286 184 1367 226 123

86 289 164 326 iam
191 288 369 336 ingratus
397 296 455 326 es.
493 286 671 324 nondum
690 284 811 325 audio
832 285 929 335 quid
950 285 1004 324 illi
1023 286 1125 325 velis
1146 290 1366 335 praestare.

86 343 172 382 scio
201 343 298 392 quid
324 343 434 381 illum
458 342 562 381 velis
591 342 685 391 pati.
735 341 1053 381 Sollicitudinem
1079 341 1134 380 illi
1159 346 1198 381 et
1220 347 1368 381 metum

85 403 125 438 et
139 399 266 437 maius
284 398 448 446 aliquod
462 398 681 447 inprecaris
697 399 857 437 malum.
881 402 1000 446 optas
1018 401 1062 436 ut
1077 398 1367 446 operindigcat:

84 454 162 493 hoc
189 460 329 493 contra
354 454 461 492 illum
485 459 558 493 est.
589 459 706 502 optas
727 458 771 493 ut
791 458 858 493 tua
873 453 1051 502 indigeat
1070 463 1166 503 ope:
1192 453 1271 492 hoc
1291 464 1367 503 pro

6 546 9 561 ,
83 514 123 549 te
157 515 231 550 est.
276 520 358 548 non
395 519 632 549 succurrere
665 509 727 548 vis
760 509 840 558 illi,
878 509 950 549 sed
989 510 1174 549 solvere:
1212 509 1278 558 qui
1306 510 1368 548 sic

82 570 293 616 properat,
315 565 420 604 solvi
442 560 543 613 vult,
564 576 644 604 non
660 565 832 604 solvere.
868 565 928 604 Ita
946 565 1058 615 quod
1076 576 1201 604 unum
1217 565 1256 603 in
1271 569 1367 604 voto
1383 566 1405 600 2

82 627 150 662 tuo
169 621 383 661 honestum
402 620 532 660 videri
550 625 727 670 poterat,
750 621 883 670 ipsum
897 626 1012 670 turpe
1029 625 1068 660 et
1080 620 1276 669 ingratum
1293 626 1366 667 est,

83 677 191 716 nolle
217 676 378 716 debere.
415 681 532 726 optas
559 677 685 724 enim,
714 687 796 715 non
821 681 868 716 ut
892 681 935 716 tu
962 677 1190 716 facultatem
1216 676 1368 716 habeas

83 732 322 772 referendae
348 733 518 781 gratiae,
547 732 622 771 sed
637 737 682 771 ut
702 732 769 771 ille
790 730 1070 772 necessitatem
1089 733 1368 782 inplorandae.

86 788 343 837 Superiorem
370 792 411 827 te
438 787 538 827 facis
567 793 625 836 et,
658 788 769 837 quod
795 788 910 826 nefas
939 793 1020 837 est,
1054 788 1160 827 bene
1185 788 1368 827 meritum

86 844 137 882 ad
157 843 284 893 pedes
305 847 397 883 tuos
417 843 551 883 mittis.
582 849 731 893 quanto
753 844 880 883 satius
897 849 961 883 est
978 844 1152 884 honesta
1165 843 1372 884 voluntate

86 899 234 939 debere
262 909 383 949 quam
409 910 484 948 per
508 899 654 938 malam
670 898 865 939 rationem
885 900 1075 939 solvere?
1120 899 1163 938 Si
1181 899 1370 939 infitiare·
1385 901 1408 937 3

84 955 140 994 ris
161 954 272 1004 quod
292 965 530 1004 acceperas,
550 955 681 994 minus
697 965 904 1004 peccares.
934 955 1031 994 nihil
1046 956 1150 994 enim
1166 955 1244 994 nisi
1261 955 1372 1004 quod

86 1010 253 1050 dederat
279 1009 495 1050 amitteret:
524 1021 631 1050 nunc
659 1011 719 1050 vis
745 1011 855 1050 illum
882 1011 1010 1050 subici
1038 1011 1107 1050 tibi
1135 1011 1289 1050 iactura
1307 1021 1371 1050 re-

84 1077 172 1106 rum
192 1076 377 1114 suarum,
405 1071 446 1106 et
464 1070 591 1106 status
610 1067 826 1106 mutatione
844 1068 884 1105 in
904 1067 946 1105 id
961 1067 1180 1115 devocare,
1209 1072 1253 1106 ut
1267 1066 1372 1106 infra

85 1122 283 1161 beneficia
309 1132 386 1161 sua
402 1121 543 1162 iaceat.
591 1122 754 1161 Gratum
773 1127 812 1161 te
833 1122 1011 1172 putabo?
1047 1133 1184 1162 coram
1204 1133 1274 1170 eo,
1304 1123 1369 1162 cui

20 1188 25 1191 “
84 1177 286 1227 prodesse
303 1177 393 1226 vis,
424 1183 531 1226 opta.
577 1178 726 1216 Votum
752 1182 794 1216 tu
825 1179 928 1218 istuc
951 1188 1095 1225 vocas,
1129 1178 1240 1227 quod
1268 1178 1371 1217 inter

83 1237 240 1282 gratum
263 1237 303 1272 et
326 1232 529 1272 inimicum
555 1237 690 1282 potest
707 1233 859 1272 dividi?
888 1234 999 1283 quod
1018 1245 1099 1273 non
1120 1232 1279 1273 dubites
1300 1234 1370 1272 ad-

83 1289 310 1328 versarium
328 1293 367 1327 et
385 1288 543 1328 hostem
563 1289 729 1337 fecisse,
758 1289 794 1328 si
814 1294 994 1328 extrema
1012 1293 1245 1329 taceantur?
1289 1289 1407 1330 Ho--i

85 1349 169 1384 stes
198 1354 363 1393 quoque
391 1349 630 1393 optaverunt
659 1355 807 1393 capere
835 1345 1031 1394 quasdam
1050 1344 1195 1393 urbes,
1223 1350 1268 1384 ut
1286 1355 1369 1384 ser·

84 1405 245 1447 varent,
283 1404 323 1439 et
351 1400 512 1439 vincere
539 1400 758 1449 quosdam,
794 1405 838 1439 ut
864 1401 1140 1449 ignoscerent,
1170 1411 1248 1439 nec
1275 1399 1370 1440 ideo

84 1466 166 1495 non
191 1454 352 1494 hostilia
377 1460 485 1495 vota„
521 1455 560 1494 in
590 1456 736 1504 quibus
758 1457 869 1505 quod
891 1455 1144 1495 mitissimum
1163 1459 1245 1503 est,
1276 1461 1372 1504 post

86 1510 358 1550 crudelitatem
389 1511 511 1550 venit.
565 1511 748 1560 Denique
783 1512 918 1560 qualia
949 1522 1044 1550 esse
1074 1511 1231 1550 iudicas
1263 1517 1406 1560 vota,5

87 1576 190 1615 quae
211 1565 418 1604 nemotibi
436 1567 567 1605 minus
586 1568 696 1606 volet
716 1578 834 1615 quam
855 1567 909 1615 is,
942 1578 1015 1616 pro
1037 1578 1117 1617 quo
1138 1567 1256 1615 fiunt,
1277 1578 1368 1606 suc-

87 1622 259 1661 cedere?
287 1620 466 1669 pessime
485 1632 574 1660 cum
594 1632 644 1661 eo
664 1623 773 1671 agis,
804 1621 869 1662 cui
888 1623 951 1661 vis
970 1634 994 1662 a
1014 1623 1077 1662 dis
1098 1623 1255 1670 noceri,
1287 1633 1311 1661 a
1330 1628 1370 1662 te

87 1677 287 1724 succurri,
312 1677 450 1725 inique
470 1688 559 1715 cum
579 1677 678 1726 ipsis
702 1677 778 1716 dis.
807 1678 884 1717 illis
902 1679 1007 1717 enim
1023 1678 1261 1717 durissimas
1278 1689 1367 1727 par-

84 1738 146 1773 tes
166 1731 348 1781 inponis,
376 1732 445 1771 tibi
464 1732 681 1772 humanas:
710 1738 754 1772 ut
772 1739 814 1772 tu
833 1735 990 1783 prosis,
1011 1734 1053 1773 di
1072 1734 1287 1773 nocebunt.
1328 1733 1407 1776 Sic

85 1793 360 1828 accusatorem
390 1788 665 1837 submitteres,
704 1799 823 1838 quem
855 1789 1003 1828 deinde
1035 1800 1296 1837 removeres,
1336 1790 1371 1829 si

85 1844 221 1893 aliqua
242 1844 351 1882 illum
370 1844 437 1882 lite
456 1843 692 1892 inplicares‚
713 1855 830 1893 quam
848 1844 1020 1883 subinde
1036 1846 1280 1893 discuteres,
1300 1855 1369 1884 ne-

86 1909 151 1939 mo
181 1899 233 1938 de
260 1904 329 1938 tuo
359 1900 513 1938 scelere
536 1899 753 1939 dubitaret:
784 1901 879 1949 quid
897 1900 1082 1947 interest,
1114 1906 1246 1940 utrum
1265 1901 1370 1940 istuc

16 1988 18 1990 a
87 1955 226 1994 fraude
251 1959 465 2004 temptetur
492 1965 542 1993 an
571 1959 684 2003 voto,
715 1955 791 1994 nisi
818 1950 930 2004 duod
956 1956 1203 2004 potentiores
1223 1956 1278 1994 illi
1297 1956 1367 1995 ad-

87 2010 290 2050 versarios
312 2011 473 2059 quaeris
487 2014 507 2048 ἲ
550 2010 638 2049 Non
658 2016 720 2050 est
740 2011 850 2060 quod
867 2011 1000 2050 dicas:
1029 2022 1176 2060 „quarn
1193 2012 1297 2050 enim
1314 2012 1369 2050 illi
1384 2014 1404 2050 7

87 2066 270 2106 iniuriam
296 2067 461 2106 sacio2“
505 2072 640 2104 votum
666 2070 777 2105 tuum
804 2071 871 2105 aut
898 2077 1194 2115 supervacuum
1213 2071 1276 2106 est
1300 2073 1369 2107 aut

87 2121 342 2170 iniuriosum,
369 2122 488 2161 immo
514 2121 771 2168 iniuriosum,
794 2121 950 2160 etiamsi
970 2121 1148 2161 inritum·
1177 2121 1369 2172 quicquid

88 2188 168 2218 non
189 2177 339 2226 efficis,
367 2178 432 2216 dei
452 2188 597 2216 munus
617 2181 697 2225 est,
726 2177 868 2216 iniuria
886 2187 1005 2225 vero,
1027 2178 1219 2227 quicquid
1235 2183 1367 2228 optas.

90 2234 149 2280 [id
170 2235 296 2296 ipsum
321 2235 427 2282 quod
449 2237 561 2282 optas
570 2233 596 2283 ,]
628 2207 697 2272 sat,
717 2237 798 2271 est·
832 2231 903 2271 tibi
929 2243 1011 2272 non
1037 2233 1151 2273 aliter
1172 2234 1366 2274 debemus

89 2288 228 2336 irasci,
253 2299 374 2337 quam
393 2288 426 2328 si
446 2288 680 2338 perfeceris.
779 2299 785 2305 ¹

169 2343 343 2383 XXVIII.
382 2343 452 2393 „Si
478 2349 592 2392 vota,
624 2343 770 2393 inquit,
798 2343 1042 2385 valuissent.
1072 2349 1111 2384 et
1135 2343 1176 2384 in
1201 2343 1280 2385 hoc
1298 2355 1367 2383 va·
1383 2350 1400 2384 1
