1624 2626
104 197 175 236 AD
194 194 454 235 POLYBIUM
473 194 540 234 DE
561 193 960 234 CONSOLATIONE.
980 200 1094 236 2—5.
1111 196 1199 246 [24]
1227 194 1311 235 221

22 298 151 347 Luget
169 295 363 347 Polybius
397 301 437 335 et
462 295 503 334 in
523 306 606 334 uno
633 296 754 334 fratre
786 294 884 343 quid
911 294 963 333 de
991 294 1160 344 reliquis
1180 294 1315 344 possit

23 359 219 401 metuere,
249 351 499 400 admonitus,
528 351 646 390 etiam
675 351 726 389 de
755 350 858 400 ipsis
887 350 1042 390 doloris
1070 351 1135 390 sui
1155 351 1312 390 solatiis

22 411 143 449 timet.
174 408 331 447 facinus
350 407 575 456 indignum!
599 408 709 456 luget
727 406 920 458 Polybius
941 412 980 446 et
1000 406 1154 455 aliquid
1175 407 1310 456 propi·

22 466 76 505 tio
98 465 208 504 dolet
227 464 414 503 Caesare.
453 463 532 502 hoc
552 464 640 502 sine
660 462 804 511 dubio,
833 462 1020 512 inpotens
1042 464 1224 510 fortuna,
1245 473 1311 502 ca-

22 520 162 570 ptasti,
190 527 234 559 ut
262 520 500 560 ostenderes
529 518 729 558 neminem
756 523 896 558 contra
922 523 981 567 te,
1014 529 1066 557 ne
1093 529 1118 558 a
1138 519 1312 558 Caesare

22 576 187 626 quidem
207 586 334 625 posse
354 575 564 614 defendi.“

99 633 168 672 IV.
200 635 288 679 [23]
317 631 474 670 Diutius
492 641 688 670 accusare
707 631 788 669 fata
804 640 1038 679 possumus,
1060 634 1215 669 mutare
1230 641 1311 670 non
1338 636 1354 668 1

21 698 263 738 possumus:
285 693 390 726 stant
411 688 512 726 <lura
532 691 573 726 et
587 686 864 726 inexorabilia.
893 696 1012 725 nemo
1030 687 1098 725 illa
1114 686 1312 732 convicio,

21 754 139 783 nemo
168 742 286 788 fletu,
316 753 435 781 nemo
465 754 590 782 causa
609 747 757 782 movet.
782 742 878 781 nihil
899 753 1091 791 umquam
1112 742 1313 794 [parcunt]

20 800 90 839 ulli
112 803 216 847 [nec]
239 799 455 838 remittunt.
484 799 659 838 Proinde
679 809 893 848 parcamus
915 798 1090 837 lacrimis
1108 797 1206 838 nihil
1220 809 1314 848 pro-

22 855 264 894 ficientibus.
306 855 464 894 facilius
494 855 600 894 enim
619 865 697 893 nos
716 854 771 893 illi
790 854 908 894 dolor
929 854 1005 893 iste
1024 854 1172 893 adiciet
1193 865 1314 903 quam

21 912 130 950 illum
163 911 283 950 nobis
315 911 493 950 reducet.
542 910 611 960 qui
644 911 680 949 si
713 921 790 949 nos
817 915 997 959 torquet,
1025 921 1106 949 non
1130 910 1312 955 adiuvat,

23 967 150 1016 primo
189 976 355 1016 quoque
383 971 565 1016 tempore
591 966 859 1015 deponendus
888 969 950 1004 εει
978 970 1017 1004 ει
1044 966 1095 1004 ab
1123 966 1315 1004 inanibus

22 1023 177 1062 solatiis
198 1027 319 1071 atque
340 1033 478 1061 amara
499 1023 675 1071 quadam
695 1021 863 1060 libidine
887 1021 1052 1060 dolendi
1073 1022 1232 1060 animus
1251 1032 1314 1060 re—

21 1078 235 1128 cipiendus
260 1083 334 1117 est.
372 1079 470 1116 Nam
492 1077 668 1116 lacrimis
689 1077 860 1123 nostris,
889 1077 968 1115 nisi
988 1078 1091 1116 ratio
1114 1077 1238 1116 finem
1259 1079 1314 1116 se·
1335 1089 1357 1115 ι.

20 1134 138 1180 cerit,
158 1135 316 1173 fortuna
335 1145 415 1173 non
438 1133 569 1172 saciet.
600 1133 732 1172 omnis
750 1133 924 1182 agedum
946 1133 1126 1172 mortalis
1147 1133 1314 1172 circum-

19 1189 154 1239 spice:
183 1191 295 1238 larga
321 1189 470 1239 ubique
490 1189 614 1228 flendi
635 1194 675 1228 et
695 1189 869 1228 adsidua
887 1187 1056 1228 materia
1078 1194 1153 1229 est.
1193 1189 1315 1228 alium

19 1246 71 1284 ad
99 1246 341 1285 cotidianum
371 1256 477 1294 opus
508 1246 714 1284 laboriosa
733 1250 896 1294 egestas
915 1250 1059 1294 vocat,
1089 1245 1210 1284 alium
1233 1257 1315 1284 am-

19 1302 114 1341 bitio
135 1313 354 1351 numquam
377 1302 513 1352 quieta
534 1302 733 1348 sollicitat,
755 1301 860 1340 alius
881 1301 1054 1350 divitias,
1075 1312 1179 1350 quas
1200 1306 1314 1350 opta-

19 1362 142 1405 verat,
163 1358 302 1396 metuit
322 1363 362 1397 et
383 1362 476 1397 voto
501 1357 658 1396 laborat
678 1367 765 1404 suo,
787 1358 909 1396 alium
930 1357 1176 1406 sollicitudo,
1192 1358 1316 1396 alium

19 1413 133 1452 labor
159 1419 339 1462 torquet,
371 1414 490 1452 alium
521 1423 683 1462 semper
706 1413 947 1452 vestibulum
967 1413 1164 1452 obsidens
1184 1414 1315 1453 turba.

19 1468 84 1506 hic
103 1468 251 1508 habere
272 1480 317 1508 se
339 1470 450 1509 dolet
469 1469 631 1514 liberos,
652 1469 718 1508 hic
740 1469 982 1518 perdidisse.
1013 1469 1222 1508 Lacrimae
1242 1480 1313 1507 no—
1331 1474 1355 1507 3

19 1524 81 1562 bis
103 1524 271 1564 deerunt
291 1530 382 1564 ante
399 1536 519 1573 quam
536 1534 685 1564 causae
702 1525 879 1563 dolendi.
899 1526 987 1564 Non
1003 1525 1134 1572 vides,
1154 1526 1314 1574 qualem

21 1579 137 1618 nobis
167 1580 284 1618 vitam
312 1591 446 1620 rerum
474 1586 619 1619 natura
645 1580 895 1630 promiserit,
925 1591 1032 1630 quae
1051 1581 1222 1630 primum
1243 1592 1313 1619 na-

21 1636 216 1675 scentium
245 1636 448 1675 hominum
470 1636 607 1675 fletum
627 1647 722 1676 esse
741 1636 895 1676 voluit?
930 1637 1008 1676 hoc
1031 1636 1215 1686 principo
1233 1637 1314 1676 edi-

20 1703 118 1738 mur,
142 1692 234 1730 huic
254 1691 383 1730 omnis
404 1693 659 1741 sequentium
680 1703 876 1732 annorum
899 1693 1000 1732 ordo
1020 1693 1232 1732 consentit.
1253 1693 1313 1732 sic

21 1747 138 1786 vitam
169 1749 347 1796 agimus,
375 1747 553 1796 ideoque
584 1749 791 1788 moderate
820 1749 861 1787 id
889 1750 976 1788 fieri
998 1749 1119 1788 debet
1136 1761 1162 1788 a
1180 1749 1312 1795 nobis,

21 1804 129 1852 quod
161 1814 285 1852 saepe
314 1804 545 1842 faciendum
573 1809 654 1852 est,
684 1809 724 1843 ει
748 1804 1036 1853 respicientes,
1075 1809 1268 1854 quantum
1290 1817 1314 1843 a

20 1864 133 1908 tergo
161 1870 293 1899 rerum
324 1860 491 1898 tristium
513 1859 721 1908 inmineat,
751 1860 785 1898 si
805 1871 884 1899 non
906 1861 1023 1899 finire
1043 1861 1251 1908 lacrimas,
1273 1866 1314 1900 at

21 1921 127 1953 certe
146 1926 357 1954 reservare
378 1915 587 1954 debemus.
630 1916 734 1955 Nulli
756 1918 1001 1965 parcendum
1022 1921 1085 1955 est
1102 1916 1162 1954 rei
1182 1917 1311 1965 magis

21 1981 142 2019 quam
161 1971 274 2019 huic,
300 1971 415 2010 cuius
437 1976 516 2010 tam
537 1972 729 2021 frequens
748 1983 850 2011 usus
871 1978 946 2012 est.

102 2027 152 2064 V.
182 2027 317 2066 Illud
346 2037 556 2076 quoque
573 2031 620 2066 te
642 2037 735 2066 non
759 2028 1015 2067 minimum
1035 2027 1309 2076 adiuverit,
1330 2027 1348 2062 l

20 2082 63 2120 si
99 2083 416 2130 cogitaveris
450 2083 578 2121 nulli
606 2081 771 2122 minus
798 2089 996 2132 gratum
1025 2084 1310 2123 essedolo—

20 2148 117 2175 rem
146 2143 280 2178 tuum
312 2149 458 2187 quam
489 2139 552 2186 ei,
583 2139 661 2177 cui
692 2135 951 2187 praestari
973 2138 1194 2178 videtur:
1229 2144 1310 2179 tor-

22 2193 136 2242 queri
160 2193 226 2232 ille
250 2199 290 2233 te
318 2200 386 2233 aut
404 2205 483 2233 non
505 2195 589 2233 vult
612 2199 679 2233 aut
699 2205 780 2233 non
800 2195 1003 2243 intellegit.
1044 2196 1153 2234 nulla
1171 2194 1310 2245 itaque

22 2249 109 2287 eius
130 2249 252 2288 officii
270 2250 373 2289 ratio
393 2255 472 2298 est,
494 2250 603 2300 quod
624 2250 672 2297 ei,
695 2250 760 2288 cui
780 2255 1018 2299 praestatur,
1040 2251 1075 2290 si
1094 2250 1191 2290 nihil
1215 2262 1306 2291 sen-

22 2304 86 2351 tit,
106 2315 403 2354 supervacuum
425 2311 507 2353 est,
528 2307 561 2345 si
582 2306 720 2353 sentit,
742 2306 940 2355 ingratum
960 2311 1034 2346 est.
1061 2308 1149 2358 [24]
1178 2307 1307 2347 Nemi·
1325 2309 1347 2342 2

24 2369 114 2398 nem
137 2371 230 2400 esse
251 2366 333 2402 toto
355 2363 452 2402 orbe
475 2368 682 2410 terrarum,
705 2362 773 2411 qui
790 2363 1011 2402 delectetur
1024 2363 1198 2404 lacrim1s
1214 2365 1306 2412 tuis,

1340 1083 1357 1104 -d
