1624 2626
310 137 378 178 DE
397 136 838 186 TRANQUILLITATE
857 136 1019 176 ANIMI.
1039 141 1123 179 7.8.
1276 136 1358 179 183

75 249 214 281 norem
243 238 480 278 damnorum
506 248 602 279 esse
628 237 848 277 materiam.
886 247 998 276 erras
1027 236 1154 290 enim,
1183 237 1218 277 si
1239 243 1358 302 putas

75 295 295 335 animosius
314 295 550 335 detrimenta
576 293 737 333 divites
749 294 873 332 ferre:
893 292 1085 333 maximis
1103 284 1377 344 minimisq‘ue

75 350 314 400 corporibus
347 361 422 400 par
455 355 519 389 est
546 349 665 389 dolor
695 349 888 393 volneris·-
939 349 1042 390 Bion
1077 350 1282 399 eleganter
1306 351 1396 399 ait3

73 417 188 455 „non
220 405 354 446 minus
381 407 595 446 molestum
624 415 718 445 esse
747 404 873 447 calvis
902 416 1022 454 quam
1050 407 1220 445 comatis
1253 406 1359 455 pilos

71 463 212 501 velli.“
262 462 375 501 Idem
413 462 522 502 scias
558 461 654 501 licet
691 461 743 501 dc
782 461 1030 511 pauperibus
1068 462 1359 511 locupletibus·

73 529 178 568 que,
209 529 284 568 par
310 517 389 558 illis
417 528 512 557 esse
550 522 812 558 tormentum:
848 517 1062 567 utriusque
1093 518 1197 556 enim
1235 528 1359 569 pecu-

70 575 137 613 nia
175 585 251 614 sua
289 573 474 614 obhaesit
507 584 584 613 nec
625 574 715 612 sine
750 584 885 627 sensu.
905 574 1045 613 revelli
1083 578 1232 624 potest.
1283 574 1358 614 To-

70 630 272 670 lerabilius
293 635 426 669 autem
447 634 530 678 est,
558 635 603 669 ut
628 629 735 677 dixi,
764 629 1003 679 faciliusque
1031 641 1114 669 non
1142 629 1359 680 adquirere

71 697 192 735 quam
211 687 409 735 amittere,
428 686 605 735 ideoque
625 685 815 725 laetiores
834 685 991 726 videbis
1012 697 1118 735 quos
1138 697 1358 736 numquam

71 743 232 782 fortuna
250 743 453 791 respexit,
484 753 605 791 quain
628 753 732 791 quos
753 742 944 781 deseruit.
983 742 1095 782 Vidit
1112 742 1191 782 hoc
1210 742 1356 791 Dioge·
1373 755 1397 789 4

70 808 164 847 nes,
185 798 247 836 vir
265 798 438 847 ingentis
455 799 594 847 animi,
617 804 656 838 et
674 797 828 846 effecit,
854 808 907 838 ne
928 798 1025 847 quid
1046 798 1123 838 sibi
1143 798 1243 848 eripi
1260 809 1358 848 pos-

70 859 143 893 set.
167 859 210 893 tu
226 855 334 894 istud
351 859 647 903 paupertatem,
664 853 860 902 inopiam,
877 858 1097 902 egestatem
1111 865 1228 904 voca,
1248 854 1359 904 quod

68 911 184 949 voles
226 910 537 959 ignominiosum
576 910 780 949 securitati
813 920 960 950 nomen
994 911 1165 964 inpone=
1207 909 1358 960 putabo

68 965 174 1004 hunc
194 977 275 1006 non
295 976 391 1007 esse
409 966 584 1014 felicem,
606 965 642 1004 si
658 976 778 1015 quem
798 965 892 1004 mihi
905 966 1029 1005 ,alium
1049 966 1271 1015 inveneris,
1294 965 1359 1006 cui

69 1021 167 1061 nihil
189 1027 337 1070 pereat.
377 1027 446 1063 aut
462 1031 537 1070 ego
557 1022 702 1070 fallor,
721 1026 790 1060 aut
808 1031 976 1070 regnum
996 1027 1059 1060 est
1076 1022 1179 1060 inter
1198 1033 1357 1068 avaro&

72 1076 466 1126 circumseri-ptores,
499 1078 699 1124 latrones,
733 1076 955 1126 plagiarios
988 1088 1114 1117 unum
1146 1089 1257 1126 esse,
1292 1078 1358 1117 cui

67 1132 206 1172 noceri
231 1144 312 1172 non
333 1133 477 1182 possit.
516 1132 557 1172 Si
586 1133 678 1181 quis
699 1132 750 1172 de
770 1132 958 1172 felicitate
977 1133 1172 1183 Diogenis
1191 1134 1357 1180 dubitat,
1373 1150 1393 1182 5

67 1193 202 1238 potest
223 1189 330 1228 idem
350 1189 534 1230 dubitare
553 1193 592 1228 et
612 1189 663 1227 de
682 1189 852 1228 deorum
871 1189 1140 1229 inmortalium
1160 1195 1285 1236 statu,
1307 1201 1358 1228 an

67 1255 212 1293 parum
242 1244 361 1284 beate
393 1245 563 1294 degant,
599 1245 712 1294 quod
743 1245 822 1284 illis
851 1254 926 1284 nec
954 1246 1122 1295 praedia
1149 1256 1224 1285 nec
1252 1244 1358 1286 horti

69 1300 148 1339 sint
176 1310 252 1340 nec
279 1301 411 1341 alieno
439 1301 584 1340 colono
613 1311 708 1339 rura
728 1302 910 1350 pretiosa
928 1312 1004 1340 nec
1025 1301 1180 1350 grande
1207 1302 1247 1340 in
1268 1302 1356 1340 soro

69 1356 200 1396 fenus.
237 1367 319 1396 non
339 1361 378 1395 te
399 1356 542 1405 pudet,
563 1356 752 1405 quisquis
772 1356 922 1395 divitiis
942 1356 1169 1406 adstupes?
1195 1357 1358 1406 respice

69 1411 241 1460 agedum
261 1413 474 1451 mundum=
496 1411 807 1456 nudosvidebis
828 1413 930 1452 deos
943 1443 954 1461 ‚
975 1414 1109 1452 omnia
1129 1414 1280 1454 dantes>
1297 1412 1355 1452 ni-

69 1466 125 1506 hil
143 1466 351 1507 habentes.
389 1468 505 1507 Hunc
523 1474 566 1508 tu
585 1478 807 1517 pauperem
827 1473 946 1517 putas
967 1480 1017 1508 an
1039 1470 1103 1508 dis
1126 1469 1355 1508 immortali-

70 1522 147 1560 bus
168 1523 362 1571 similem,
386 1524 454 1572 qui
474 1534 518 1562 se
539 1524 710 1565 fortuitis
731 1524 918 1564 omnibus
939 1525 1076 1564 exuit?
1119 1525 1356 1564 Feliciorem
1372 1533 1394 1568 5

70 1583 113 1616 tu
133 1578 375 1618 Demetrium
392 1578 679 1628 Pompeianum
703 1590 852 1627 vocas,
883 1591 1004 1630 quem
1032 1592 1113 1620 non
1136 1581 1279 1630 puduit
1298 1581 1356 1619 lo·

71 1634 333 1682 cupietiorem
360 1645 454 1673 esse
481 1634 701 1684 Pompeio?
738 1646 929 1680 numerus
957 1637 1013 1676 illi
1041 1637 1188 1676 cotidie
1215 1647 1354 1676 servo·

70 1699 158 1728 rum
185 1691 295 1729 velut
320 1690 552 1739 imperatori
572 1691 772 1731 exercitus
791 1692 1060 1740 referebatur,
1091 1694 1155 1732 cui
1182 1692 1261 1735 iam
1281 1693 1354 1732 du—

71 1745 164 1784 dum
187 1744 351 1784 divitiae
379 1756 472 1784 esse
501 1746 723 1787 debuerant
749 1748 830 1786 duo
857 1747 998 1787 vicarii
1025 1754 1065 1789 et
1091 1750 1192 1787 cella
1212 1749 1353 1787 laxior.

69 1802 124 1840 At
141 1801 312 1850 Diogeni
340 1812 485 1840 servus
512 1801 655 1842 unicus
685 1803 785 1853 fugit
803 1813 878 1855 nec
897 1814 989 1843 eum
1006 1805 1231 1851 reducere,
1265 1815 1354 1843 cum
1370 1808 1391 1844 7

71 1862 380 1906 monstraretur,
409 1857 504 1897 tanti
534 1859 700 1907 putavit.
736 1860 903 1908 „Turpe
923 1865 1004 1908 est,
1034 1860 1181 1909 inquit,
1208 1860 1352 1901 Manen

72 1912 373 1962 sine·Diogene
407 1923 532 1962 posse
564 1913 722 1962 vivere,
752 1915 960 1964 Diogenen
995 1915 1083 1955 sine
1120 1916 1240 1954 Mane
1273 1926 1352 1956 non

75 1978 214 2016 posse
217 1972 242 1990 ‘⁴
294 1969 467 2008 Videtur
500 1969 592 2007 mihi
627 1969 803 2011 dixisse:
849 1981 961 2020 „age
993 1977 1104 2011 tuum
1139 1971 1353 2020 negotium,

72 2025 244 2063 fortuna.
273 2025 370 2064 nihil
390 2025 496 2074 apud
514 2025 720 2074 Diogenen
742 2026 820 2065 iam
842 2026 900 2067 tui
920 2032 994 2066 est.
1020 2027 1138 2075 Fugit
1156 2027 1251 2067 mihi
1269 2038 1353 2068 ser·

71 2084 179 2118 vus⁹
205 2080 325 2120 immo
348 2080 449 2120 liber
469 2081 576 2120 abiit
580 2085 604 2102 “
636 2081 802 2122 Familia
823 2083 922 2132 petit
938 2083 1168 2122 vestiarium
1188 2081 1350 2124 victum
1367 2085 1390 2119 8

74 2146 167 2184 que.
204 2140 264 2176 tot
290 2142 451 2177 ventres
479 2136 803 2177 avidissimorum
834 2139 1063 2177 animalium
1089 2138 1224 2179 tuendi
1245 2145 1350 2180 sunt.

72 2191 243 2231 emenda
269 2193 395 2232 vestis
424 2198 464 2232 et
493 2193 783 2233 custodiendae
808 2194 1098 2242 rapacissimae
1133 2205 1275 2235 manus
1313 2200 1353 2235 et

73 2244 255 2287 flentium
283 2248 650 2298 detestantiumque
680 2248 911 2292 ministeriis
947 2250 1154 2292 utendum.
1201 2256 1350 2300 quanto

74 2300 140 2342 ille
153 2303 332 2353 felicior,
353 2304 422 2354 qui
441 2305 538 2345 nihil
558 2305 627 2345 ulli
647 2305 785 2355 debet,
805 2305 883 2345 nisi
904 2305 1014 2355 quod
1029 2307 1213 2346 facillime
1233 2313 1352 2357 negat
