1592 2580
304 154 372 194 DE
398 152 680 195 BENEFICIIS
703 151 800 192 LIB.
818 151 906 192 VH.
935 158 1039 193 10-
1052 155 1110 193 14.
1287 148 1368 192 143

75 259 241 299 dedisse
265 256 421 296 videor.
463 254 670 304 Quaedam
698 253 962 303 quorumdam
991 252 1068 292 sub
1098 257 1207 292 certa
1226 251 1367 292 condi·

74 315 192 354 cione
211 317 324 352 sunt:
352 311 483 351 habeo
503 311 544 351 in
564 310 821 359 equestribus
843 311 996 358 locum,
1017 320 1099 348 non
1118 314 1162 348 ut
1179 310 1367 357 vendam,

73 382 155 411 non
173 374 217 409 ut
234 370 384 417 locem,
403 379 485 408 non
504 372 548 406 ut
565 367 760 413 habitem,
782 365 824 404 in
843 365 922 406 hoc
941 370 1092 405 tantum
1111 369 1153 404 ut
1170 370 1365 415 spectem.

73 427 283 465 Praeterea
302 435 384 465 non
402 424 594 471 mentior,
614 422 649 460 si
670 422 762 461 dico
785 432 850 460 me
868 421 1019 460 habere
1040 422 1079 460 in
1102 420 1362 470 equestribus
1382 431 1407 466 4

75 483 219 521 locum.
257 481 333 520 sed
360 490 450 519 cum
478 480 518 519 in
547 479 746 518 theatrum
775 477 888 525 veni,
919 477 955 515 si
985 478 1105 526 plena
1125 482 1220 517 sunt
1240 487 1363 527 eque-

74 538 171 577 stria
193 542 233 577 et
251 536 338 576 iure
359 535 492 575 habeo
512 535 646 574 locum
670 534 772 582 illic,
794 532 890 583 quia
909 532 1054 572 sedere
1077 532 1173 571 mihi
1193 533 1305 581 licet,
1326 538 1367 573 et

72 605 154 633 non
179 592 333 641 habeo,
364 592 460 641 quia
492 591 541 630 ab
561 590 646 638 hiS,
672 600 764 629 cum
785 589 932 638 quibus
951 589 1047 627 mihi
1067 589 1131 628 ius
1154 589 1234 628 loci
1255 599 1364 628 com-

72 659 191 688 mune
218 653 300 697 est,
327 652 550 697 occupatus
579 651 654 686 est.
697 645 808 684 Idem
836 646 940 684 inter
961 645 1115 684 amicos
1138 649 1237 694 puta
1255 645 1363 684 fieri:

74 704 268 755 quicquid
295 704 417 743 habet
446 703 620 751 amicus,
657 711 872 741 commune
899 705 963 740 est
987 701 1125 747 nobis,
1155 701 1230 740 sed
1256 700 1363 740 illius
1383 713 1407 748 5

73 761 283 811 proprium
305 764 391 808 est,
413 758 483 808 qui
501 762 622 798 tenet.
652 756 711 796 uti
730 755 793 796 his
809 757 877 796 illo
898 757 1060 796 nolente
1075 767 1157 796 non
1177 767 1362 806 possum.

73 816 268 865 „Derides
284 826 368 863 me,
390 814 545 864 inquis:
567 814 602 853 si
619 813 728 862 quod
747 813 865 852 amici
885 817 966 861 est,
986 823 1117 852 meum
1136 817 1218 861 est,
1245 813 1365 852 liceat

73 871 169 911 mihi
195 872 413 911 vendere.“
455 871 541 910 Non
564 871 674 909 licet:
703 879 796 908 nam
818 878 893 907 nec
913 868 1136 918 equestria,
1167 873 1207 908 et
1229 873 1363 908 tamen

74 927 300 968 communia
325 926 396 966 tibi
423 937 515 966 cum
541 925 685 965 ceteris
713 924 916 974 equitibus
949 929 1054 964 sunt.
1099 924 1188 964 Non
1217 930 1280 964 est
1299 935 1359 963 ar·
1382 936 1406 973 5

72 989 303 1033 gumentum
322 983 415 1022 ideo
436 981 588 1031 aliquid
605 987 715 1021 tuum
735 992 818 1020 non
834 991 948 1028 esse,
969 980 1064 1029 quia
1082 980 1259 1020 vendere
1281 991 1363 1020 non

74 1044 211 1089 potes,
235 1038 331 1089 quia
353 1047 612 1086 consumere,
634 1037 729 1086 quia
755 1042 910 1075 mutare
928 1035 968 1074 in
989 1036 1167 1075 deterius
1189 1041 1258 1076 aut
1279 1048 1362 1077 me-

73 1097 163 1135 lius.
205 1100 316 1135 tuum
337 1095 440 1133 enim
465 1098 528 1132 est
549 1093 667 1132 etiarn
689 1092 800 1142 quod
819 1091 895 1131 sub
917 1092 1008 1141 lege
1028 1097 1136 1132 certa
1154 1097 1265 1131 tuum
1287 1097 1363 1132 est.

154 1151 257 1190 XIII.
286 1150 379 1177 ***
406 1149 566 1198 accepi,
600 1149 675 1188 sed
706 1153 812 1187 certe
838 1158 919 1186 non
947 1147 1091 1187 minus.
1130 1148 1189 1187 Ne
1207 1148 1362 1187 traham

72 1207 253 1256 longius,
284 1204 601 1245 beneficium
628 1203 790 1243 maius
812 1213 931 1242 esse
951 1214 1049 1242 non
1071 1208 1270 1253 potest=
1301 1215 1361 1253 ea,

72 1274 147 1312 per
163 1273 267 1311 quae
283 1259 523 1301 beneficium
539 1261 655 1299 datur
667 1290 678 1308 ,
694 1264 869 1309 possunt
888 1269 982 1298 esse
1002 1260 1156 1299 maiora
1177 1266 1216 1299 et
1231 1262 1361 1310 plura,

73 1320 111 1357 in
137 1328 243 1367 quae
271 1328 318 1356 se
343 1318 516 1365 undique
542 1315 823 1355 benevolentia
850 1314 1030 1354 effundat
1060 1321 1100 1355 et
1117 1315 1178 1355 sic
1199 1315 1275 1355 sibi
1299 1316 1359 1355 in-

74 1374 255 1422 dulgeat,
296 1372 633 1423 quemadmodum
659 1375 840 1410 amantes
870 1371 1021 1418 solent,
1049 1382 1220 1420 quorum
1245 1373 1363 1422 plura

76 1430 216 1468 oscula
242 1433 282 1468 et
309 1429 533 1478 conplexus
567 1427 736 1467 artiores
764 1437 846 1466 non
874 1431 1022 1476 augent
1051 1438 1252 1476 amorem,
1285 1428 1362 1467 sed

77 1488 278 1523 exercent.

156 1539 261 1578 XIV.
290 1539 401 1578 Haec
429 1549 616 1588 quoque,
645 1549 751 1588 quae
776 1537 904 1585 venit,
941 1538 1124 1587 quaestio
1148 1538 1361 1588 profligata
1381 1544 1400 1578 l

76 1601 138 1634 est
163 1595 202 1633 in
231 1594 451 1644 prioribus:
483 1595 619 1644 itaque
646 1593 822 1633 breviter
849 1595 1149 1643 perstringetur.
1186 1600 1363 1644 possunt

76 1650 181 1689 enim
214 1651 253 1689 in
283 1651 388 1689 hanc
415 1661 518 1700 quae
539 1651 628 1689 aliis
656 1650 751 1689 data
769 1656 863 1689 sunt
885 1656 1118 1699 argumenta
1139 1651 1361 1690 transferri.

77 1706 378 1755 Quaeritur,
408 1717 467 1744 an
496 1707 580 1755 qui
609 1706 774 1745 omnia
800 1706 945 1754 iecit,
974 1711 1024 1745 ut
1050 1705 1361 1746 beneficium

75 1763 338 1810 redderet,
367 1761 672 1800 reddiderit.
710 1761 795 1809 „Ut
821 1763 949 1809 scias,
976 1762 1122 1811 inquit,
1147 1762 1257 1801 illum
1279 1767 1400 1801 non2

74 1818 322 1857 reddidisse:
352 1817 486 1857 omnia
512 1817 624 1864 fecit,
662 1821 704 1856 ut
730 1817 930 1856 redderet.
972 1818 1141 1867 adparet
1160 1827 1257 1866 ergo
1278 1829 1361 1857 non

79 1883 174 1912 esse
197 1874 237 1912 id
258 1874 423 1921 factum,
446 1873 559 1912 cuius
580 1872 752 1911 faciendi
771 1884 850 1912 non
867 1883 961 1912 esse
981 1873 1156 1924 [**aut]
1179 1873 1361 1913 occasio-

75 1939 166 1968 nem
184 1940 265 1968 non
283 1929 431 1968 habuit.
461 1929 510 1967 Et
530 1928 715 1967 creditori
736 1939 811 1968 suo
833 1929 1044 1977 pecuniam
1065 1940 1146 1967 non
1171 1929 1293 1968 solvit
1313 1930 1361 1976 is,

77 1985 145 2034 qui
164 1990 207 2024 ut
225 1986 420 2030 solveret,
441 1984 593 2033 ubique
613 1984 812 2033 quaesivit
833 1995 908 2023 nec
929 1985 1119 2023 invenit.“
1156 1985 1360 2033 Quaedam
1375 1989 1399 2023 3

77 2040 166 2080 eius
199 2040 450 2079 condicionis
485 2044 596 2086 sunt,
632 2043 676 2078 ut
706 2039 894 2078 effectum
929 2045 1135 2089 praestare
1168 2040 1359 2080 debeant=

78 2096 316 2145 quibusdam
336 2107 410 2145 pro
427 2095 572 2134 effectu
588 2100 651 2134 est
670 2095 803 2134 omnia
817 2100 1056 2145 temptasse,
1076 2100 1120 2134 ut
1141 2096 1361 2136 efficerent.

77 2151 120 2190 Si
146 2152 278 2191 omnia
304 2152 399 2191 feeit
425 2156 469 2191 ut
495 2154 674 2198 sanaret,
702 2151 858 2200 peregit
885 2152 1066 2190 medicus
1092 2157 1227 2199 partes
1249 2163 1360 2192 suas.

75 2208 194 2246 etiam
221 2207 407 2247 damnato
433 2217 505 2246 reo
540 2205 688 2245 oratori
721 2212 880 2246 constat
896 2207 1150 2255 eloquentiae
1170 2207 1359 2255 officium,

77 2263 112 2301 si
131 2263 237 2302 omni
259 2263 365 2311 iure,
390 2263 424 2302 si
446 2262 553 2302 omni
572 2264 611 2301 vi
629 2273 728 2301 usus
747 2267 822 2301 est.
858 2263 946 2301 laus
966 2261 1222 2310 imperatoria
1241 2263 1361 2302 etiam

75 2319 182 2357 victo
210 2319 303 2357 duci
329 2318 530 2366 redditur,
559 2318 594 2356 si
625 2322 663 2356 et
682 2318 894 2365 prudentia
914 2323 952 2356 et
977 2317 1172 2357 industria
1191 2323 1230 2358 et
1250 2319 1359 2358 forti-

76 2373 174 2413 tudo
202 2374 432 2414 muneribus
458 2374 544 2414 suis
573 2375 708 2413 functa
727 2378 802 2414 est.
845 2373 985 2413 Omnia
1006 2374 1117 2423 fecit,
1145 2377 1189 2414 ut
1205 2374 1357 2414 benefi-
1375 2380 1398 2415 4
