1624 2626
302 203 381 245 174
540 206 584 244 L.
612 205 800 245 ANNAEI
826 204 1049 245 SENECAE
1076 206 1205 245 DIAL.
1233 206 1297 245 IX.

302 305 353 344 de
382 315 461 353 quo
492 315 648 353 queror,
681 304 908 354 exprimam,
937 315 1016 344 non
1041 309 1273 353 tempestate
1300 314 1442 352 vexor,
1480 305 1553 343 sed

302 360 464 398 nausia·
494 359 655 398 detrahe
674 370 780 408 ergo,
803 358 990 407 quicquid
1009 358 1085 398 hoc
1106 364 1168 399 est
1185 360 1287 408 mali,
1309 363 1348 398 et
1367 369 1553 398 succurre

301 414 341 452 in
361 419 579 462 conspectu
597 419 785 452 terrarum
804 413 1008 452 laboranti.

264 476 284 509 1
380 468 428 506 ΙΙ.
458 471 647 515 [SENECA]
690 468 842 515 Quaero
870 468 1114 507 mehercules
1139 467 1214 526 iam
1243 438 1409 514 dudum,
1438 467 1551 506 Sere

300 532 362 570 ne,
385 522 473 570 ipse
491 523 645 584 tacitus,
665 523 728 560 cui
746 523 861 560 talem
881 522 1074 560 adfectum
1087 522 1204 560 animi
1207 516 1387 560 similem
1407 527 1551 570 putem,

298 587 373 614 nec
392 577 460 615 ulli
487 577 653 625 propius
683 576 922 615 admoverim
945 577 1128 624 exemplo
1158 586 1275 624 quam
1302 586 1456 623 eorum,
1484 576 1554 624 qui

299 641 350 668 ex
368 632 488 678 longa
508 635 545 669 et
563 631 673 679 gravi
690 630 903 669 valitudine
922 630 1093 678 expliciti
1111 629 1361 668 motiunculis
1381 630 1552 668 levibus-

299 695 378 733 que
395 685 548 723 interim
569 685 731 724 offensis
750 684 1064 732 perstringuntur
1086 689 1124 723 et
1143 695 1231 723 cum
1249 684 1436 732 reliquias
1456 684 1553 722 effu—

298 744 450 787 gerunt,
479 739 770 788 suspicionibus
789 743 917 777 tamen
936 738 1198 787 inquietantur
1214 738 1458 787 medicisque
1477 739 1552 776 iam

300 794 386 831 sani
413 805 571 832 manum
597 794 802 842 porrigunt
835 798 874 831 et
901 803 1053 831 omnem
1079 794 1249 832 calorem
1277 793 1456 841 corporis
1492 793 1553 830 sui

300 848 592 886 calumniantur.
629 847 781 895 horum,
802 847 962 895 Serene,
981 859 1059 886 non
1079 858 1216 896 parum
1233 857 1370 885 sanum
1389 851 1449 885 est
1468 857 1551 885 cor-

298 912 388 950 pus,
410 902 482 940 sed
499 901 655 941 sanitati
670 913 807 950 parum
826 903 1026 940 adsuevit:
1048 903 1149 940 sicut
1163 906 1224 940 est
1239 901 1395 949 quidam
1409 907 1554 940 tremor

299 956 415 995 etiam
434 956 631 1004 tranquilli
648 956 778 1003 maris,
805 959 941 1004 utique
965 957 1117 1003 [lacus,]
1141 966 1227 994 cum
1246 966 1294 993 ex
1322 959 1554 1004 tempestate

259 1018 281 1051 2
298 1011 503 1058 requievit.
526 1010 635 1058 Opus
651 1015 712 1049 est
729 1011 862 1058 itaque
877 1021 955 1049 non
976 1011 1051 1048 illis
1068 1010 1301 1057 durioribus,
1324 1020 1424 1058 quae
1438 1010 1554 1048 etiam

298 1064 664 1111 transcucurrimus,
692 1069 735 1102 ut
752 1065 894 1102 alicubi
920 1065 1053 1102 obstes
1081 1065 1160 1110 tibi,
1188 1064 1329 1102 alicubi
1357 1062 1553 1110 irascaris,
1595 1098 1601 1107 ,

299 1118 442 1156 alicubi
469 1118 592 1157 instes
619 1118 770 1166 gravis=
798 1119 871 1156 sed
896 1118 1002 1165 illud,
1030 1119 1136 1166 quod
1162 1118 1337 1156 ultimum
1363 1118 1480 1163 venit,
1511 1122 1555 1155 ut

299 1172 419 1210 fidem
438 1172 506 1210 tibi
525 1173 672 1211 habeas
693 1177 731 1211 et
751 1177 859 1210 recta
878 1173 933 1209 ire
952 1177 990 1210 te
1006 1171 1068 1210 via
1084 1172 1235 1219 credas,
1255 1172 1347 1210 nihil
1364 1176 1552 1210 avocatus

298 1227 536 1265 transversis
551 1228 758 1265 multorum
774 1226 946 1274 vestigiis
962 1227 1111 1274 passim
1126 1226 1435 1272 discurrentium,
1455 1235 1552 1274 quo-

258 1287 280 1322 3
300 1281 479 1319 rumdam
495 1282 598 1319 circa
616 1281 743 1329 ipsam
762 1281 970 1319 errantium
990 1280 1104 1319 viam.
1132 1281 1242 1327 Quod
1263 1280 1466 1318 desideras
1483 1290 1552 1318 au-

300 1340 389 1382 tem,
405 1345 587 1382 magnum
606 1340 643 1373 et
669 1346 861 1373 summum
881 1339 941 1372 est
965 1335 1121 1382 deoque
1145 1335 1325 1380 vicinum,
1353 1344 1432 1371 non
1459 1343 1552 1371 con-

302 1390 392 1428 cuti.
412 1389 514 1427 hanc
533 1389 710 1428 stabilem
726 1389 842 1427 animi
862 1389 997 1427 sedem
1008 1389 1144 1426 Graeci
1166 1382 1380 1438 εὐθυμίαν
1397 1392 1550 1434 vocant,

301 1445 352 1482 de
376 1455 453 1492 qua
471 1443 681 1483 Democriti
699 1445 880 1482 volumen
898 1443 1097 1491 egregium
1116 1448 1187 1481 est.
1209 1453 1282 1490 ego
1302 1447 1409 1480 tran
1422 1454 1445 1490 q
1457 1442 1553 1480 uil-

300 1498 493 1536 litatem
510 1509 626 1537 voco.
663 1508 736 1536 nec
763 1498 866 1535 enim
890 1497 1028 1535 imitari
1055 1502 1093 1535 et
1116 1498 1325 1535 transferre
1352 1497 1473 1534 verba
1501 1493 1553 1534 ad

300 1553 452 1591 illorum
474 1553 638 1591 formam
656 1562 822 1591 necesse
841 1555 918 1590 est=
945 1561 1010 1590 res
1030 1550 1128 1599 ipsa,
1150 1552 1198 1589 de
1223 1562 1301 1598 qua
1320 1552 1455 1598 agitur,
1484 1550 1551 1588 ali-

302 1617 381 1654 quo
403 1607 595 1654 signanda
608 1607 764 1645 nomine
784 1611 854 1653 est,
877 1606 983 1654 quod
998 1606 1269 1653 adpellationis
1287 1606 1458 1643 Graecae
1473 1604 1551 1643 vim

261 1662 283 1695 4
303 1661 419 1699 debet
445 1661 607 1707 habere,
643 1672 722 1700 non
749 1660 900 1698 faciem.
942 1660 1046 1707 Ergo
1074 1659 1316 1707 quaerimus,
1350 1659 1549 1707 quomodo

301 1715 452 1754 animus
474 1724 631 1763 semper
652 1715 828 1762 aequalis
848 1714 1102 1762 secundoque
1118 1724 1235 1752 cursu
1253 1718 1317 1752 eat
1342 1713 1549 1762 propitius-

303 1780 382 1817 que
401 1769 476 1808 sibi
505 1770 555 1807 sit
581 1774 619 1808 et
641 1780 712 1808 sua
730 1771 854 1807 laetus
881 1769 1075 1817 adspiciat
1101 1772 1139 1806 et
1164 1768 1239 1807 hoc
1262 1768 1445 1815 gaudium
1471 1778 1550 1805 non

301 1824 565 1872 interrumpat,
594 1824 666 1862 sed
694 1824 849 1871 placido
876 1828 978 1861 statu
1003 1823 1157 1861 maneat
1188 1832 1261 1860 nec
1287 1821 1479 1859 adtollens
1505 1832 1550 1859 se

301 1889 488 1926 umquam
513 1888 586 1916 nec
605 1878 850 1926 deprimens=
881 1877 1282 1926 idtranquilli'tas
1309 1876 1391 1917 erit.
1430 1887 1550 1924 quo-

302 1933 447 1972 modo
469 1932 527 1971 ad
549 1932 675 1971 hanc
704 1932 963 1980 perveniri
986 1931 1159 1980 possit,
1188 1930 1234 1968 in
1261 1930 1551 1968 universum

303 1997 618 2033 quaeramus:
656 1996 787 2025 sumes
823 1991 865 2025 tu
897 1997 947 2024 ex
973 1986 1130 2034 publico
1155 1984 1329 2023 remedio
1363 1989 1550 2032 quantum

260 2051 282 2082 5
302 2042 426 2079 voles.
464 2042 634 2080 Totum
653 2041 851 2079 interim
871 2041 1043 2079 vitium
1063 2040 1109 2078 in
1128 2037 1334 2077 medium
1355 2043 1549 2087 protra-

249 2134 252 2138 ,
302 2094 515 2133 hendum
537 2100 634 2143 est,
669 2106 719 2134 ex
746 2105 824 2144 quo
851 2099 1040 2143 agnoscet
1061 2093 1228 2142 quisque
1256 2098 1405 2140 partem
1425 2103 1549 2131 suam.

303 2147 418 2187 simul
439 2154 481 2187 tu
500 2150 715 2199 intelleges,
744 2155 887 2198 quanto
908 2150 1035 2187 minus
1057 2147 1199 2196 negotii
1218 2147 1366 2186 habeas
1385 2157 1472 2185 cum
1492 2147 1547 2184 fa-

304 2203 420 2241 stidio
438 2203 494 2242 tui
513 2215 629 2252 quam
646 2205 697 2251 hi,
719 2215 819 2253 quos
839 2204 889 2242 ad
908 2202 1194 2252 professionem
1211 2200 1435 2249 speciosam
1453 2200 1547 2238 adli—

304 2261 417 2305 gatos
437 2261 475 2296 et
494 2259 566 2296 sub
594 2258 741 2307 ingenti
766 2259 877 2298 titulo
906 2256 1116 2297 laborantis
1140 2256 1179 2294 in
1210 2266 1282 2294 sua
1306 2255 1549 2294 simulatione

264 2317 285 2351 6
303 2311 431 2361 pudor
447 2311 572 2362 magis
596 2324 714 2362 quam
736 2314 916 2354 voluntas
936 2317 1050 2353 tenet.
1079 2309 1221 2350 Omnes
1241 2310 1280 2349 in
1301 2309 1438 2349 eadem
1456 2319 1544 2348 cau-
