1592 2580
293 154 373 195 294
381 120 394 131 ι
658 155 702 193 L.
731 154 920 194 ANNAEI
949 154 1171 196 SENECAE

294 252 476 292 aedificia
517 252 670 301 angulis
709 253 879 293 vidimus
913 255 1062 294 moveri
1095 255 1314 304 iterumque
1359 258 1542 306 conponi.

295 308 490 356 quaedam
510 317 604 346 vero
626 318 763 356 parum
781 313 912 356 aptata
931 309 1063 357 positu
1081 320 1155 350 suo
1174 316 1212 350 et
1229 322 1253 350 a
1272 310 1393 350 fabris
1412 314 1541 360 negle-

294 362 449 410 gentius
478 362 726 410 solutiusque
752 361 960 411 conposita
984 368 1112 402 terrae
1137 371 1265 405 motus
1289 366 1448 414 saepius
1464 366 1543 414 agi-

258 421 279 453 5
295 420 373 455 tata
399 417 595 464 eonpegit.
643 416 756 464 Quod
784 416 819 455 si
845 421 949 456 totos
978 418 1147 465 parietes
1167 424 1204 458 et
1224 424 1325 459 totas
1344 420 1455 459 findit
1474 421 1544 459 do—

295 480 381 508 mos
401 475 440 509 et
457 471 579 509 latera
597 481 825 519 magnarum
840 472 1020 518 turrium,
1042 483 1121 520 qua
1136 474 1263 511 solida
1278 479 1384 522 sunt,
1403 475 1546 513 scindit

294 529 333 563 et
359 525 459 573 pilas
487 525 675 573 operibus
695 525 872 564 subditas
891 526 1076 575 dissipat:
1104 528 1196 575 quid
1217 532 1278 566 est
1297 539 1418 576 quare
1437 528 1544 577 quis-

296 590 412 627 quam
441 579 599 627 dignum
627 580 804 618 adnotari
831 584 959 628 putet,
990 585 1135 620 sectam
1155 592 1246 621 esse
1265 583 1477 631 aequaliter
1495 583 1545 622 ab

294 634 372 672 imo
391 633 442 671 ad
461 639 577 682 eaput
595 633 634 672 in
655 639 786 682 partes
808 635 907 673 duas
926 639 1118 674 statuam?

258 694 275 727 1
373 688 507 726 XXXI.
546 688 702 735 Quare
736 693 894 727 tamen
928 700 1013 737 per
1048 691 1214 738 plures
1242 689 1351 730 dies
1385 695 1545 730 motus

294 741 420 781 suit?
455 754 534 781 non
563 742 679 781 desiit
704 743 806 781 enim
833 743 1000 782 adsidue
1025 748 1190 783 tremere
1211 745 1439 793 Campania,
1469 746 1546 784 cle-

293 797 462 836 mentius
491 797 668 846 quidem,
704 797 777 836 sed
802 798 949 845 ingenti
975 798 1137 846 damno,
1165 799 1259 846 quia
1285 810 1432 848 quassa
1451 811 1546 848 qua-

292 851 432 899 tiebat,
462 852 604 900 quibus
632 851 931 891 ad··eadendum
959 854 1060 891 male
1080 854 1270 892 stantibus
1289 864 1368 892 non
1388 859 1471 893 erat
1488 854 1546 892 in-

294 906 406 954 pelli,
438 906 510 945 sed
529 906 686 954 agitari:
715 907 890 945 nondum
911 907 1094 947 videlicet
1113 907 1274 956 spiritus
1295 909 1420 947 omnis
1441 909 1546 947 exie-

292 965 370 1007 rat,
398 961 471 999 sed
493 961 622 999 adhuc
641 961 788 999 emissa
806 962 866 1000 sui
887 966 995 1010 parte
1015 961 1163 1001 maiore
1182 962 1400 1002 oberrabat.
1444 962 1548 1001 Inter

293 1020 538 1062 argumenta,
573 1015 715 1063 quibus
743 1016 931 1064 probatur
961 1015 1100 1064 spiritu
1131 1017 1206 1055 ista
1238 1017 1342 1065 fieri,
1378 1027 1457 1056 non
1487 1022 1548 1057 est

256 1079 278 1111 2
295 1069 403 1117 quod
422 1070 577 1108 dubites
598 1075 636 1108 et
653 1069 728 1108 hoe
743 1080 903 1118 ponere.
944 1070 1037 1109 Cum
1053 1071 1246 1110 maximus
1262 1072 1388 1111 editus
1406 1077 1548 1111 tremor

294 1129 372 1169 est,
411 1135 489 1171 quo
517 1124 556 1162 in
582 1125 702 1162 urbes
733 1129 939 1173 terrasque
972 1126 1162 1164 saevitum
1190 1131 1268 1173 est,
1306 1137 1385 1165 non
1415 1130 1548 1175 potest

293 1187 368 1225 par
391 1177 445 1215 illi
473 1177 664 1225 subsequi
691 1178 811 1226 alius,
843 1179 914 1216 sed
943 1184 1036 1227 post
1058 1180 1268 1218 maximum
1287 1181 1398 1220 lenes
1416 1187 1546 1220 motus

293 1236 404 1279 sunt,
442 1232 535 1280 quia
567 1232 643 1269 iam
674 1232 941 1271 vehementior
973 1234 1119 1272 exitum
1149 1235 1277 1273 ventis
1309 1235 1546 1274 luctantibus

293 1285 398 1324 feeit.
433 1285 624 1333 reliquiae
644 1286 786 1325 deinde
809 1286 958 1325 residui
977 1288 1136 1336 spiritus
1157 1299 1235 1327 non
1255 1289 1356 1328 idem
1377 1294 1547 1337 possunt

292 1350 366 1378 nec
394 1350 528 1388 pugna
552 1341 628 1378 illis
655 1351 757 1388 opus
780 1345 859 1388 est,
895 1351 983 1379 cum
1012 1342 1087 1380 iam
1113 1342 1216 1380 viam
1243 1343 1462 1383 invenerint
1482 1354 1544 1382 se-

294 1400 543 1443 quanturque
562 1405 629 1442 ea,
659 1406 737 1443 qua
758 1395 881 1443 prima
898 1395 960 1434 vis
979 1406 1026 1435 ac
1044 1396 1214 1435 maxima
1233 1398 1370 1436 evasit.

256 1457 278 1491 3
371 1449 473 1488 Hoc
493 1459 690 1497 quoque
709 1449 907 1497 dignum
934 1452 1168 1489 memoria
1194 1451 1362 1491 iudico
1391 1451 1440 1491 ab
1457 1461 1545 1491 eru-

293 1503 486 1542 ditissimo
513 1508 551 1542 et
575 1503 810 1551 gravissimo
836 1503 921 1542 viro
942 1504 1159 1553 cognitum:
1188 1506 1287 1545 sorte
1307 1507 1426 1553 enim,
1457 1515 1546 1547 cum

291 1557 370 1596 hoc
399 1558 548 1604 evenit,
585 1558 800 1597 lavabatur.
836 1558 986 1597 vidisse
1015 1570 1061 1598 se
1087 1560 1266 1600 adfirmat
1293 1561 1339 1599 in
1366 1561 1544 1600 balneo

290 1613 558 1659 tessellas‚
580 1613 759 1661 quibus
780 1615 938 1652 solum
957 1619 1065 1653 erat
1083 1619 1308 1662 stratum,
1338 1616 1545 1655 alteram

292 1667 349 1704 ab
370 1668 526 1705 altera
549 1666 779 1716 separari
797 1668 1076 1717 iterumque
1096 1668 1332 1708 committi
1352 1674 1544 1718 etaquam

291 1721 410 1760 modo
429 1720 610 1769 recipi‘in
633 1721 912 1761 commissuras
932 1724 1155 1771 pavimento
1174 1724 1406 1775 recedente,
1425 1725 1543 1763 modo

291 1785 511 1823 conpresso
540 1776 702 1814 ebullire
729 1780 769 1814 et
793 1777 896 1816 elidi.
947 1778 1135 1817 Eumdem
1165 1777 1297 1817 audivi
1323 1783 1544 1818 narrantem

289 1830 442 1868 vidisse
474 1840 520 1869 se
560 1831 796 1869 materias
840 1831 1042 1871 mollius
1080 1832 1410 1883 crebriusque
1445 1837 1542 1872 tre·

290 1894 421 1922 mere
447 1895 586 1932 quam
616 1890 796 1924 natura
825 1886 933 1925 duri
962 1883 1094 1925 sinit.

250 1947 269 1979 1
369 1938 521 1977 XXXII.
560 1939 709 1987 Haec,
748 1940 868 1978 Lucili
899 1941 1072 1980 virorum
1105 1940 1270 1990 optime,
1313 1945 1542 1990 quantum

290 1993 348 2031 ad
386 2002 569 2032 causas
604 1993 764 2055 ipsas·
802 1995 889 2033 illa
923 2006 1070 2043 nunc,
1107 2007 1231 2045 quae
1267 1996 1325 2034 ad
1355 1996 1540 2034 confir-

288 2047 552 2086 mationem
580 2047 851 2087 animorum
882 2051 1154 2099 pertinent,
1162 2061 1292 2119 quos
1323 2051 1447 2099 magis
1479 2061 1542 2089 re-

290 2102 365 2140 fert
378 2106 516 2140 nostra
532 2102 714 2141 fortiores
730 2103 813 2142 fieri
829 2115 944 2152 quam
961 2095 1187 2144 doctiores.
1193 2105 1264 2144 sed
1278 2105 1438 2143 alterum
1455 2105 1542 2144 sine

290 2156 411 2195 altero
433 2166 511 2195 non
533 2156 587 2195 fit.
616 2167 695 2196 non
716 2157 818 2196 enim
837 2159 995 2197 aliunde
1011 2160 1119 2198 venit
1135 2159 1262 2198 animo
1282 2159 1403 2197 robur
1423 2170 1541 2207 quam

247 2213 270 2247 2
289 2219 312 2246 a
329 2209 445 2249 bonis
473 2211 641 2260 artibus,
669 2223 785 2260 quarn
805 2223 828 2251 a
848 2214 1173 2262 contemplatione
1195 2218 1369 2251 naturae.
1418 2214 1541 2261 Quem

289 2263 391 2303 enim
429 2275 510 2305 non
550 2265 613 2305 hie
648 2266 736 2316 ipse
770 2277 886 2306 casus
919 2268 1113 2309 adversus
1147 2277 1282 2307 omnes
1315 2268 1539 2318 firmaverit,
