1598 2606
319 177 370 218 18
683 175 726 213 L.
751 173 936 212 ANNAEI
962 172 1184 212 SENECAE

317 279 427 315 sunt
453 272 799 322 exasperanda
823 270 1073 310 beneficia
1099 280 1189 309 nec
1218 270 1480 319 quicquam
1498 271 1548 309 il-

316 330 380 368 lis
413 329 561 367 triste
593 327 906 365 miscendum.
957 324 1108 363 etiarnsi
1140 325 1234 373 quid
1261 325 1348 372 erit,
1389 325 1439 363 de
1471 335 1548 373 quo

316 384 415 422 velis
435 382 660 429 admonere,
690 381 793 419 aliud
811 385 964 428 tempus
982 380 1123 427 eligito.

276 447 295 480 1
395 437 479 475 VII.
509 436 652 475 Fabius
677 435 926 474 Verrucosus
944 433 1173 472 beneficium
1193 432 1242 471 ab
1268 432 1424 471 homine
1450 433 1549 472 duro

316 501 457 541 aspere
477 491 606 529 datum
626 500 769 538 panem
793 490 1004 538 lapidosum
1028 488 1211 534 vocabat,
1239 498 1348 535 quem
1374 489 1553 526 esurienti

274 555 296 589 2
316 548 490 594 accipere
517 545 770 584 necessarium
785 546 850 591 sit,
879 553 958 582 esse
971 543 1157 581 acerbum.
1202 541 1378 580 Tiberius
1407 541 1552 579 Caesar

315 604 475 648 rogatus
496 609 518 637 a
529 599 678 647 Nepote
687 598 809 636 Mario
831 596 1022 645 praetorio
1034 625 1043 643 ,
1060 601 1103 634 ut
1122 595 1201 634 aeri
1218 595 1344 634 alieno
1362 594 1447 634 eius
1463 606 1550 634 suc—

317 658 507 701 curreret,
534 653 651 691 edere
670 652 776 690 illum
797 652 869 690 sibi
888 650 1044 690 nomina
1065 650 1297 699 creditorum
1315 650 1446 688 iussit:
1474 650 1550 688 hoc

317 719 396 747 non
416 712 476 746 est
495 707 653 752 donare,
674 706 746 745 sed
767 705 977 744 creditores
998 714 1229 743 convocare.
1263 714 1351 742 cum
1370 703 1475 742 edita
1490 713 1551 742 es-

319 767 425 809 sent,
447 761 606 809 scripsit
622 759 762 809 Nepoti
781 759 944 798 iussisse
964 768 1008 797 se
1026 758 1231 807 pecuniam
1251 757 1362 796 solvi.
1401 758 1553 796 adiecta

319 816 601 856 contumeliosa
621 813 879 854 admonitione
898 812 1046 859 effecit,
1068 816 1111 850 ut
1127 813 1260 860 Nepos
1279 822 1352 850 nec
1373 821 1440 850 aes
1461 812 1550 850 alie-

319 882 411 910 num
431 870 592 908 haberet
610 879 681 907 nec
699 867 949 907 beneficium:
975 865 1152 904 liberavit
1172 867 1277 905 illum
1303 876 1326 904 a
1353 866 1550 904 creditori-

277 936 299 971 3
319 926 414 972 bus,
443 924 518 963 sibi
550 935 629 963 non
657 922 852 970 obligavit.
896 919 1056 970 Aliquid
1074 920 1249 959 Tiberius
1282 925 1440 959 secutus
1472 926 1551 959 est:

318 984 433 1028 puto,
452 978 575 1018 noluit
593 978 726 1027 plures
746 986 849 1023 esse,
872 976 938 1024 qui
955 974 1057 1013 idem
1076 975 1247 1022 rogaturi
1266 980 1550 1013 concurrerent.

318 1035 394 1073 ista
416 1034 583 1072 fortasse
602 1031 743 1070 efficax
760 1030 857 1069 ratio
878 1029 991 1068 fuerit
1007 1029 1057 1067 ad
1074 1028 1272 1067 hominum
1286 1028 1470 1077 inprobas
1488 1039 1553 1068 cu-

319 1087 500 1136 piditates
532 1086 684 1135 pudore
715 1084 1004 1132 reprimendas,
1046 1084 1278 1122 beneficium
1307 1093 1402 1121 vero
1435 1083 1554 1121 dandi

319 1147 399 1180 tota
418 1141 493 1179 alia
511 1139 714 1188 sequenda
732 1143 793 1177 est
809 1138 893 1177 via:
928 1139 1032 1176 omni
1055 1147 1199 1185 genere
1218 1138 1325 1185 quod
1351 1137 1442 1183 des,
1474 1148 1552 1185 quo

321 1195 371 1234 sit
389 1195 646 1243 acceptamus,
675 1193 943 1231 adornandum
965 1196 1042 1239 est,
1074 1191 1150 1230 hoc
1174 1202 1268 1230 vero
1297 1202 1376 1230 non
1403 1196 1463 1229 est
1487 1192 1553 1230 be-

320 1249 501 1287 neficium
521 1248 632 1295 dare,
661 1247 955 1295 deprehendere
974 1251 1045 1284 est.

280 1315 301 1347 1
399 1303 501 1341 VIII.
516 1302 564 1341 Et
578 1307 619 1341 ut
632 1301 847 1340 intransitu
861 1301 910 1339 de
928 1300 1002 1338 hac
1019 1310 1181 1348 quoque
1193 1304 1300 1348 parte
1315 1300 1439 1338 dicam
1462 1300 1555 1347 quid

322 1358 504 1404 sentiam,
530 1366 589 1395 ne
616 1354 837 1404 principi
868 1354 1060 1404 quidem
1082 1354 1209 1393 satis
1229 1355 1462 1392 decorum
1481 1358 1556 1391 est

322 1413 508 1451 donare
533 1409 834 1459 ignominiae
867 1419 1031 1448 causa.
1075 1408 1259 1456 ‚,Tamen,
1286 1408 1427 1456 inquit,
1458 1407 1554 1446 effu-

323 1476 415 1514 gere
433 1465 610 1503 Tiberius
629 1474 678 1503 ne
696 1464 773 1503 hoc
792 1463 949 1512 quidem
975 1462 1093 1501 modo
1121 1463 1228 1511 quod
1250 1461 1394 1501 vitabat
1419 1462 1554 1510 potuit.

323 1531 412 1558 narn
432 1520 578 1567 aliquot
596 1523 736 1567 postea
755 1519 820 1567 qui
839 1519 942 1556 idem
963 1522 1146 1566 rogarent
1160 1516 1303 1555 inventi
1318 1519 1426 1563 sunt,
1454 1527 1554 1564 quos

325 1575 458 1613 ornnes
477 1573 591 1612 iussit
609 1573 775 1611 reddere
793 1573 832 1610 in
851 1576 990 1611 senatu
1009 1572 1109 1610 aeris
1137 1570 1252 1609 alieni
1280 1580 1421 1609 causas
1450 1575 1487 1609 et
1505 1571 1556 1608 ita

284 1634 305 1667 2
324 1629 397 1667 illis
418 1631 543 1666 certas
564 1637 735 1666 summas
753 1627 898 1665 dedit.‘⁴
923 1627 1009 1665 Non
1028 1631 1088 1664 est
1106 1625 1199 1664 illud
1218 1624 1446 1663 liberalitas:
1467 1635 1554 1663 cen-

326 1693 417 1722 sura
435 1686 505 1720 est.
550 1682 733 1720 auxilium
758 1686 844 1720 est?
879 1680 1093 1730 principale
1119 1680 1300 1719 tributum
1327 1683 1396 1717 est.
1432 1678 1554 1716 Bene-

325 1737 455 1775 ficium
480 1746 557 1775 non
579 1740 658 1783 est,
686 1735 796 1774 cuius
820 1734 905 1774 sine
940 1735 1084 1773 rubore
1109 1734 1332 1772 meminisse
1358 1743 1435 1771 non
1461 1743 1555 1780 pos—

328 1802 425 1830 sum.
447 1790 498 1839 ad
511 1790 677 1829 iudicem
691 1789 834 1828 missus
850 1800 948 1828 sum.
971 1794 1013 1828 ut
1025 1788 1267 1837 inpetrarem‚
1288 1797 1446 1825 causam
1461 1786 1554 1824 dixi.

286 1853 306 1885 1
406 1845 468 1883 IX.
509 1843 755 1893 Praecipiunt
790 1844 921 1892 itaque
957 1853 1093 1882 omnes
1131 1848 1309 1881 auctores
1342 1841 1556 1889 sapientiae

328 1899 566 1948 quaedam
595 1897 896 1946 [beneficia]
925 1899 1085 1946 palam
1112 1896 1284 1942 danda,
1318 1895 1557 1943 quaedam

328 1957 548 1992 secreto:
579 1953 705 2002 palam
728 1963 829 2000 quae
848 1951 1038 2000 consequi
1059 1951 1271 1999 gloriosum
1290 1952 1399 1996 [est],
1427 1953 1470 1987 ut
1487 1950 1554 1986 mi-

328 2008 453 2046 litaria
471 2008 593 2055 dona⁷
619 2011 663 2046 ut
691 2007 862 2046 honores
882 2012 921 2045 et
940 2005 1125 2055 quicquid
1150 2003 1283 2054 [aliud]
1312 2001 1446 2041 notitia
1471 2004 1554 2050 pul-

291 2069 312 2101 2
333 2062 461 2100 chrius
481 2061 535 2103 fit.
576 2071 713 2100 rursus
734 2071 835 2110 quae
853 2072 930 2100 non
950 2060 1170 2109 producunt
1195 2068 1268 2096 nec
1292 2057 1553 2095 honestiorem

332 2116 495 2164 faciunt,
515 2116 588 2155 sed
606 2119 836 2167 succurrunt
853 2113 1079 2159 infirmitati,
1111 2112 1291 2160 egestati,
1311 2111 1555 2160 ignominiae,

330 2170 444 2208 tacite
463 2171 593 2209 danda
611 2176 718 2217 sunt,
745 2176 787 2209 ut
805 2174 896 2209 nota
915 2170 991 2208 sint
1010 2168 1103 2207 solis
1124 2166 1263 2214 quibus
1283 2171 1459 2213 prosunt.

294 2230 311 2264 1
412 2225 456 2261 Χ.
487 2225 734 2263 Interdum
769 2225 911 2263 etiam
944 2223 1070 2271 ipse,
1109 2221 1190 2269 qui
1222 2220 1435 2268 iuvatur,
1472 2221 1555 2259 fal—

333 2279 444 2317 lend
458 2289 511 2316 us
539 2284 630 2329 est,
657 2283 699 2318 ut
716 2279 857 2318 habeat
878 2288 950 2317 nec
977 2287 1000 2315 a
1020 2285 1096 2325 quo
1125 2275 1319 2324 acceperit
1339 2274 1447 2315 sciat.
1483 2276 1556 2312 Ar-
