1624 2626
355 174 435 215 226
613 175 654 213 L.
682 174 869 213 ANNAEI
889 173 1112 214 SENECAE
1130 175 1261 214 DIAL.
1275 175 1338 215 XI.

354 278 420 313 aut
433 273 570 312 beatus
587 278 654 312 aut
669 274 798 312 nullus
814 277 901 312 est?
926 272 1081 313 beatum
1097 274 1245 314 deflere
1260 274 1407 314 invidia
1421 280 1492 323 est,
1513 278 1598 315 nul-

317 330 431 367 4lum
462 327 694 366 dementia.“
752 328 837 379 [28]
871 328 934 366 An
968 328 1043 367 hoc
1068 334 1114 368 te>
1131 335 1280 378 movet,
1312 330 1420 379 quod
1447 331 1600 369 videtur

353 382 572 430 ingentibus
601 387 639 421 et
665 393 754 422 cum
779 382 948 421 maxime
977 383 1222 423 circumfusis
1253 384 1366 423 bonis
1394 385 1600 423 caruisse?

353 447 442 475 cum
469 437 702 484 cogitaveris
729 437 848 476 multa
867 447 978 482 esse,
1009 447 1110 486 quae
1130 438 1314 487 perdidit,
1341 439 1469 486 cogita
1482 440 1600 487 ‘plura

353 501 463 539 csse,
492 501 594 539 quae
613 502 691 530 non
711 490 836 530 timet:
874 501 950 530 non
971 491 1029 530 ira
1047 502 1136 531 eum
1155 493 1369 541 torquebit,
1398 504 1477 532 non
1495 504 1598 532 mor-

352 546 426 585 bus
445 545 622 594 adssiget,
651 556 728 584 non
756 546 931 594 suspicio
951 547 1138 594 lacesset,
1165 558 1242 586 non
1265 548 1367 586 edax
1386 551 1425 585 et
1444 547 1599 586 inimica

352 611 510 648 semper
536 599 672 639 alienis
699 599 956 649 processibus
992 601 1138 640 invidia
1172 601 1482 650 consectabitur,
1519 613 1598 641 non

352 659 478 693 metus
505 654 745 702 sollicitabit,
778 665 856 693 non
882 655 1020 695 levitas
1046 656 1223 695 fortunae
1246 657 1320 695 cito
1344 667 1506 695 munera
1526 667 1600 695 sua

354 710 620 748 transferentis
642 709 886 758 inquietabit.
933 710 968 749 si
986 710 1088 748 bene
1109 715 1320 760 conputes,
1352 711 1440 760 plus
1461 711 1515 749 illi
1536 721 1598 749 re-

318 770 329 778 ·
352 764 512 802 missum
534 775 652 811 quam
672 769 849 812 ereptum
866 769 939 804 est.
983 765 1069 804 Non
1087 764 1230 814 opibus
1251 766 1415 812 fruetur,
1435 777 1512 805 non
1532 771 1599 804 tua

351 818 466 856 simul
493 828 539 856 ac
567 829 640 857 sua
665 818 801 866 gratia.
839 830 918 858 non
947 819 1114 868 accipiet
1135 820 1345 867 beneficia,
1375 831 1455 858 non
1473 820 1598 859 dabitz

350 873 534 911 miserum
554 877 687 921 putas,
721 873 829 922 quod
846 873 922 913 ista
940 874 1086 922 amisit,
1115 885 1163 914 an
1183 875 1360 921 beatum,
1391 874 1499 923 quod
1518 885 1599 914 non

350 927 574 966 desiderat?
601 927 693 966 mihi
713 928 847 976 crede,
877 928 911 967 is
930 928 1080 967 beatior
1099 933 1177 977 est,
1207 930 1268 968 cui
1290 930 1446 968 fortuna
1460 939 1598 977 super-

349 992 475 1020 vacua
502 987 579 1029 est,
607 992 725 1030 quam
750 983 803 1030 is,
841 984 903 1021 cui
932 988 1069 1031 parata
1094 988 1166 1023 est.
1217 983 1353 1022 Omnia
1379 983 1454 1022 ista
1479 984 1597 1030 bona,

351 1045 452 1084 quae
468 1047 540 1074 nos
558 1036 744 1084 speciosa
759 1037 829 1074 sed
847 1037 975 1076 fallaci
986 1039 1184 1086 voluptate
1195 1038 1400 1086 delectant,
1415 1038 1597 1087 pecunia,

350 1091 538 1137 dignitaS,
565 1091 739 1138 potentia
756 1091 913 1138 aliaque
932 1093 1142 1139 conplura,
1165 1093 1215 1131 ad
1237 1103 1338 1141 quae
1352 1093 1507 1140 generis
1526 1092 1597 1130 hu-

348 1143 452 1182 mani
474 1154 594 1183 caeca
614 1144 806 1192 cupiditas
828 1145 1091 1194 obstupescit,
1121 1157 1210 1185 cum
1231 1148 1367 1186 labore
1385 1147 1597 1194 possiden-

348 1205 428 1245 tur,
464 1209 551 1237 eum
577 1198 724 1237 invidia
752 1199 1048 1248 conspiciuntur
1076 1202 1321 1249 eosdemque
1354 1201 1465 1249 ipsos
1494 1211 1596 1249 quos

349 1258 564 1300 exornant,
605 1258 646 1291 et
676 1258 869 1301 premunt.
917 1255 1007 1302 plus
1042 1255 1235 1294 minantur
1270 1266 1387 1304 quam
1418 1260 1596 1304 prosunt.

349 1307 495 1345 lubrica
521 1313 561 1346 et
587 1308 735 1346 incerta
761 1313 864 1347 sunt.
913 1320 1127 1358 numquam
1155 1309 1256 1348 bene
1280 1314 1478 1348 tenentur:
1505 1320 1594 1347 nam

348 1366 389 1400 ut
414 1362 507 1400 nibil
535 1362 585 1400 de
602 1367 779 1410 tempore
799 1363 927 1403 futuro
948 1363 1144 1411 timeatur,
1174 1364 1263 1412 ipsa
1281 1369 1410 1402 tamen
1429 1374 1596 1412 magnae

310 1423 331 1458 6
348 1415 541 1455 felicitatis
559 1417 678 1455 tutela
697 1417 862 1455 sollicita
880 1422 951 1456 est.
998 1418 1040 1456 Si
1058 1419 1157 1457 velis
1179 1419 1340 1457 credere
1359 1418 1475 1457 altius
1495 1419 1594 1456 veri—

347 1475 463 1509 tatem
478 1471 734 1518 intuentibus‚
763 1471 890 1510 omnis
906 1473 984 1511 vita
996 1472 1234 1521 supplicium
1251 1479 1329 1511 est=
1359 1474 1398 1511 in
1412 1473 1488 1512 hoc
1504 1483 1594 1521 pro-

348 1526 508 1563 fundum
535 1525 828 1574 inquietumque
858 1527 1023 1574 proiecti
1055 1538 1188 1575 mare,
1225 1528 1384 1566 alternis
1417 1528 1594 1566 aestibus

345 1580 590 1627 reciprocum
618 1585 656 1619 et
681 1581 799 1619 modo
827 1582 1017 1620 adlevans
1048 1593 1122 1620 nos
1159 1582 1298 1620 subitis
1331 1582 1593 1629 incrementis,

347 1644 408 1671 mo
414 1634 464 1672 do
481 1633 692 1673 maioribus
709 1635 861 1674 damnis
872 1635 1054 1675 deferens
1065 1637 1312 1685 adsidueque
1325 1637 1473 1675 iactans
1483 1647 1593 1675 num-

347 1699 463 1737 quam
483 1689 610 1728 stabili
624 1689 876 1733 consistimus
891 1691 992 1729 loco.
1025 1691 1242 1739 pendemus
1257 1696 1294 1730 et
1308 1691 1542 1729 fluctuamur
1556 1696 1595 1729 et

346 1745 441 1781 alter
455 1743 493 1781 in
509 1745 670 1782 alterum
681 1743 877 1783 inlidimur
889 1750 926 1783 et
936 1746 1147 1794 aliquando
1159 1746 1400 1794 naufragium
1414 1745 1591 1792 facimus,

309 1804 329 1839 7
346 1808 503 1846 semper
520 1798 711 1837 timemus.
737 1799 780 1837 In
799 1799 875 1838 hoc
894 1804 970 1838 tam
993 1801 1214 1848 procelloso
1234 1804 1272 1838 et
1290 1801 1329 1838 in
1342 1809 1481 1838 omnes
1497 1804 1592 1838 tem·

345 1856 519 1900 pestates
547 1853 728 1902 exposito
757 1853 854 1892 mari
880 1854 1153 1902 navigantibus
1186 1855 1313 1893 nullus
1346 1860 1483 1902 portus
1515 1854 1592 1894 nisi

344 1907 480 1946 mortis
508 1912 580 1946 est.
608 1918 657 1946 ne
678 1908 810 1957 itaque
829 1909 1015 1947 invideris
1035 1910 1143 1948 fratri
1160 1914 1247 1948 tuo:
1283 1908 1462 1957 quiescit.
1506 1914 1590 1948 tan-

346 1961 434 1999 dem
454 1962 570 2010 liber,
596 1962 753 2001 tandem
774 1968 898 2011 tutuS,
923 1964 1081 2002 tandem
1098 1969 1280 2002 aeternus
1299 1969 1370 2002 est.
1402 1965 1589 2013 supersti-

345 2020 421 2053 tem
450 2015 657 2055 Caesarem
685 2028 919 2066 omnemque
947 2018 1033 2057 eius
1063 2019 1233 2067 prolem,
1269 2018 1521 2067 superstitem
1551 2023 1590 2057 te

346 2079 431 2107 cum
461 2071 731 2110 communibus
758 2072 876 2111 habet
904 2073 1100 2114 fratribus.
1142 2078 1352 2121 antequam
1379 2072 1590 2121 quicquam

346 2133 396 2161 ex
424 2134 497 2163 suo
526 2126 662 2164 favore
689 2127 846 2165 fortuna
869 2132 1052 2175 mutaret,
1080 2131 1247 2166 stantem
1275 2128 1404 2166 adhuc
1428 2127 1531 2165 illam
1552 2132 1591 2165 et

308 2182 331 2216 8
346 2188 505 2216 munera
532 2181 648 2227 plena
673 2189 791 2220 manu
809 2187 1081 2230 congerentem
1099 2181 1268 2229 reliquit.
1311 2182 1467 2221 Fruitur
1484 2191 1589 2220 nunc

346 2237 481 2280 aperto
503 2238 540 2271 et
564 2234 687 2275 libero
708 2236 840 2283 coelo,
868 2247 921 2275 ex
940 2236 1071 2275 humili
1090 2240 1208 2284 atque
1227 2237 1420 2284 depresso
1440 2236 1478 2274 in
1498 2245 1588 2274 eum

346 2286 501 2326 emicuit
518 2288 645 2328 locum
656 2320 666 2339 ,
693 2291 872 2341 quisquis
891 2290 955 2330 ille
974 2296 1052 2340 est,
1072 2290 1138 2340 qui
1151 2292 1308 2330 solutas
1323 2290 1490 2330 vinculis
1505 2289 1586 2330 ani-
