1592 2580
258 185 337 227 188
628 187 670 224 L.
697 185 883 225 ANNAEI
911 185 1134 224 SENECAE

255 286 344 333 ipse
364 283 525 333 quidem
553 295 623 334 per
647 286 779 334 ipsum
801 284 960 330 transit,
991 294 1069 332 quo
1090 283 1297 330 scinditur,
1326 288 1364 321 et
1382 283 1511 320 media

255 351 333 378 non
355 340 631 378 circumfundit
648 345 795 378 tantum
817 344 854 377 et
871 336 1066 386 utrimque
1081 338 1209 386 cingit,
1230 338 1303 376 sed
1323 343 1509 385 permeat.

217 406 234 437 1
336 394 383 432 X.
410 395 473 432 Ab
504 394 662 432 aethere
682 394 924 433 lucidissimo
946 403 1012 431 aer
1031 393 1069 430 in
1088 397 1229 430 terram
1248 402 1378 440 usque
1398 391 1509 430 diffu-

256 459 325 487 sus
354 453 433 496 est,
465 447 605 496 agilior
637 449 796 496 quidem
823 447 1060 495 tenuiorque
1091 451 1129 484 et
1154 446 1268 485 altior
1291 447 1406 484 terris
1435 456 1509 484 nec

254 503 383 541 minus
403 503 538 551 aquis,
559 507 735 541 ceterum
755 501 912 540 aethere
931 501 1100 550 spissior
1118 502 1374 548 graviorque,
1406 501 1509 547 frigi-

255 558 330 596 dus
351 568 424 606 per
450 567 495 596 se
516 562 554 595 et
573 557 781 595 obscurus.
816 556 947 594 lumen
962 557 1016 594 illi
1036 556 1222 603 calorque
1237 555 1392 592 aliunde
1409 560 1509 599 sunt,

256 612 329 650 sed
362 623 441 650 non
473 622 546 660 per
579 621 694 649 omne
723 611 893 659 spatium
920 612 981 649 sui
1010 610 1148 648 similis
1175 614 1254 647 est:
1291 613 1460 647 mutatur
1489 621 1512 645 a

214 682 235 714 2
256 667 459 715 proximis.
498 665 657 704 Summa
685 666 783 714 pars
795 665 882 703 cius
902 664 1121 703 siccissima
1137 662 1455 711 calidissimaque
1474 668 1512 700 et

256 720 306 759 ob
325 721 401 759 hoc
419 721 534 760 etiam
554 720 786 758 tenuissima
804 724 864 758 est
884 724 1045 767 propter
1064 717 1244 756 viciniam
1264 721 1511 755 aeternorum

255 775 401 823 ignium
437 780 476 813 et
509 775 596 813 illos
629 779 687 813 tot
719 775 848 813 motus
887 773 1058 811 siderum
1086 771 1374 819 adsiduumque
1410 771 1509 809 coeli

256 831 546 868 circumactum.
583 829 649 867 illa
669 839 760 878 pars
781 829 858 866 ima
877 833 916 865 et
934 828 1064 865 vicina
1083 825 1198 865 terris
1220 826 1344 864 densa
1364 829 1401 863 et
1421 825 1511 863 cali-

255 884 398 932 ginosa
418 889 498 931 est,
533 883 627 931 quia
655 889 831 922 terrenas
859 881 1132 920 exhalationes
1152 884 1339 927 receptat.
1381 879 1511 917 media

256 950 350 987 pars
370 937 639 987 temperatior,
669 938 703 976 si
722 937 884 976 summis
904 937 1073 983 imisque
1092 935 1293 982 conferas,
1323 939 1511 982 quantum

256 994 307 1031 ad
334 994 548 1031 siccitatem
573 992 879 1039 tenuitatemque
908 990 1115 1039 pertineat,
1151 993 1321 1027 ceterum
1348 993 1511 1036 utraque

217 1065 240 1098 3
256 1053 367 1095 parte
395 1048 583 1096 frigidior.
623 1058 714 1084 nam
742 1046 947 1094 superiora
974 1046 1059 1083 eius
1088 1044 1259 1082 calorem
1291 1042 1508 1081 vicinorum

255 1103 428 1140 siderum
449 1101 632 1140 sentiunt.
659 1101 846 1139 inferiora
866 1109 1025 1148 quoque
1038 1104 1188 1146 tepent,
1208 1097 1374 1145 primum
1390 1102 1509 1135 terra—

253 1167 337 1195 rum
360 1156 498 1201 halitu,
522 1155 588 1203 qui
608 1157 767 1193 multum
791 1164 926 1192 secum
946 1153 1060 1191 calidi
1081 1153 1225 1199 adfert,
1256 1152 1399 1189 deinde
1421 1151 1512 1199 quia

254 1211 353 1249 radii
380 1210 476 1249 solis
503 1209 741 1258 replicantur
767 1212 804 1246 et
832 1217 1042 1256 quousque
1063 1206 1192 1244 redire
1215 1210 1441 1254 potuerunt,
1470 1204 1511 1242 id

255 1264 454 1313 duplICato
475 1265 607 1302 calore
626 1263 832 1310 benignius
853 1263 1000 1300 fovent.
1040 1261 1183 1299 deinde
1205 1261 1319 1298 etiam
1338 1260 1402 1297 illo
1429 1259 1507 1306 spi-

254 1320 346 1366 ritu,
370 1321 436 1367 qui
455 1319 638 1357 omnibus
659 1317 890 1356 animalibus
911 1315 1164 1363 arbustisque
1179 1325 1226 1352 ac
1243 1314 1338 1353 satis
1359 1314 1509 1352 calidus

256 1380 326 1413 est.
369 1374 464 1411 nihil
497 1373 600 1411 enim
633 1373 782 1410 viveret
813 1371 898 1409 sine
926 1371 1070 1409 calore.
1113 1370 1225 1407 adice
1252 1379 1355 1406 nunc
1383 1367 1509 1415 ignes,

256 1439 334 1467 non
366 1432 515 1466 tantum
546 1437 663 1464 manu
690 1428 816 1464 factos
845 1430 884 1463 et
911 1429 1060 1471 certos,
1095 1423 1168 1462 sed
1195 1428 1356 1471 opertos
1382 1421 1509 1467 terris,

257 1494 424 1531 quorum
453 1482 574 1530 aliqui
601 1485 834 1528 eruperunt,
861 1479 1167 1517 innumerabiles
1201 1488 1254 1515 ex
1280 1478 1449 1515 obscuro
1470 1480 1509 1513 et

257 1537 415 1576 condito
440 1536 609 1584 flagrant
628 1546 796 1583 semper.
834 1534 910 1572 hae
929 1538 987 1572 tot
1006 1537 1137 1581 partes
1157 1533 1260 1578 eius,
1283 1531 1429 1569 fertiles
1448 1539 1508 1567 re-

255 1603 359 1639 rum,
381 1592 526 1629 habent
546 1590 692 1638 aliquid
713 1589 882 1637 teporis,
912 1588 1098 1636 quoniam
1119 1586 1276 1634 quidem
1296 1585 1425 1624 sterile
1443 1584 1509 1621 fri-

256 1657 330 1694 gus
351 1652 430 1692 est,
460 1646 568 1684 calor
587 1644 721 1693 gignit.
757 1644 889 1681 Media
917 1653 1009 1689 ergo
1032 1651 1125 1690 pars
1148 1642 1249 1679 aeris
1270 1640 1318 1678 ab
1336 1639 1398 1676 his
1419 1638 1509 1676 sub-

256 1707 362 1740 mota
381 1701 418 1738 in
440 1701 586 1747 frigore
606 1710 679 1737 suo
701 1702 842 1736 manet.
871 1702 1009 1734 natura
1027 1695 1129 1733 enim
1149 1696 1251 1733 aeris
1271 1694 1400 1742 gelida
1418 1697 1490 1730 est.

219 1770 237 1801 1
335 1755 399 1793 XI.
435 1755 507 1802 Qui
534 1764 622 1792 cum
651 1753 709 1791 sic
737 1752 888 1790 divisus
917 1751 984 1796 sit,
1014 1753 1091 1789 ima
1119 1750 1180 1787 sui
1208 1754 1319 1797 parte
1345 1746 1512 1785 maxime

258 1810 390 1848 varius
422 1814 461 1847 et
486 1809 717 1846 inconstans
741 1812 780 1845 et
799 1805 993 1844 mutabilis
1013 1810 1085 1842 est.
1124 1804 1228 1842 circa
1247 1808 1370 1841 terras
1393 1802 1508 1849 pluri-

256 1875 361 1903 mum
391 1863 531 1910 audet,
568 1861 775 1910 plurimum
806 1861 968 1908 patitur,
1002 1859 1174 1906 exagitat
1207 1863 1244 1897 et
1276 1856 1510 1903 exagitatur:

257 1929 331 1957 nec
356 1924 484 1957 tamen
511 1917 652 1956 eodem
676 1916 794 1953 modo
822 1920 928 1953 totus
956 1913 1153 1960 adficitur,
1182 1912 1254 1951 sed
1280 1910 1389 1948 aliter
1407 1909 1509 1953 alibi,

217 1987 238 2019 2
258 1979 297 2012 et
323 1973 500 2022 partibus
530 1971 728 2018 inquietus
755 1979 802 2007 ac
827 1969 1006 2007 turbidus
1027 1973 1099 2006 est.
1143 1967 1291 2005 Causas
1311 1968 1439 2002 autern
1458 1961 1511 2000 illi

258 2027 482 2066 mutationis
503 2030 541 2064 et
558 2023 843 2063 inconstantiae
862 2024 957 2061 alias
978 2028 1082 2061 terra
1102 2021 1279 2069 praebet,
1308 2018 1418 2056 cuius
1440 2028 1509 2065 po-

259 2083 421 2121 sitiones
449 2086 516 2120 aut
542 2081 618 2118 huc
650 2083 715 2117 aut
739 2078 804 2116 illo
831 2074 971 2116 versae
997 2086 1140 2124 magna
1166 2074 1217 2112 ad
1244 2073 1345 2111 aeris
1365 2078 1510 2119 tempe-

258 2137 355 2175 riem
387 2140 585 2174 momenta
620 2137 728 2179 sunt,
765 2131 862 2170 alias
894 2132 1067 2170 siderum
1095 2138 1255 2174 cursus,
1290 2126 1339 2164 ex
1368 2125 1511 2174 quibus

260 2192 334 2229 soli
363 2191 571 2239 plurimum
597 2188 775 2236 inputes:
809 2187 916 2224 illum
945 2184 1121 2233 sequitur
1144 2192 1294 2229 annus,
1328 2181 1378 2219 ad
1409 2180 1511 2218 illius

260 2245 406 2283 flexum
433 2239 863 2288 hiemesaestatesque
887 2244 1101 2278 vertuntur.
1142 2238 1257 2274 lunae
1291 2236 1511 2283 proximum

259 2299 321 2339 ius
342 2304 414 2338 est.
453 2299 526 2337 scd
547 2302 584 2336 ct
603 2302 758 2336 ceterae
779 2304 937 2344 quoque
958 2294 1093 2332 stellae
1114 2301 1192 2330 non
1211 2291 1339 2328 minus
1360 2294 1513 2327 terrena
