1592 2580
354 141 539 182 NATUR.
562 141 776 190 QUAEST.
806 142 900 181 LlB.
917 142 946 180 Ι.
975 148 1010 181 2.
1029 146 1064 182 3.
1270 140 1349 182 167

17 251 19 285 1
63 244 252 283 luminum
280 247 509 287 nostrorum
531 246 707 280 moratur
725 247 764 280 et
783 252 831 281 eo
854 242 960 280 unde
979 242 1150 281 exierint
1165 241 1350 282 reflectit.

16 319 17 322 ¹
63 311 158 349 ergo
179 309 268 338 cum
287 299 412 337 multa
432 298 632 337 stillicidia
652 298 748 345 sint,
769 298 933 336 totidem
953 298 1122 347 specula
1141 304 1246 337 sunt.
1275 299 1351 337 sed

64 355 160 405 quia
185 365 312 404 parva
338 359 450 402 sunt,
490 355 590 392 solis
620 354 798 392 colorem
828 353 916 392 sine
949 353 1078 403 figura
1110 354 1350 403 exprimunt.

61 411 215 451 Deinde
243 421 334 450 cum
361 411 400 449 in
429 410 641 449 stillicidiis
670 409 1026 449 innumerabilibus
1055 415 1094 449 et
1122 412 1211 450 sine
1230 409 1350 449 inter-

61 468 167 507 vallo
196 466 431 505 cadentibus
450 466 643 504 reddatur
662 465 769 505 idem
789 467 923 513 color,
942 466 1092 515 incipit
1112 467 1236 504 facies
1257 474 1352 505 esse

62 534 143 563 non
162 523 376 562 multarum
394 522 611 570 imaginum
626 527 666 561 et
679 521 994 562 intermissarum
1006 553 1016 570 ‚
1039 522 1114 563 sed
1132 523 1249 561 unius
1265 522 1351 561 lon-

62 589 139 629 gae
167 584 289 628 atque
309 577 536 617 continuae.
582 577 840 626 ‚‚Qu0m0d0,
869 577 1024 628 inquis,
1057 584 1096 618 tu
1116 578 1212 617 mihi
1232 579 1390 619 multas)

63 635 171 674 milia
197 634 415 683 imaginum
441 634 531 672 istic
559 644 654 673 esse
681 634 802 682 dicis,
832 634 901 673 ubi
928 645 1007 683 ego
1034 634 1185 674 nullam
1206 634 1355 674 video?

64 696 104 731 et
132 701 259 740 quare
286 701 377 730 cum
407 690 506 729 solis
535 690 648 729 color
676 700 779 728 unus
813 690 882 736 sit,
917 690 1134 739 imaginum
1167 691 1355 730 diversus

65 750 188 787 est2“
243 745 296 785 Ut
323 751 363 786 et
387 745 508 794 haec,
546 756 651 794 quae
682 746 951 794 proposuisti,
985 747 1232 786 refellam-et
1254 746 1354 792 alia,

0 844 2 854 ἶ
67 813 173 851 quae
200 813 281 841 non
310 801 442 840 minus
469 801 692 841 refellenda
723 807 844 847 sunt,
880 801 979 840 illud
1012 802 1143 841 dicam
1176 806 1355 851 oportet:

0 856 1 860 ’
66 859 165 899 nihil
192 859 277 897 acie
305 862 445 898 nostra
471 857 654 896 fallacius
682 863 943 900 nonvtantum
970 858 1011 896 in
1037 857 1121 906 his,
1160 869 1185 896 a
1209 858 1357 907 quibus

67 913 265 954 subtiliter
292 913 550 963 pervidendis
581 913 688 952 illam
707 916 879 954 locorum
899 914 1113 953 diversitas
1133 914 1357 960 submovet,

69 970 144 1010 sed
164 971 282 1009 etiam
303 969 342 1008 in
363 969 427 1008 his
448 979 633 1018 quoque,
665 980 769 1018 quae
788 969 840 1008 ad
867 980 1027 1008 manum
1048 970 1192 1009 cernit:
1222 979 1358 1008 remus

67 1025 176 1066 tenui
204 1036 312 1075 aqua
331 1025 475 1074 tegitur
493 1029 532 1064 et
553 1024 666 1064 fracti
685 1026 864 1074 speciem
885 1025 1028 1065 reddit.
1065 1033 1188 1075 poma
1209 1037 1281 1075 per
1300 1025 1358 1063 vi-

68 1087 171 1122 trum
203 1081 520 1131 adspicientibus
541 1081 664 1120 multo
686 1081 841 1121 maiora
861 1086 966 1121 sunt.
1004 1083 1279 1121 columnarum
1300 1082 1359 1120 in-

69 1137 235 1178 tervalla
264 1137 442 1187 porticus
471 1137 632 1186 longior
658 1137 796 1186 iungit.
839 1137 906 1175 Ad
925 1137 1057 1186 ipsum
1078 1138 1206 1177 solem
1225 1147 1359 1176 rever-
1371 1142 1416 1176 10

69 1199 174 1234 tere:
211 1193 317 1231 hunc
347 1203 467 1243 quem
495 1196 610 1241 [toto]
639 1197 835 1232 terrarum
864 1192 961 1232 orbe
989 1194 1180 1233 malorem
1217 1193 1362 1242 probat

69 1249 190 1297 ratio,
219 1250 328 1288 acies
357 1252 497 1302 nostra
522 1247 582 1287 sic
604 1249 821 1296 contraxit,
849 1254 894 1288 ut
913 1250 1118 1298 sapientes
1141 1249 1215 1288 viri
1236 1249 1359 1298 peda—

70 1306 151 1345 lem'
170 1308 264 1344 esse
285 1305 585 1359 contenderent.
625 1315 743 1354 quem
765 1305 1064 1344 velocissimum
1087 1306 1263 1345 omnium
1283 1305 1361 1344 sci·

70 1372 182 1408 mus,
211 1371 329 1400 nemo
360 1366 541 1400 nostrum
567 1360 722 1399 moveri
751 1361 878 1409 videt,
910 1371 985 1399 nec
1011 1360 1070 1400 ire
1091 1362 1362 1409 crederemus,

71 1417 149 1456 nisi
177 1416 392 1465 adpareret
418 1415 516 1455 isse.
553 1417 746 1455 mundum
769 1416 902 1466 ipsum
923 1417 1131 1466 praecipiti
1152 1412 1363 1456 velocitate

73 1472 271 1511 labentem
294 1470 340 1511 ‘et
367 1477 478 1511 ortus
500 1482 757 1521 occasusque
777 1473 881 1511 intra
905 1477 1148 1511 momentum
1168 1473 1363 1522 temporis

74 1529 348 1581 revolventem
376 1538 494 1566 nemo
521 1533 702 1566 nostrum
723 1529 844 1567 sentit
866 1528 1110 1578 procedere:
1145 1528 1242 1578 quid
1265 1539 1363 1578 ergo

75 1583 253 1631 miraris,
290 1583 324 1622 si
353 1584 459 1622 oculi
487 1583 614 1622 nostri
644 1583 828 1623 imbrium
851 1583 1050 1623 stillicidia
1074 1595 1154 1623 non
1175 1589 1366 1633 separant

76 1644 116 1678 et
143 1639 291 1688 ingenti
313 1639 443 1688 spatio
463 1639 708 1678 intuentibus
728 1640 966 1679 minutarum
986 1640 1202 1689 imaginum
1223 1639 1364 1679 discri-

75 1706 166 1734 men
194 1695 354 1733 interit?
398 1695 499 1733 Illud
528 1694 692 1734 dubium
718 1705 812 1734 esse
833 1695 928 1734 nulli
951 1701 1102 1744 potest,
1131 1696 1225 1745 quin
1245 1706 1364 1734 arcus
1377 1706 1419 1740 ll

77 1752 208 1799 imago
237 1751 337 1790 solis
365 1751 418 1789 sit
446 1750 610 1790 roscida
633 1755 672 1790 et
691 1761 791 1790 cava
810 1752 917 1790 nube
938 1756 1147 1801 concepta.
1184 1751 1295 1801 quod
1315 1762 1367 1790 ex

76 1807 155 1846 hoc
175 1806 245 1845 tibi
265 1807 476 1855 adpareat:
507 1817 726 1856 numquam
744 1818 823 1847 non
845 1808 1018 1846 adversa
1038 1807 1114 1846 soli
1135 1813 1215 1855 est,
1244 1807 1365 1846 subli-

78 1863 154 1902 mis
184 1867 252 1901 aut
279 1861 460 1909 humilis,
496 1867 616 1912 prout
640 1862 706 1916 ille
734 1873 780 1902 se
808 1863 993 1902 submisit
1019 1869 1088 1902 aut
1118 1863 1297 1911 sustulit,
1327 1862 1367 1901 in

79 1919 323 1959 contrarium
349 1923 467 1957 mota.
507 1918 574 1957 illo
602 1919 708 1957 enim
735 1919 1009 1958 descendente
1034 1918 1151 1957 altior
1177 1924 1258 1966 est,
1287 1919 1366 1958 alto

81 1976 328 2026 depressior.
374 1973 508 2023 Saepe
537 1973 627 2013 talis
656 1973 784 2013 nubes
813 1985 836 2013 a
864 1976 987 2012 latere
1010 1975 1108 2013 solis
1130 1979 1285 2014 estnec
1306 1985 1366 2013 ar-

83 2041 172 2070 cum
198 2031 340 2078 efficit,
363 2030 458 2079 quia
478 2041 556 2068 non
577 2040 628 2068 ex
648 2035 758 2069 recto
778 2031 990 2078 imaginem
1010 2029 1138 2069 trahit.
1181 2031 1368 2071 Varietas
1380 2036 1423 2073 12

83 2091 215 2126 autem
242 2098 323 2126 non
352 2086 403 2125 ob
432 2086 548 2124 aliam
569 2095 732 2124 causam
754 2086 815 2132 fit,
847 2096 966 2135 quam
987 2086 1082 2135 quia
1103 2097 1197 2135 pars
1219 2084 1367 2126 coloris

85 2140 172 2181 sole
199 2148 262 2181 est
289 2153 453 2192 sparsa,
475 2153 577 2191 pars
596 2142 634 2179 in
655 2142 762 2180 nube
785 2141 862 2179 illa.
898 2141 1042 2182 humor
1063 2142 1226 2192 [autem]
1245 2142 1367 2182 modo

87 2199 292 2237 caeruleas
320 2198 469 2245 lineas,
501 2197 621 2236 modo
651 2197 820 2244 virides,
850 2197 970 2236 modo
993 2208 1196 2246 purpurae
1217 2198 1367 2237 similes

87 2258 127 2293 et
148 2254 276 2293 luteas
299 2260 366 2293 aut
389 2254 528 2303 igneas
550 2252 659 2292 ducit
676 2252 836 2291 duobus
856 2252 1058 2292 coloribus
1082 2253 1187 2293 hanc
1203 2255 1368 2293 varieta-

87 2315 166 2348 tem
184 2310 470 2357 efficientibus,
496 2308 668 2348 remisso
685 2313 725 2348 et
743 2308 907 2347 intento.
938 2309 998 2347 si'c
1017 2308 1122 2348 enim
1138 2315 1176 2350 et
1192 2321 1369 2360 purpura
