1592 2580
309 131 377 173 DE
391 130 670 172 BENEFICIIS
699 130 795 173 LIB.
805 131 892 170 Vll.
922 135 966 172 16
975 128 1032 160 -ἒ
1042 135 1098 172 19.
1267 127 1347 171 147

9 220 12 261 ²?
70 239 132 274 est
153 233 195 274 id
213 231 322 283 quod
343 231 494 271 debeas
513 230 572 281 ei,
591 231 705 271 cuius
722 236 803 279 est,
825 212 973 270 volenti
988 231 1097 270 dare.
1132 230 1211 270 hoc
1225 242 1349 270 unum

9 294 11 327 l
70 290 165 330 mihi
185 288 470 340 praestandum
494 291 567 327 est.
612 288 665 326 Ut
684 286 846 337 quidem
864 286 1011 326 habeat
1029 286 1140 337 quod
1158 297 1184 326 a
1201 297 1265 326 me
1283 297 1349 325 ac-

70 346 197 395 cepit,
226 343 303 384 iam
321 343 519 383 ulterioris
535 348 598 382 est
612 353 746 382 curae.
773 353 855 382 non
869 344 1032 382 tutelam
1046 343 1118 391 illi,
1140 343 1214 382 sed
1229 342 1350 382 fidem

9 414 10 417 ¹
70 401 218 449 debeo,
243 401 450 448 multoque
475 399 603 438 satius
630 404 692 438 est
717 399 827 438 illum
853 409 934 438 non
960 398 1110 438 habere
1137 410 1257 448 quam
1285 408 1349 436 me

8 498 9 505 χ
69 467 150 496 non
164 456 348 495 reddere.
382 455 434 495 Et
447 453 636 494 creditori
651 454 781 494 statim
795 454 836 492 in
850 454 1061 494 macellum
1074 454 1217 503 laturo,
1237 453 1346 504 quod
1369 459 1391 494 3

71 512 291 562 acceperit,
324 511 505 550 reddam.
541 511 659 550 etiam
682 509 718 550 si
745 510 839 549 mihi
858 510 1100 558 adulteram,
1131 511 1195 550 cui
1213 519 1350 548 nume·

69 579 166 614 rem,
187 563 433 617 delegaverit
450 567 619 606 solvam.
653 571 694 606 et
711 566 746 605 si
765 577 962 615 nummos,
984 577 1088 615 quos
1107 566 1288 616 accipiet,
1310 566 1351 604 in

71 625 203 663 sinum
230 634 348 662 suum
376 622 596 663 discinctus
624 622 782 671 fundet,
811 622 930 661 dabo.
967 621 1219 662 reddendum
1247 621 1352 661 enim

70 680 166 718 mihi
194 683 276 728 est,
305 689 387 718 non
412 679 676 725 servandum,
706 689 796 717 cum
814 677 1050 727 reddidero,
1079 688 1129 717 ac
1146 677 1351 718 tuendum.

70 734 258 774 beneficii
274 735 441 783 accepti,
465 745 544 774 non
559 733 704 774 redditi
721 734 945 774 custodiam
961 733 1104 773 debeo.
1133 734 1225 773 dum
1243 732 1354 782 apud

72 801 137 829 me
163 795 245 838 est,
281 791 438 829 salvum
465 790 537 829 sit:
566 794 763 839 ceterum,
792 790 885 829 licet
911 788 1145 839 accipientis
1167 788 1353 828 manibus

73 845 231 892 effluat,
260 846 437 885 dandum
457 850 519 885 est
536 846 779 896 reposcenti.
812 845 941 885 reddo
962 844 1091 895 bono,
1118 856 1208 885 cum
1228 854 1353 894 expe-

74 902 174 948 diet,
204 902 330 950 malo,
361 912 452 941 cum
481 906 599 951 petet.
654 902 795 950 ‚‚Tale,
833 901 980 950 inquit,
1014 901 1068 940 illi
1098 900 1352 949 beneficium,
1373 910 1396 944 4

76 957 195 1006 quale
213 957 423 1006 accepisti,
451 969 531 997 non
554 962 670 1007 potes
690 957 880 996 reddere=
911 957 1103 1006 accepisti
1123 957 1228 996 enim
1247 967 1272 995 a
1289 967 1353 996 sa—

0 1016 2 1072 ὲ
75 1013 226 1062 pionte,
256 1015 376 1053 stulto
395 1013 575 1052 reddis.“
621 1013 722 1052 Non.
749 1013 878 1052 reddo
898 1012 974 1060 illi,
1001 1013 1120 1062 quale
1141 1023 1248 1052 nunc
1267 1017 1354 1062 pot-

75 1074 139 1108 est
170 1069 368 1118 accipere.
408 1079 484 1108 nec
512 1079 585 1118 per
609 1079 674 1109 me
700 1068 763 1117 fit,
801 1068 913 1118 quod
940 1068 1116 1108 deterius
1145 1068 1206 1115 id,
1245 1068 1353 1118 quod

0 1120 1 1174 j
75 1123 235 1173 accepi,
265 1124 453 1173 reddam,
485 1125 559 1164 sed
586 1134 660 1174 per
686 1123 808 1163 illum.
855 1124 943 1172 Cui,
974 1124 1009 1162 si
1038 1125 1090 1163 ad
1118 1123 1356 1174 sapientiam

73 1179 256 1227 redierit,
288 1179 456 1218 reddam
482 1181 600 1229 quale
622 1181 800 1230 [accept]
837 1180 931 1218 dum
950 1179 990 1218 in
1010 1180 1146 1229 malis,
1174 1180 1356 1227 reddam,

76 1236 194 1284 qualo
214 1235 264 1274 ab
284 1236 350 1275 illo
370 1239 505 1285 potest
523 1235 664 1284 accipi.
711 1235 862 1285 ,‚Quid,
891 1235 1037 1284 inquit,
1058 1235 1094 1275 si
1110 1246 1191 1275 non
1206 1239 1356 1275 tantum
1376 1242 1397 1275 5

74 1291 204 1329 malus
225 1291 353 1330 lactus
373 1296 454 1339 est,
483 1291 557 1330 sed
578 1291 708 1339 ferus,
739 1291 814 1330 sed
829 1291 1020 1339 inmanis,
1043 1292 1174 1341 qualis
1189 1292 1357 1340 Apollo·

76 1346 199 1385 dorus
218 1352 285 1386 aut
302 1346 501 1386 Phalaris:
530 1351 570 1386 et
588 1346 681 1386 huie
698 1346 959 1394 beneficium,
991 1347 1103 1397 quod
1123 1357 1356 1396 acceperas,

74 1401 286 1440 reddes?“
331 1401 590 1441 Mutationem
619 1401 814 1451 sapientis
842 1407 990 1442 tantam
1018 1408 1157 1442 natura
1185 1413 1265 1441 non
1287 1412 1357 1450 pa-

74 1457 180 1495 titur.
205 1468 298 1496 nam
317 1457 356 1496 in
377 1458 555 1509 pessima
573 1458 623 1496 ab
640 1457 802 1507 optimis
817 1450 957 1507 lapsus
973 1468 1145 1497 necesse
1161 1462 1224 1496 est
1239 1457 1358 1496 etiam

77 1513 116 1551 in
137 1513 242 1551 malo
262 1513 433 1562 vestigia
451 1511 546 1553 boni
566 1517 710 1552 teneat.
738 1524 955 1563 numquam
976 1518 1127 1553 tantum
1141 1513 1268 1552 virtus
1287 1523 1356 1551 ex-

78 1567 300 1616 stinguitur,
330 1572 374 1607 ut
400 1579 480 1607 non
502 1569 694 1608 certiores
714 1569 845 1608 animo
865 1573 981 1608 notas
1001 1568 1205 1619 inprimat‚
1236 1578 1355 1618 quam

77 1628 121 1662 ut
148 1623 237 1662 illas
263 1624 402 1663 eradat
426 1625 508 1663 ulla
533 1624 711 1664 mutatio.
766 1624 892 1663 Ferae
918 1624 1022 1664 inter
1054 1635 1129 1664 nos
1163 1625 1358 1663 educatae
1375 1628 1399 1665 6

79 1682 183 1718 sunt.
209 1678 249 1717 in
266 1679 390 1718 silvas
407 1685 644 1729 eruperunt:
667 1679 819 1729 aliquid
834 1680 1150 1720 mansuetudinis
1165 1680 1359 1729 pristinae

78 1734 249 1774 retinent
263 1740 496 1784 tantumque
512 1746 536 1774 a
550 1735 832 1785 placidissimis
845 1735 1001 1783 absunt,
1018 1735 1358 1785 quantumaveris

79 1789 176 1829 feris
189 1794 229 1829 et
243 1801 459 1840 numquam
476 1791 687 1830 humanam
702 1802 862 1830 manum
879 1791 1026 1840 passis.
1054 1792 1178 1831 Nemo
1194 1792 1234 1830 in
1251 1802 1359 1830 sum-

81 1856 182 1884 mam
211 1846 428 1895 nequitiam
454 1845 610 1895 incidit,
647 1846 714 1896 qui
740 1858 929 1896 umquam
960 1846 1091 1886 haesit
1125 1846 1358 1896 sapientiae.

80 1901 197 1940 altius
226 1902 396 1941 insectus
424 1907 507 1951 est,
539 1912 656 1951 quam
685 1907 728 1941 ut
754 1913 807 1941 ex
834 1907 917 1942 toto
944 1902 1023 1941 elui
1050 1908 1089 1942 et
1115 1903 1282 1942 transire
1318 1902 1358 1940 in

81 1957 256 1996 colorem
270 1958 418 1996 malum
434 1958 576 2007 possit.
614 1957 767 1997 Deinde
782 1958 997 2006 interrogo,
1012 1963 1143 1998 utrum
1158 1958 1234 1997 iste
1249 1959 1359 1997 serus
1378 1964 1400 2000 7

83 2012 134 2051 sit
158 2013 290 2052 animo
317 2018 467 2053 tantum
494 2024 546 2052 an
573 2017 613 2052 et
629 2013 668 2051 in
689 2012 907 2062 perniciem
923 2013 1125 2063 publicam
1145 2017 1359 2053 excurrat?

82 2066 330 2117 Proposuisti
358 2070 463 2108 enim
489 2068 583 2107 mihi
609 2068 902 2118 Apollodorum
936 2075 976 2108 et
1007 2069 1191 2108 Phalarin
1221 2074 1358 2120 tyran-

84 2133 197 2172 num,
227 2135 396 2174 quorum
426 2125 460 2164 si
486 2129 666 2164 naturam
691 2124 812 2163 habet
836 2124 939 2163 intra
965 2135 1011 2163 se
1036 2124 1184 2173 malus,
1219 2124 1358 2174 quidni

85 2187 160 2226 ego
183 2177 248 2219 isti
273 2179 511 2220 beneficium
530 2191 646 2220 suum
664 2180 849 2226 reddam,
880 2190 931 2221 ne
953 2180 1049 2229 quid
1067 2179 1161 2219 mihi
1182 2190 1272 2220 cum
1290 2180 1357 2220 illo

85 2233 180 2272 iuris
206 2235 258 2275 sit
275 2237 475 2285 amplius?
521 2235 564 2275 Si
584 2246 679 2275 vero
699 2235 894 2284 sanguine
913 2235 1086 2276 humano
1107 2246 1187 2276 non
1205 2240 1354 2276 tantum
1374 2241 1398 2277 8

86 2288 250 2337 gaudet,
277 2291 351 2330 sed
378 2293 576 2342 pascitur,
607 2290 680 2331 sed
699 2295 738 2330 et
761 2291 970 2340 suppliciis
991 2292 1164 2331 omnium
1184 2297 1355 2331 aetatum

86 2343 354 2386 crudelitatem
379 2348 643 2388 insatiabilem
669 2351 848 2395 exercet,
879 2357 954 2387 nec
981 2347 1039 2386 ira
1066 2347 1139 2386 sed
1169 2347 1355 2387 aviditate

1068 2406 1138 2442 10*
