1624 2626
297 197 378 239 214
553 197 595 235 L.
622 196 812 235 ANNAEI
839 195 1064 235 SENECAE
1092 195 1224 235 DIAL.
1243 196 1290 234 X.

262 303 284 336 5
301 301 422 348 plexu
441 300 662 336 scortorum
683 300 750 334 aut
767 295 859 334 vino
880 294 1068 343 exigunt?
1095 295 1192 333 Inde
1211 295 1326 333 etiam
1347 299 1553 343 poetarum

299 356 407 392 furor
427 353 568 390 fabulis
590 351 784 389 humanos
805 359 962 388 errores
982 350 1179 396 alentium,
1203 350 1346 398 quibus
1365 350 1476 388 visus
1493 355 1555 388 est

297 409 444 456 Iupiter
461 407 663 454 voluptate
683 405 916 443 concubitus
932 404 1124 443 delenitus
1136 404 1363 452 duplicasse
1378 409 1552 443 noctem:

299 463 392 511 quid
420 462 527 500 aliud
555 465 617 498 est
639 459 730 498 vitia
750 463 886 498 nostra
904 459 1116 497 incendere
1138 469 1255 506 quam
1275 463 1457 498 auctores
1476 458 1553 496 illis

297 517 516 557 inscribere
541 516 640 553 deos
665 519 705 552 ct
723 515 818 552 dare
838 513 977 551 morbo
999 514 1180 561 exemplo
1204 513 1415 551 divinitatis
1434 523 1553 552 excu-

298 576 424 610 satam
444 569 665 608 licentiam?
684 572 854 617 possunt
871 566 956 605 istis
976 578 1054 606 non
1071 566 1329 606 brevissimae
1343 567 1468 605 videri
1484 578 1553 606 no-

298 631 393 671 ctes,
413 636 512 673 quas
528 630 605 662 tarn
623 634 713 662 care
729 626 978 661 mercantur?
996 622 1099 660 diem
1114 622 1240 661 noctis
1257 622 1555 670 exspectatione

298 681 486 729 perdunt,
507 684 662 717 noctem
681 678 781 716 lucis
802 681 920 715 metu.

257 739 276 772 1
375 735 496 773 XVll.
523 734 642 781 Ipsae
666 734 888 780 voluptates
908 741 1043 770 eorum
1061 731 1238 779 trepidae
1254 730 1551 769 etvariisterro-

296 790 405 828 ribus
421 789 619 836 inquietae
635 791 725 825 sunt
739 787 922 834 subitque
939 796 1027 824 cum
1044 785 1212 823 maxime
1227 785 1459 824 exsultantis
1476 786 1554 823 sol-

299 844 403 882 licita
422 842 626 890 cogitatio:
647 842 773 888 „haec
794 852 912 889 quam
932 840 1059 878 diu?“
1085 840 1149 877 Ab
1168 840 1245 878 hoc
1264 840 1421 878 adfectu
1439 849 1555 886 reges

299 909 412 937 suam
444 897 593 935 flevere
627 895 853 944 potentiam.
895 905 969 933 nec
1001 894 1090 933 illos
1122 894 1349 941 magnitudo
1377 894 1556 932 fortunae

299 962 397 991 suae
428 951 656 998 delectavit,
694 951 768 989 sed
796 954 985 988 venturus
1014 949 1226 997 aliquando
1247 948 1337 986 finis
1358 948 1555 987 exterruit.

261 1008 393 1046 2Cum
425 1017 495 1054 per
531 1016 672 1052 magna
702 1014 931 1052 camporum
958 1003 1085 1052 spatia
1106 1002 1325 1051 porrigeret
1343 1003 1556 1040 exercitum

300 1072 374 1099 nec
406 1070 610 1098 numerum
631 1059 736 1105 eius,
767 1058 840 1096 sed
861 1069 1084 1095 mensuram
1106 1058 1446 1105 conprehenderet
1465 1057 1555 1094 Per—

300 1126 433 1154 sarum
452 1124 525 1151 rex
543 1112 894 1159 insolentissimus,
915 1112 1097 1150 lacrimas
1118 1112 1310 1159 profudit,
1334 1111 1441 1159 quod
1456 1111 1558 1149 intra

301 1174 457 1208 centum
473 1177 600 1206 annos
616 1177 732 1205 nemo
748 1177 798 1204 ex
807 1166 1122 1205 tantaiuventute
1135 1166 1412 1213 superfuturus
1428 1171 1556 1204 esset:

300 1229 340 1263 at
358 1224 433 1262 illis
454 1223 685 1260 admoturus
706 1226 790 1260 erat
809 1221 928 1260 fatum
948 1220 1048 1268 ipse,
1071 1219 1139 1267 qui
1159 1219 1290 1267 flebat,
1311 1220 1555 1268 perditurus-

301 1289 379 1327 que
402 1278 501 1316 alios
522 1277 560 1314 in
581 1276 697 1323 mari,
716 1276 816 1314 alios
835 1276 874 1313 in
889 1279 1011 1322 terra,
1036 1274 1135 1312 alios
1152 1274 1325 1322 proelio,
1347 1273 1446 1312 alios
1463 1274 1558 1321 fuga

301 1339 340 1372 et
358 1334 458 1371 intra
478 1332 663 1379 exiguum
682 1335 838 1378 tempus
859 1333 1166 1377 consumpturus
1181 1328 1282 1375 illos,
1306 1328 1447 1376 quibus
1465 1338 1556 1366 een-

256 1395 278 1429 3
299 1388 482 1426 tesimum
502 1396 647 1424 annum
669 1385 840 1424 timebat.
879 1384 999 1431 Quid,
1021 1383 1130 1431 quod
1152 1383 1296 1430 gaudia
1315 1392 1475 1430 quoque
1489 1392 1556 1421 eo-

300 1453 386 1480 rum
404 1441 559 1488 trepida
578 1444 695 1478 sunt?
713 1450 791 1477 non
812 1438 916 1477 enim
935 1437 1074 1477 solidis
1095 1437 1227 1475 causis
1243 1437 1469 1484 innituntur,
1485 1437 1559 1474 sed

301 1497 460 1542 eadem,
499 1505 578 1543 qua
605 1495 800 1539 oriuntur,
827 1493 998 1531 vanitate
1016 1492 1233 1530 turbantur.
1275 1491 1410 1538 Qualia
1428 1495 1558 1529 autem

304 1556 417 1599 putas
449 1560 542 1588 esse
571 1555 751 1596 tempora
775 1548 890 1586 etiam
913 1548 1089 1595 ipsorum
1118 1546 1371 1584 confessione
1393 1545 1557 1593 misera,

303 1615 390 1643 cum
411 1605 509 1642 haec
531 1614 703 1652 quoque,
724 1603 867 1651 quibus
888 1613 931 1641 se
951 1602 1143 1639 adtollunt
1163 1605 1201 1639 et
1219 1611 1342 1648 super
1360 1600 1558 1638 hominem

264 1663 287 1696 4
302 1660 481 1705 efferunt,
503 1669 641 1706 parum
663 1658 820 1696 sincera
837 1661 952 1695 sunt?
970 1656 1142 1694 Maxima
1159 1665 1342 1703 quaeque
1355 1655 1461 1693 bona
1477 1655 1557 1692 sol-

302 1715 407 1753 licita
439 1718 529 1752 sunt
560 1723 635 1750 nec
666 1712 734 1750 ulli
771 1712 952 1750 fortunae
979 1711 1108 1748 minus
1127 1709 1229 1747 bene
1250 1719 1367 1757 quam
1386 1708 1558 1756 optimae

303 1769 493 1807 creditur:
530 1767 607 1806 alia
637 1767 819 1805 felicitate
845 1767 896 1804 ad
921 1766 1107 1804 tuendam
1134 1763 1354 1802 felicitatem
1375 1774 1476 1811 opus
1496 1767 1559 1801 est

303 1829 342 1862 et
364 1834 436 1871 pro
456 1822 575 1871 ipsis,
610 1832 714 1870 quae
733 1830 988 1867 successere,
1021 1819 1124 1858 votis
1142 1824 1236 1857 vota
1254 1817 1434 1855 facienda
1453 1821 1556 1855 sunt.

303 1888 420 1917 omne
441 1877 561 1923 enim,
584 1877 692 1924 quod
715 1876 873 1914 fortuito
895 1874 1072 1921 obvenit,
1094 1872 1274 1912 instabile
1293 1876 1365 1910 est.
1405 1882 1483 1919 quo
1502 1872 1556 1908 al-

299 1933 380 1970 tius
414 1932 647 1976 surrexerit,
683 1929 945 1978 opportunius
979 1933 1040 1968 est
1064 1928 1103 1967 in
1124 1937 1321 1966 occasum.
1363 1926 1556 1964 neminem

303 1998 423 2034 porro
441 1996 583 2025 casura
598 1986 811 2024 delectant:
831 1984 1088 2023 miserrimam
1097 1992 1191 2030 ergo
1207 1991 1375 2019 necesse
1389 1985 1462 2027 est,
1478 1990 1556 2018 non

303 2045 453 2079 tantum
473 2041 747 2079 brevissimam
765 2039 884 2078 vitam
905 2049 1041 2078 eorum
1059 2046 1162 2083 esse,
1180 2036 1245 2083 qui
1260 2046 1403 2083 magno
1418 2037 1559 2084 parant

304 2095 458 2142 labore,
490 2096 598 2144 quod
619 2095 768 2133 maiore
789 2094 1038 2142 possideant:
1073 2100 1243 2138 operose
1264 2090 1555 2137 adsequuntur,

269 2159 289 2192 5
306 2160 408 2198 quae
427 2152 580 2196 volunt,
602 2150 708 2188 anxii
727 2153 878 2196 tenent,
909 2158 1010 2195 quae
1028 2145 1207 2185 adsecuti
1229 2149 1332 2183 sunt.
1367 2144 1480 2182 Nulla
1498 2143 1557 2180 in-

305 2204 415 2243 terim
440 2215 654 2252 numquam
677 2204 846 2251 amplius
864 2200 1025 2242 redituri
1043 2199 1231 2247 temporis
1251 2200 1349 2237 ratio
1369 2202 1441 2236 est.
1485 2207 1557 2235 no-

305 2269 380 2297 vae
401 2259 683 2306 occupationes
701 2258 903 2297 veteribus
919 2255 1222 2299 substituuntur,
1242 2264 1337 2302 spes
1357 2262 1469 2301 spem
1488 2261 1556 2289 ex—

307 2312 408 2361 citat,
426 2312 676 2351 ambitionem
689 2313 860 2352 ambitio.
890 2310 1132 2350 miseriarum
1145 2319 1224 2347 non
1240 2307 1330 2347 finis
1348 2305 1557 2356 quaeritur.
