1624 2626
318 190 385 230 DE
411 188 850 238 TRANQUILLITATE
877 190 1036 230 ANIMI.
1075 198 1108 232 1.
1302 190 1384 233 173

93 304 255 345 quoque
273 293 454 333 velocior
473 293 638 333 domum
656 292 807 342 gradus
827 297 909 340 est,
935 293 1068 342 placet
1085 293 1189 332 intra
1208 293 1384 343 parietes

93 361 190 392 suos
221 350 350 389 vitam·
378 359 581 389 coercere.
623 359 769 397 „nemo
803 349 926 389 ullum
960 350 1116 388 auferat
1149 350 1254 388 diem
1287 350 1385 389 nihil

92 407 254 455 dignum
274 410 383 444 tanto
405 404 597 455 inpendio
618 403 864 444 redditurus.
902 403 980 444 sibi
998 405 1091 454 ipse
1110 406 1268 445 animus
1288 405 1383 445 hae-

90 467 196 511 reat,
227 471 274 500 se
308 462 434 510 colat,
474 459 574 501 nihil
609 459 730 500 alieni
763 464 875 510 agat,
907 460 1004 500 nihil
1042 461 1153 510 quod
1192 461 1245 501 ad
1281 461 1384 500 iudi-

92 529 181 557 cem
217 521 385 567 spectet.
434 521 589 556 ametur
626 527 774 566 expers
813 516 999 566 publicae
1031 516 1296 567 privataeque
1317 527 1384 557 cu·
1444 546 1447 549 ·

90 584 162 613 rae
187 572 495 623 tranquillitas.“
535 572 616 612 Sed
643 573 713 612 ubi
738 573 856 612 lectio
885 572 1026 612 fortior
1051 573 1180 612 erexit
1207 573 1384 612 animum
1397 581 1442 615 12

93 634 133 669 et
151 630 315 669 aculeos
335 628 602 668 subdiderunt
620 629 807 678 exempla
823 628 993 676 nobilia,
1018 629 1207 678 prosilire
1226 629 1326 668 libet
1343 629 1383 668 in

93 687 243 733 forum,
271 685 528 724 commodare
556 685 671 724 alteri
690 695 853 732 vocem,
881 683 995 724 alteri
1014 695 1201 734 operam,
1229 685 1384 724 etiamsi

93 741 189 781 nihil
221 742 491 790 profuturam,
523 745 657 779 tamen
692 745 924 780 conaturam
958 741 1179 790 prodesse,
1215 741 1384 780 alicuius

94 807 284 838 coercere
303 796 343 837 in
362 798 452 836 foro
472 796 704 845 superbiam
722 797 826 835 male
845 796 1036 836 secundis
1053 797 1178 836 rebus
1199 797 1304 836 elati.
1341 797 1386 835 In
1398 805 1442 839 13

94 852 237 893 studiis
258 857 353 902 puto
380 853 629 892 mehercules
650 852 794 891 melius
822 862 916 892 esse
942 863 1010 891 res
1038 853 1150 902 ipsas
1177 852 1322 892 intueri
1349 857 1388 891 et

94 909 234 949 harum
264 919 390 948 causa
414 908 546 957 loqui,
579 913 754 947 ceterum
772 907 899 947 verba
922 908 1046 947 rebus
1066 909 1315 958 permittere,
1345 914 1388 948 ut

98 976 179 1014 qua
210 964 417 1012 duxerint,
450 964 527 1003 hac
559 963 809 1003 inelaborata
841 968 1037 1013 sequatur
1069 964 1212 1004 oratio.
1251 994 1274 1012 „
1287 963 1387 1014 quid

95 1031 201 1071 opus
220 1025 283 1060 est
301 1020 450 1060 seculis
470 1020 661 1059 duratura
680 1024 940 1068 conponere?
957 1019 1021 1059 vis
1040 1024 1083 1058 tu
1097 1030 1178 1058 non
1194 1020 1235 1059 id
1249 1029 1385 1069 agere,

39 1120 42 1123 ,
95 1087 147 1116 ne
164 1081 204 1116 te
223 1075 375 1125 posteri
391 1079 574 1114 taceant?
601 1075 719 1114 morti
737 1079 855 1115 natus
875 1085 936 1114 es.
963 1076 1097 1115 minus
1111 1076 1387 1115 molestiarum

94 1132 215 1172 habet
239 1132 359 1171 sunus
386 1131 560 1171 tacitum.
605 1130 742 1180 itaque
770 1131 997 1180 occupandi
1024 1133 1218 1181 temporis
1246 1142 1385 1178 causa,

95 1189 135 1227 in
154 1199 272 1227 usum
297 1193 430 1236 tuum,
456 1198 539 1227 non
564 1186 605 1226 in
632 1186 893 1236 praeconium
921 1187 1073 1237 aliquid
1101 1187 1274 1238 simplici
1294 1188 1385 1226 stilo

97 1243 242 1283 scribe.
281 1244 436 1283 minore
467 1243 605 1282 labore
640 1253 745 1291 opus
779 1247 842 1282 est
875 1242 1130 1282 studentibus
1164 1244 1204 1282 in
1240 1243 1386 1282 diem.“

96 1300 253 1339 Rursus
271 1299 340 1338 ubi
361 1307 407 1338 se
438 1299 596 1338 animus
624 1299 907 1347 cogitationum
928 1300 1201 1348 magnitudine
1227 1300 1385 1346 levavit,
1398 1303 1442 1337 14

96 1355 333 1395 ambitiosus
365 1354 406 1394 in
437 1354 563 1394 verba
590 1359 654 1394 est
685 1355 886 1404 altiusque
915 1359 959 1394 ut
987 1357 1143 1405 spirare
1169 1357 1224 1395 ita
1250 1354 1386 1404 eloqui

97 1411 218 1460 gestit
249 1417 289 1451 et
321 1410 374 1449 ad
408 1409 638 1460 dignitatem
668 1420 803 1450 rerum
836 1410 920 1449 exit
947 1412 1087 1451 oratio.
1128 1411 1277 1450 oblitus
1304 1416 1387 1449 tum

99 1466 200 1515 legis
221 1465 519 1516 pressiorisque
546 1466 683 1506 iudicii
702 1467 912 1506 sublimius
933 1468 1042 1507 feror
1060 1473 1099 1506 et
1119 1478 1190 1507 ore
1209 1468 1288 1506 iam
1305 1478 1386 1506 non

101 1533 206 1562 meo.
243 1522 302 1560 Ne
333 1522 491 1571 singula
516 1522 663 1562 diutius
691 1533 935 1572 persequar,
969 1523 1008 1562 in
1043 1524 1230 1563 omnibus
1262 1523 1441 1562 rebusl5

101 1578 202 1616 haec
228 1588 293 1616 me
319 1578 501 1627 sequitur
525 1578 661 1618 bonae·
682 1578 827 1618 mentis
854 1579 1077 1618 infirmitas.
1117 1580 1182 1618 cui
1209 1589 1260 1617 ne
1288 1589 1386 1627 pau-

102 1632 209 1673 latim
228 1632 403 1672 defluam
421 1644 584 1681 vereor,
608 1638 675 1674 aut
694 1634 806 1684 quod
825 1640 888 1674 est
907 1635 1115 1675 sollicitius
1127 1666 1137 1684 ,
1157 1645 1209 1674 ne
1227 1645 1389 1684 semper

104 1700 249 1728 casuro
277 1689 417 1728 similis
445 1690 642 1738 pendeam
669 1694 709 1729 et
733 1691 826 1739 plus
854 1691 1028 1731 fortasse
1056 1692 1108 1730 sit
1136 1702 1254 1740 quam
1277 1690 1389 1740 quod

103 1746 193 1794 ipse
213 1745 418 1794 pervideo.
454 1744 696 1784 familiariter
713 1746 817 1785 enim
836 1746 1059 1786 domestica
1078 1747 1328 1796 adspicimus
1349 1750 1389 1784 et

105 1811 266 1850 semper
286 1800 434 1840 iudicio
458 1801 573 1840 favor
595 1801 731 1840 officit.
763 1801 863 1841 Puto
882 1804 1029 1843 multos
1052 1804 1237 1852 potuisse
1252 1803 1305 1841 ad
1325 1812 1387 1841 sa·
1400 1810 1444 1844 16

106 1856 294 1906 pientiam
305 1857 530 1905 pervenire,
539 1857 616 1896 nisi
631 1862 838 1906 putassent
847 1868 893 1897 se
910 1859 1157 1908 pervenisse,
1168 1858 1247 1897 nisi
1264 1868 1387 1907 quae-

105 1914 199 1952 dam
222 1912 262 1952 in
290 1923 337 1952 se
360 1912 700 1960 dissimulassent,
729 1913 902 1962 quedam
924 1915 1076 1963 opertis
1101 1915 1230 1954 oculis
1257 1919 1388 1953 trans-

106 1969 323 2017 siluissent.
342 1979 425 2008 non
445 1973 506 2007 est
525 1968 641 2016 enim,
664 1969 773 2017 quod
789 1970 916 2018 magis
937 1971 1066 2009 aliena
1079 1970 1235 2009 iudices
1249 1970 1388 2009 adula-

105 2025 215 2065 tione
228 2035 304 2064 nos
322 2025 453 2074 perire
470 2034 589 2073 quam
605 2029 754 2063 nostra.
765 2025 856 2074 quis
871 2025 948 2064 sibi
962 2036 1103 2065 verum
1113 2026 1248 2065 dicere
1263 2037 1389 2066 ausus

107 2085 197 2121 est?
222 2080 312 2129 quis
331 2092 413 2120 non
436 2079 537 2119 inter
563 2078 806 2119 laudantium
832 2081 1204 2131 blandientiumque
1230 2082 1389 2131 positus

110 2146 255 2185 greges
275 2137 488 2186 plurimum
516 2142 648 2175 tamen
679 2134 756 2174 sibi
781 2136 872 2185 ipse
890 2137 1124 2176 adsentatus
1153 2142 1242 2177 est?
1273 2138 1389 2188 Rogo
1403 2147 1446 2184 17

108 2193 264 2241 itaque,
298 2192 333 2232 si
353 2193 464 2241 quod
482 2192 608 2231 habes
626 2191 847 2231 remedium
866 2203 947 2241 quo
967 2193 1072 2232 hane
1091 2192 1393 2234 fluctuationem

110 2257 240 2287 meam
262 2247 396 2295 sistas,
426 2249 591 2297 dignum
623 2257 686 2286 me
714 2251 842 2295 putes,
875 2248 945 2297 qui
971 2249 1041 2288 tibi
1069 2250 1393 2300 tranquillitatem

112 2303 294 2343 debeam.
325 2304 413 2343 Non
430 2314 522 2344 esse
538 2303 791 2353 periculosos
806 2308 940 2343 motus
953 2303 1077 2344 animi
1086 2315 1161 2345 nec
1176 2306 1394 2356 quicquam

116 2360 345 2400 tumultuosi
375 2359 592 2400 adferentis
623 2359 720 2399 scio.
767 2363 812 2398 ut
838 2369 934 2399 vera
959 2360 1030 2400 tibi
1044 2361 1312 2403 vsimilitudine
1338 2361 1392 2411 id,
