1592 2580
282 160 467 201 NATUR.
490 159 704 210 QUAEST.
731 161 828 201 LIB.
840 163 909 202 VI.
937 168 1110 204 22—24.
1254 164 1339 208 289

50 260 141 301 illas
169 270 278 301 mare
300 259 498 308 inmersit,
532 261 627 300 dicit
646 261 687 301 id
708 261 816 311 quod
837 262 876 301 in
898 263 1032 312 priore
1053 268 1168 313 parte
1186 261 1335 306 dictum

52 323 134 357 est:
162 316 361 367 „Spiritus
381 317 498 356 intrat
518 321 663 356 terram
683 327 757 367 per
777 319 934 358 occulta
953 319 1168 368 foramina,
1184 332 1333 370 ‹quem-

4 407 5 413 ,
50 374 266 413 admodum
284 373 455 422 ubique,
478 372 533 411 ita
551 377 591 412 et
606 373 682 412 sub
697 373 807 412 mari.
836 374 983 414 deinde
998 385 1088 414 cum
1103 375 1333 417 obstructus

4 451 5 477 ;
50 434 114 469 est
139 429 205 468 ille
230 434 399 475 trames,
438 439 512 478 per
540 439 660 478 quem
689 430 975 479 descenderat,
1003 430 1174 471 reditum
1201 437 1333 472 autem

4 482 6 516 i
49 484 105 524 illi
124 495 148 524 a
166 490 277 533 tergo
297 484 491 524 resistens
513 495 618 534 aqua
639 485 820 534 abstulit,
839 485 918 525 huc
938 492 977 524 et
994 486 1089 526 illuc
1108 488 1276 527 refertur
1295 494 1334 528 et

48 540 125 580 sibi
146 540 236 590 ipse
256 551 474 580 occurrens
493 544 637 579 terram
656 541 882 581 labefactat.
929 541 1026 582 Ideo
1054 543 1331 594 frequentissi-

46 606 111 635 me
129 595 229 635 mari
248 596 436 646 adposita
452 601 647 635 vexantur
665 601 704 635 et
722 597 816 636 inde
830 597 1014 646 Neptuno
1030 597 1130 637 haec
1145 599 1329 648 adsigna—

46 657 87 692 ta
112 657 176 692 est
201 652 322 691 maris
343 651 531 691 movendi
551 653 768 701 potentia.⁴‘
814 652 1006 702 Quisquis
1028 654 1176 702 primas
1196 655 1332 694 literas

47 708 223 747 Graecas
253 708 410 757 didicit,
442 708 518 748 scit
536 708 646 748 illum
665 708 774 758 apud
792 708 1011 749 Homerum
1025 704 1332 762 Ἐνοσίχθονα

45 764 197 803 vocari.

127 819 268 858 XXIV.
314 818 558 869 Spiritum
600 830 719 860 esse
758 819 878 860 huius
914 820 1009 859 mali
1046 831 1249 860 causam
1284 826 1366 861 etl

21 874 159 924 'ipse
198 875 495 914 consentio:
537 875 598 915 de
625 877 718 915 illo
747 876 1046 925 disputabo,
1078 877 1329 926 quomodo

45 930 205 970 intret
239 930 319 970 hic
358 931 600 980 spiritus,
638 937 770 971 utrum
794 943 868 981 per
885 932 1019 971 tenuia
1039 932 1236 971 foramina
1253 943 1328 972 nec

18 993 19 1029 J
46 986 175 1027 oculis
204 986 569 1035 conprehensibilia
595 998 646 1026 au
672 998 746 1037 per
773 988 926 1027 maiora
951 998 999 1027 ac
1019 988 1267 1038 patentiora,
1290 994 1329 1027 et

45 1049 178 1082 utrum
203 1042 253 1080 ab
273 1043 352 1081 imo
373 1053 423 1081 an
442 1043 560 1082 etiam
579 1053 652 1092 per
671 1054 826 1082 summa
843 1049 1049 1083 terrarum.
1095 1044 1182 1083 Hoc
1201 1044 1326 1083 incre·
1343 1050 1364 1083 2

46 1092 269 1137 dibile‘est.
307 1109 398 1137 nam
425 1097 465 1137 in
495 1099 643 1138 nostris
671 1109 835 1149 quoque
859 1099 1099 1149 corporibus
1121 1100 1222 1139 cutis
1245 1100 1325 1149 spi-

45 1154 163 1192 ritum
197 1154 351 1203 respuit
381 1164 513 1203 neque
546 1159 609 1193 est
642 1155 698 1194 illi
734 1155 918 1194 introitus
933 1185 944 1203 ‚
987 1155 1065 1193 nisi
1098 1166 1173 1204 per
1207 1165 1326 1204 quem

43 1209 230 1257 trahitur,
268 1219 401 1258 neque
428 1210 649 1249 consistere
670 1210 830 1259 quidem
850 1221 874 1249 a
893 1209 1010 1249 nobis
1030 1216 1215 1260 receptus
1237 1216 1325 1259 pot-

44 1269 108 1304 est
133 1264 210 1303 nisi
235 1265 274 1303 in
298 1265 443 1307 laxiori
463 1265 647 1314 corporis
669 1272 795 1316 parte.
832 1277 911 1306 non
932 1266 1037 1304 enim
1055 1266 1157 1304 inter
1176 1276 1324 1306 nervos

43 1321 264 1370 pulpasve,
292 1320 367 1360 sed
386 1321 426 1359 in
447 1321 671 1360 visceribus
691 1327 731 1361 et
749 1322 884 1371 patulo
905 1321 1102 1360 interioris
1121 1323 1244 1370 partis
1260 1332 1322 1360 re-

45 1386 167 1415 cessu
194 1381 462 1415 conmoratur.
518 1377 629 1415 Idem
649 1377 700 1416 de
726 1383 833 1417 terra
853 1377 1053 1425 suspicari
1079 1377 1252 1415 licetvel
1272 1382 1360 1417 ex3

45 1430 124 1470 hoc
135 1462 145 1480 ,
177 1431 288 1480 quod
307 1437 438 1471 motus
457 1442 538 1470 non
558 1431 598 1470 in
615 1443 768 1471 summa
784 1437 890 1471 terra
906 1433 1063 1471 circave
1080 1443 1234 1471 summa
1248 1438 1321 1481 est,

45 1487 121 1526 sed
149 1486 286 1526 subter
312 1492 352 1525 et
378 1487 427 1525 ab
456 1486 547 1526 imo.
583 1487 701 1527 huius
731 1488 936 1534 indicium,
968 1488 1078 1536 quod
1105 1487 1321 1527 altitudinis

43 1542 269 1592 profundae
287 1544 412 1581 maria
432 1543 636 1592 iactantur,
665 1543 783 1582 motis
804 1543 956 1583 scilicet
975 1543 1057 1590 his,
1078 1553 1202 1592 supra
1218 1554 1321 1593 quae

45 1599 136 1637 susa
170 1604 285 1637 sunt:
329 1600 424 1646 ergo
463 1599 747 1638 verisimile
782 1603 861 1638 est
900 1605 1085 1638 terram
1122 1609 1182 1637 ex
1218 1601 1320 1639 alto

44 1654 234 1693 moveri
269 1659 317 1693 et
358 1653 469 1692 illic
511 1654 746 1703 spiritum
784 1655 833 1693 in
870 1655 1108 1694 cavernis
1145 1655 1318 1704 ingen-

0 1737 1 1747 ,
42 1709 182 1749 tibus
219 1709 437 1758 concipi.
493 1709 666 1758 ‚‚Immo,
705 1710 858 1759 inquis,
891 1720 966 1749 ceu
987 1720 1076 1748 cum
1096 1710 1244 1759 frigore
1263 1712 1358 1752 in-4

0 1809 1 1812 Ἴ
42 1764 291 1812 horruimus,
325 1770 473 1804 tremor
499 1766 698 1815 sequitur,
729 1766 788 1804 sic
814 1771 940 1805 terras
964 1775 1127 1814 quoque
1154 1766 1318 1815 spiritus

43 1821 295 1860 extrinsecus
323 1820 511 1859 accidens
541 1824 747 1870 quassat.“
781 1821 891 1870 quod
918 1822 1026 1860 nullo
1046 1821 1166 1860 modo
1186 1826 1321 1871 potest

42 1875 142 1915 fieri.
173 1877 306 1924 algere
326 1876 428 1914 enim
452 1877 589 1924 debet,
618 1881 662 1916 ut
681 1877 786 1915 idem
807 1877 862 1915 illi
883 1877 1039 1916 accidat
1059 1877 1167 1926 quod
1189 1876 1318 1925 nobis,

44 1942 148 1980 quos
169 1936 334 1971 externa
352 1942 476 1971 causa
494 1933 532 1970 in
553 1932 759 1971 horrorem
779 1932 871 1980 agit.
900 1932 1083 1971 accidere
1098 1936 1227 1971 autem
1242 1935 1348 1972 ter!

42 1997 113 2026 rae
137 1987 264 2026 simile
284 1987 474 2036 quiddam
499 1994 660 2029 nostrae
678 1987 909 2035 adfectioni‚
940 1988 1014 2026 sed
1032 1998 1112 2027 non
1133 1998 1183 2026 ex
1202 1987 1319 2027 simili

45 2051 169 2081 causa
194 2043 478 2082 concesserim.
524 2044 635 2082 illam
660 2043 824 2082 interior
843 2049 882 2082 et
902 2043 1017 2082 altior
1038 2043 1179 2082 iniuria
1201 2043 1354 2084 debeis

46 2097 253 2146 inpellere:
283 2099 398 2138 cuius
418 2099 476 2137 rei
495 2104 768 2148 argumentum
783 2099 848 2138 vel
863 2098 1077 2137 max-imum
1092 2099 1170 2137 hoc
1186 2104 1320 2147 potest

46 2161 158 2200 esse,
187 2154 298 2204 quod
317 2165 407 2193 cum
426 2154 651 2193 vehementi
666 2160 775 2193 motu
790 2155 1024 2203 adapertum
1040 2154 1188 2203 ingenti
1203 2154 1319 2193 ruina

47 2208 176 2246 solum
193 2214 274 2258 est,
300 2215 405 2250 totas
425 2221 723 2259 nonnumquam
741 2210 862 2249 urbes
883 2214 923 2249 et
941 2210 1083 2259 recipit
1101 2209 1232 2248 hiatus
1252 2210 1317 2249 iile

48 2267 88 2302 et
113 2263 331 2304 abscondit.
377 2266 634 2317 Thucydides
662 2266 714 2304 ait
741 2266 847 2305 circa
872 2264 1203 2313 Peloponnesiaci
1226 2266 1316 2304 belli
1331 2271 1354 2307 6

49 2321 204 2367 tempus
223 2319 431 2360 Atalanten
452 2323 619 2362 insulam
639 2326 707 2362 aut
723 2326 843 2362 totam
863 2326 930 2361 aut
949 2325 1057 2360 certe
1072 2321 1246 2361 maxima
1265 2331 1317 2360 ex

104 2386 235 2413 smum
252 2388 342 2415 rau..
363 2380 405 2415 IL
1063 2381 1106 2417 19
