1624 2626
286 184 366 226 292
570 199 572 204 ·
663 183 705 221 L.
727 182 914 221 ANNAEI
945 181 1169 222 SENECAE

290 284 384 333 quid
411 283 514 320 enim
541 282 696 320 stultius
724 291 841 329 quam
868 280 907 318 in
935 280 1122 319 iumentis
1137 281 1295 329 quidem
1316 287 1354 320 et
1378 273 1541 320 canibus

289 338 527 376 erubescere
561 337 656 374 iram
692 345 880 374 exercere
899 364 908 382 ,
948 336 1124 383 pessima
1153 339 1281 373 autem
1311 336 1542 374 condicione

289 388 569 439 sub‘Ummine]
597 390 794 429 heminem
823 393 942 427 esse?
983 389 1354 429 Morbismed'em‘ur
1373 391 1541 428 1166113-

289 445 448 485 scimur.
477 446 584 494 atqui
605 451 642 483 et
655 445 718 483 hic
734 444 894 482 morbus
911 443 1116 483 65131111111.
1139 444 1296 482 mollem
1310 445 1544 483 medicinam

290 500 492 539 desiderat
522 500 734 549 ipsumque
767 499 988 537 medentem
1015 499 1172 537 minime
1199 499 1384 538 infestum
1411 496 1543 547 aegro.

253 566 274 599 2
288 555 380 594 Mali
406 555 550 593 medici
577 559 638 593 est
657 555 872 602 desperare
894 557 958 600 [ne
979 557 1122 600 cures].
1139 553 1319 598 ·1(16111111
1337 553 1418 600 his,
1448 564 1543 602 quo-

288 621 377 649 rum
398 610 550 648 animus
570 610 750 647 adfectus
771 613 842 654 est⁷
863 609 994 646 facere
1014 607 1181 656 debebit,
1204 608 1266 646 cui
1280 607 1421 647 tradita
1437 607 1544 646 satus

290 665 464 704 omnium
491 668 570 712 est,
600 674 679 702 non
699 663 774 702 cito
795 672 907 711 spem
927 662 1107 711 proicere
1126 673 1199 700 nec
1219 663 1418 701 mortifera
1435 663 1532 710 sign¹
1525 675 1548 700 1

289 719 564 768 pronuntiare:
603 719 769 757 luctetur
791 728 878 756 cum
899 717 1020 765 vitiis,
1054 718 1230 764 resistat,
1260 716 1347 755 aliis
1367 717 1547 755 morbum

290 785 406 813 suum
425 773 657 822 exprobret,
687 773 883 821 quosdam
902 772 1007 810 1110111
1029 782 1097 810 6111
1100 772 1228 810 atione
1249 767 1419 820 decipiat
1434 772 1546 810 citius
1580 778 1581 781 ’

290 829 511 877 meliusque
537 832 747 866 sanaturus
777 826 962 872 remediis
981 826 1218 865 fallentibus
1253 831 1343 874 agat
1361 826 1546 874 princeps

290 893 425 922 curam
451 893 532 921 non
553 888 702 921 tantum
721 883 876 928 salutis,
907 882 980 919 sed
1000 881 1115 920 etiam
1134 881 1324 921 honestae
1344 881 1548 919 cicatricis.

253 941 276 975 3
289 938 402 977 Nulla
420 938 504 985 regi
522 937 648 985 gloria
668 941 729 975 est
745 947 796 975 ex
813 947 935 974 saeva
949 937 1308 988 ammadversione:
1340 936 1428 984 quis
1446 936 1548 973 enim

291 992 443 1044 dubitat
469 996 619 1040 posse?
651 997 689 1030 31
709 997 844 1030 contra
863 990 1050 1038 maxima,
1081 990 1116 1028 si
1134 992 1213 1029 vim
1234 1000 1344 1029 suam
1366 991 1547 1037 continet,

292 1047 327 1085 si
346 1047 490 1084 multos
510 1046 593 1084 irae
611 1046 763 1084 alienae
783 1045 943 1093 eripuit,
968 1045 1162 1083 neminem
1184 1056 1281 1084 suae
1298 1045 1487 1094 inpendit.

254 1107 273 1139 1
369 1100 507 1138 XVIII.
541 1099 674 1138 Servis
695 1100 889 1148 imperare
908 1100 1109 1138 moderate
1128 1100 1215 1138 laus
1233 1105 1303 1138 est.
1335 1105 1373 1138 et
1390 1100 1428 1137 in
1442 1109 1547 1136 man-

291 1155 395 1204 cipio
417 1155 667 1203 cogitandum
688 1160 748 1193 est
766 1165 845 1193 non
866 1160 1054 1207 quantum
1074 1154 1171 1196 illud
1190 1155 1338 1202 inpune
1356 1155 1436 1207 pati
1458 1164 1548 1202 pos-

292 1211 360 1257 sit,
382 1210 470 1254 56(1
504 1214 691 1258 quantum
723 1209 791 1248 tibi
825 1209 1020 1257 permittat
1053 1209 1171 1257 aequi
1197 1209 1371 1257 bonique
1399 1213 1548 1254 natura,

292 1269 395 1326 quae
411 1274 576 1312 parcere
592 1264 707 1302 etiam
724 1263 891 1312 captivis
903 1268 940 1300 et
952 1264 1073 1311 pretio
1086 1264 1232 1311 paratis
1248 1263 1373 1301 iubet:
1402 1269 1548 1311 quanto

291 1318 432 1358 iustius
461 1319 569 1357 iubet
594 1318 819 1357 hominibus
845 1317 996 1363 liberis,
1006 1356 1008 1359 ,
1034 1318 1235 1368 bagennis,
1262 1317 1441 1356 honestis
1470 1328 1550 1355 non

291 1379 333 1412 ut
359 1373 578 1421 mancipiis
591 1373 716 1420 abuti,
746 1373 834 1423 [sed
852 1372 928 1418 his]
953 1383 1054 1420 quos
1075 1372 1202 1420 gradu
1220 1373 1446 1410 antecedas
1453 1382 1549 1421 quo-

255 1434 276 1466 2
291 1437 456 1477 rumque
483 1428 550 1466 tibi
579 1438 659 1466 non
680 1428 848 1466 servitus
871 1427 1013 1465 tradita
1033 1428 1101 1473 sit,
1133 1426 1205 1479 sed
1226 1428 1370 1465 tutela?
1416 1426 1550 1464 Servis
1615 1437 1617 1476 j

291 1483 343 1522 ad
363 1487 530 1522 statuam
550 1482 640 1526 licet
659 1483 883 1543 confugere.
911 1491 998 1519 cum
1019 1482 1057 1519 in
1078 1476 1236 1520 servum
1253 1482 1383 1519 omnia
1397 1481 1550 1527 liceant,

292 1543 354 1576 est
379 1537 557 1585 aliquid,
577 1536 687 1584 quod
713 1537 752 1574 111
779 1535 977 1574 hominem
1004 1536 1123 1574 licere
1151 1546 1358 1576 commune
1384 1535 1446 1574 ius
1470 1536 1550 1574 ani-

291 1590 480 1630 mantium
500 1594 615 1628 vetet.
663 1590 756 1638 QuIs
773 1601 851 1629 non
865 1590 1038 1629 Vedium
1052 1591 1270 1630 Pollionem
1286 1590 1398 1639 peius
1416 1591 1552 1629 oderat
1610 1631 1612 1642 Α

294 1657 413 1694 quam
440 1645 544 1687 servi
566 1645 648 1693 sui,
680 1642 789 1694 quod
815 1655 1025 1684 muraenas
1044 1645 1236 1694 sanguine
1255 1644 1426 1684 humano
1448 1645 1550 1692 sagi·
1609 1681 1611 1691 ,

293 1701 412 1739 nabat
438 1705 486 1738 et·
503 1710 593 1747 eos,
634 1700 699 1748 qui
727 1711 772 1739 se
800 1700 950 1748 aliquid
979 1700 1244 1746 offenderant,
1266 1701 1322 1738 ‘in
1348 1700 1550 1746 vivarium,
1608 1692 1610 1700 ⁴

295 1753 393 1803 quid
403 1755 517 1802 ‚atiud
537 1765 654 1803 quam
675 1755 935 1803 serpentium,
960 1755 1062 1793 abici
1081 1751 1267 1794 1011611312
1308 1753 1337 1792 O
1354 1754 1551 1793 hominem
1606 1782 1608 1788 ,

293 1810 384 1848 111116
400 1809 595 1850 ,mortibus
617 1809 795 1858 dignum!
828 1806 1182 1849 sive'devorandos
1201 1807 1340 1848 servos
1357 1808 1552 1848 obiciebat
1604 1819 1606 1843 ρ

294 1862 512 1916 muraenis,
541 1873 641 1912 quas
663 1874 804 1903 esurus
825 1869 926 1911 erat,
955 1865 1041 1902 sive
1059 1866 1097 1902 in
1117 1865 1192 1903 hoc
1206 1868 1355 1916 tantum
1371 1864 1456 1901 illas
1474 1864 1550 1901 ale-

258 1920 380 1965 3bat‚
410 1925 452 1958 ut
479 1919 537 1958 516
563 1917 696 1957 aleret.
745 1919 1082 1966 Quemadmodum
1102 1918 1248 1957 domini
1270 1918 1449 1956 crudeles
1469 1923 1550 1956 tota

297 1974 451 2012 civitate
470 1979 827 2013 ,commonstrantur
845 1974 1042 2022 invisique
1058 1979 1096 2012 et
1111 1972 1361 2012 detestabiles
1379 1977 1479 2019 sunt,
1500 1973 1552 2010 113

296 2037 433 2075 regum
461 2033 499 2066 et
524 2028 664 2067 iniuria
692 2029 807 2068 latius
836 2034 943 2077 patet
962 2035 1000 2067 et
1021 2027 1178 2067 infamia
1197 2031 1314 2075 atque
1335 2027 1466 2067 odium
1489 2037 1550 2065 se-

298 2083 396 2120 culis
427 2082 600 2122 traditur.
637 2082 782 2135 quanto
812 2089 940 2122 autem
964 2094 1043 2122 non
1062 2083 1170 2121 113561
1189 2082 1326 2120 melius
1348 2082 1416 2120 fuit
1436 2092 1550 2130 quam

297 2139 492 2176 numerari
512 2138 611 2176 inter
629 2132 787 2186 publico
807 2139 910 2177 malo
931 2141 1073 2190 natos?

261 2200 281 2232 1
377 2192 475 2230 XIX.
503 2190 738 2241 Excogitare
757 2204 872 2232 nemo
895 2193 1104 2242 quicquam
1123 2191 1277 2251 poterit,
1299 2191 1407 2239 quod
1426 2189 1550 2238 magis

299 2245 485 2284 decorum
511 2248 677 2295 regenti
689 2248 739 2286 511
765 2258 882 2296 quam
911 2246 1134 2292 clementia,
1160 2255 1413 2294 quocumque
1431 2245 1549 2283 modo
1592 2262 1594 2291 2

298 2302 332 2339 is
350 2306 390 2340 et
408 2310 658 2352 quocumque
676 2303 760 2342 iure
784 2298 1033 2351 praepesitus
1059 2302 1199 2339 ceteris
1224 2301 1305 2339 erit.
1336 2311 1382 2339 eo
1405 2300 1552 2338 seilicet
1591 2319 1593 2322 <
