1592 2580
319 150 502 190 NATUR.
524 147 737 198 QUAEST.
766 148 907 188 LIB.1.
934 147 1149 189 PROLOG.
1295 147 1377 190 159

97 263 305 295 arenarum
323 252 473 291 inculta
488 250 657 291 vastitas
676 250 816 290 laceat.
863 249 906 290 Si
927 251 1017 300 quis
1035 249 1212 291 formicis
1232 251 1300 291 det
1317 250 1374 290 in·
1388 263 1432 298 lo

97 311 295 351 tellectum
318 306 513 356 hominis,
543 317 678 346 nonne
697 312 738 347 et
762 307 853 346 illae
874 317 995 346 unam
1015 317 1150 347 aream
1170 307 1210 346 in
1230 308 1377 347 multas

96 365 323 416 provincias
340 364 547 403 divident?
575 363 671 403 Cum
690 368 729 402 te
746 363 785 402 in
799 363 867 401 illa
882 373 978 402 vere
994 373 1139 412 magna
1152 364 1376 411 sustuleris,

96 422 278 471 quotiens
302 419 458 459 videbis
478 420 678 459 exercitus
701 419 899 458 subrectis
918 418 977 458 ire
997 418 1154 458 vexillis
1175 424 1233 468 ει,
1260 419 1378 469 quasi

94 488 280 526 magnum
306 475 458 525 aliquid
488 480 646 525 agatur,
675 475 849 524 equitem
874 475 996 514 modo
1023 475 1213 515 ulteriora
1235 476 1378 525 explo-

93 538 264 582 rantem,
293 532 414 572 modo
435 542 460 571 a
478 531 669 570 lateribus
689 531 894 580 adfusum,
922 531 1060 571 libebit
1083 530 1238 571 dicere:

261 590 291 628 it
308 590 464 638 myrum
482 588 634 638 campis
653 598 806 636 aymen.

93 643 350 685 formicarum
380 643 457 684 iste
487 644 699 683 discursus
727 648 789 682 est
821 643 862 682 in
894 647 1065 692 angusto
1098 643 1376 683 laborantium.

40 747 48 751 χ
96 701 192 751 quid
211 701 288 739 illis
305 706 343 740 et
363 699 479 739 nobis
495 699 660 739 interest
674 698 751 738 nisi
766 699 900 749 exigui
914 710 1103 739 mensura
1119 700 1378 749 corpusculi?

92 756 283 796 Punctum
309 762 372 796 est
395 755 522 802 istud,
553 755 593 794 in
615 766 695 804 quo
722 755 940 804 navigatis,
968 755 1007 794 in
1028 766 1109 805 quo
1129 755 1307 804 bellatis,
1335 755 1430 802 inu

98 823 178 862 quo
204 822 330 862 regna
358 811 592 861 disponitis,
622 811 802 859 minima,
832 811 949 850 etiam
971 811 1158 850 cumillis
1177 811 1378 861 utrimque

98 878 274 908 oceanus
302 868 494 907 occurrit=
529 877 688 907 sursum
715 867 891 916 ingentia
916 868 1048 916 spatia
1075 872 1186 916 sunt,
1215 867 1254 906 in
1277 879 1377 917 quo-

95 935 182 964 rum
210 924 515 973 possessionem
542 924 698 962 animus
728 922 965 971 admittitur,
1000 928 1039 962 et
1065 923 1140 972 ita,
1178 922 1213 962 si
1239 933 1379 963 secum

97 980 297 1019 minimum
325 990 376 1018 ex
403 990 575 1029 corpore
597 980 704 1027 tulit,
733 979 767 1018 si
789 978 996 1018 sordidum
1017 990 1135 1018 omne
1156 979 1322 1019 detersit
1340 985 1380 1020 ει

98 1036 310 1086 expeditus
338 1036 522 1085 levisque
549 1045 597 1074 ac
624 1040 835 1074 contentus
864 1035 1025 1074 modico
1053 1035 1226 1075 emicuit.
1283 1035 1434 1077 Cum12

58 1108 65 1117 ·
96 1093 163 1131 illa
189 1092 331 1141 tetigit,
368 1092 503 1140 alitur,
542 1091 688 1130 crescit
713 1101 761 1130 ac
788 1091 898 1130 velut
922 1089 1094 1130 vinculis
1122 1091 1311 1131 liberatus
1338 1092 1378 1130 in

99 1147 291 1197 orIginem
311 1148 432 1193 redit,
454 1152 493 1187 et
511 1147 588 1185 hoc
603 1147 723 1186 habet
739 1151 1015 1195 argumentum
1032 1146 1250 1186 divinitatis
1266 1158 1378 1196 suae,

97 1204 207 1253 quod
226 1204 334 1242 illum
354 1203 488 1242 divina
509 1203 707 1242 delectant
725 1213 800 1241 nec
820 1208 863 1241 ut
881 1202 1042 1250 alienis,
1068 1203 1142 1241 sed
1162 1207 1204 1242 ut
1219 1203 1304 1242 suis
1320 1204 1378 1242 in-

94 1264 236 1299 terest:
265 1269 408 1298 secure
427 1262 583 1308 spectat
598 1267 771 1298 occasus
788 1257 964 1297 siderum
981 1262 1102 1307 atque
1118 1263 1230 1298 ortus
1247 1263 1380 1298 ettam

96 1315 278 1355 diversas
295 1314 622 1354 concordantium
638 1314 737 1353 vias.
759 1314 961 1362 observat,
977 1314 1044 1353 ubi
1061 1325 1248 1363 quaeque
1263 1315 1380 1354 stella

64 1379 67 1381 ’
96 1372 266 1420 primum
287 1371 401 1410 terris
422 1372 555 1410 lumen
575 1371 781 1419 ostendat,
801 1369 870 1409 ubi
890 1371 1046 1409 culmen
1063 1370 1151 1409 eius
1168 1381 1378 1418 summum,

98 1438 179 1476 qua
197 1437 341 1466 cursus
361 1426 432 1476 sit,
463 1437 678 1476 quousque
698 1426 931 1465 descendat.
970 1427 1155 1466 curiosus
1176 1431 1380 1475 spectator

96 1482 246 1522 excutit
263 1483 421 1531 singula
442 1488 481 1522 et
501 1482 666 1532 quaerit.
698 1481 1052 1532 quidni-quaerat?
1083 1482 1159 1521 scit
1178 1482 1244 1520 illa
1263 1482 1314 1521 ad
1333 1493 1380 1522 se

98 1539 308 1588 pertinere.
362 1539 472 1578 Tunc
505 1538 720 1578 contemnit
753 1537 943 1576 domicilii
978 1537 1124 1586 prioris
1158 1538 1377 1587 angustias.
1391 1545 1434 1580 13

98 1599 286 1644 quantum
313 1594 419 1633 enim
446 1599 526 1642 est,
565 1593 676 1643 quod
703 1594 753 1633 ab
781 1593 929 1633 ultimis
956 1592 1139 1633 litoribus
1159 1594 1380 1643 Hispaniae

96 1661 228 1699 usque
254 1651 307 1690 ad
332 1650 456 1690 Indos
481 1649 612 1689 iacet?
648 1650 983 1699 paucissimorum
1012 1650 1166 1688 dierum
1190 1648 1378 1699 spatium,

97 1707 131 1745 si
161 1716 305 1745 navem
331 1717 430 1745 suus
462 1705 563 1745 serat
587 1710 752 1752 ventus,
789 1703 968 1754 inplebit.
1006 1711 1046 1745 at
1064 1705 1131 1744 illa
1150 1704 1264 1754 regio
1285 1716 1379 1745 coe—

95 1763 207 1801 lestis
235 1773 308 1811 per
334 1762 492 1812 triginta
524 1772 654 1801 annos
683 1761 938 1800 velocissimo
975 1761 1095 1800 sideri
1126 1761 1232 1800 viam
1263 1771 1378 1810 prae—

96 1823 174 1857 stat
200 1828 415 1867 numquam
442 1816 661 1865 resistenti,
696 1818 767 1857 sed
798 1817 1020 1866 aequaliter
1047 1816 1138 1856 cito.
1190 1816 1274 1855 lllic
1309 1817 1378 1856 de-

96 1885 203 1914 mum
230 1875 348 1913 discit
376 1873 485 1923 quod
513 1873 582 1912 diu
603 1873 812 1923 quaesivit.
846 1872 926 1911 illic
945 1872 1084 1922 incipit
1102 1872 1222 1912 deum
1240 1883 1378 1912 nosse.

98 1930 194 1979 quid
214 1935 276 1969 est
296 1931 424 1969 deus?
458 1939 573 1968 mens
592 1928 784 1969 universi.
822 1928 919 1978 quid
938 1933 1000 1967 est
1021 1928 1151 1967 deus?
1185 1929 1296 1978 quod
1321 1929 1379 1967 vi-

97 1986 168 2025 des
194 1990 317 2026 totum
346 1991 385 2025 et
407 1986 516 2035 quod
541 1997 619 2025 non
642 1985 755 2024 vides
778 1989 915 2025 totum.
962 1983 1030 2024 Sic
1049 1985 1208 2023 demum
1228 1984 1377 2033 magni-

96 2042 191 2080 tudo
220 2053 296 2081 sua
321 2041 377 2081 illi
399 2042 600 2090 redditur,
629 2052 708 2090 qua
727 2041 824 2080 nihil
842 2041 971 2079 maius
992 2040 1212 2089 excogitari
1231 2045 1377 2090 potest,

100 2097 133 2135 si
161 2098 271 2137 solus
301 2103 364 2138 est
391 2098 542 2146 omnia,
573 2108 677 2147 opus
705 2108 823 2136 suum
850 2102 890 2136 et
917 2101 1030 2135 extra
1058 2101 1096 2135 et
1122 2096 1225 2135 intra
1256 2100 1376 2135 tenet.

101 2151 201 2200 Quid
226 2164 323 2203 ergo
353 2153 644 2195 interestlinter
664 2159 845 2193 naturam
866 2152 931 2191 dei
951 2157 990 2192 et
1008 2156 1216 2191 nostram?
1251 2152 1377 2192 nostri
1390 2157 1432 2192 14

99 2209 236 2248 melior
261 2221 355 2259 pars
382 2209 539 2250 animus
567 2215 647 2257 est,
677 2210 716 2248 in
743 2209 810 2248 illo
830 2209 940 2248 nulla
958 2218 1052 2257 pars
1072 2213 1186 2248 extra
1204 2207 1375 2248 animum

101 2268 173 2303 est.
207 2270 314 2306 totus
340 2272 402 2306 est
427 2266 548 2316 ratio,
587 2276 676 2305 cum
705 2264 861 2305 interim
886 2269 1021 2304 tantus
1051 2275 1165 2304 error
1195 2264 1378 2304 mortalia

75 2324 222 2370 tenet,
255 2327 297 2362 ut
321 2322 419 2372 hoc,
456 2334 536 2374 quo
566 2332 699 2373 neque
728 2320 945 2362 formosius
973 2325 1035 2363 est
1061 2320 1274 2373 quicquam
1300 2330 1376 2360 nec
