1598 2606
367 175 433 216 DE
461 174 741 215 BENEFICIIS
771 174 865 215 LIB.
880 175 946 214 111.
978 182 1010 215 1.
1030 180 1064 214 2.
1304 172 1357 216 37

83 278 259 327 ingratos
280 286 469 324 vocares,
500 276 575 315 sed
595 276 759 316 oblitos=
790 281 991 326 tamquam
1015 286 1064 316 ea
1078 276 1358 324 restingratum

82 338 249 373 excuset
277 342 380 382 quae
408 332 520 381 facit,
549 337 616 372 aut
643 332 738 381 quia
762 332 842 372 hoc
867 332 1012 372 accidit
1039 332 1178 380 alicui,
1208 343 1289 372 non
1307 333 1361 372 sit

82 391 280 439 ingratus,
301 398 390 427 cum
404 387 482 427 hoc
499 399 579 427 non
594 388 751 427 accidat
766 388 842 427 nisi
857 388 1025 437 ingrato.
1065 388 1222 431 Multa
1242 399 1332 428 sun
1345 393 1360 428 t
1373 395 1395 430 3

81 455 271 495 genera
297 445 633 493 ingratorum,
656 449 699 483 ut
715 445 855 493 furum,
874 443 1234 492 utvhomicidarum
1258 454 1359 493 quo-

79 512 167 540 rum
186 511 268 542 una
290 501 408 550 culpa
427 505 507 548 est,
538 505 711 539 ceterum
737 501 775 539 in
797 499 976 549 partibus
996 500 1172 540 varietas
1193 511 1358 549 magnae

79 558 258 606 ingratus
278 561 359 604 est,
391 557 459 605 qui
477 556 718 595 beneficium
738 557 949 606 accepisse
971 567 1016 595 se
1031 561 1152 605 negat
1167 556 1277 605 quod
1293 567 1359 596 ac-

80 613 202 662 cepit,
233 613 411 661 ingratus
432 617 494 651 est
515 612 581 661 qui
604 612 848 660 dissimulat,
878 613 1057 661 ingratus
1079 613 1146 662 qui
1166 623 1248 652 non
1266 613 1360 652 red-

80 667 155 716 dit,
201 667 586 718 ingratissimus
631 670 865 715 omnium,
908 669 994 718 qui
1039 668 1228 708 oblitus
1266 673 1360 708 est.

78 725 138 763 Itli
164 724 267 763 enim
298 725 333 762 si
362 735 442 763 non
472 725 653 773 solvunt,
684 730 816 764 tamen
843 725 993 763 debent
1021 730 1061 764 et
1087 729 1221 764 exstat
1249 725 1398 774 apud-⁷4

79 781 170 820 illos
188 779 400 828 vestiqum
421 785 528 819 certe
547 781 778 821 meritorum
794 780 896 819 intra
910 782 1053 819 malam
1071 781 1361 820 conscientiam

79 835 340 875 inclusorum.
377 835 595 885 aliquando
622 837 676 875 ad
701 836 955 876 referendam
982 837 1150 886 gratiam
1180 837 1361 876 converti

79 902 131 930 ex
159 891 293 940 aliqua
322 902 446 930 causa
473 896 664 941 possunt,
692 893 726 932 si
754 893 845 931 illos
873 893 1006 942 pudor
1024 893 1296 941 admonuerit,
1325 893 1360 932 si

80 947 212 986 subita
245 947 439 987 honestae
467 948 526 986 rei
559 948 776 997 cupiditas,
817 949 949 997 qualis
978 949 1082 988 solet
1114 949 1167 987 ad
1199 954 1360 997 tempus

79 1003 197 1042 etiam
217 1003 255 1041 in
277 1003 391 1051 maiis
411 1002 643 1052 pectoribus
664 1014 904 1052 exsurgere,
935 1004 969 1043 si
988 1004 1215 1044 invitaverit
1232 1005 1360 1044 facilis

79 1059 264 1098 occasio:
294 1058 359 1097 hic
374 1070 589 1107 numquam
606 1059 693 1098 fieri
709 1064 846 1108 gratus
862 1063 1016 1108 potest,
1038 1060 1102 1099 cui
1118 1060 1362 1100 beneficium

78 1119 200 1154 toturn
228 1116 410 1164 elapsum
441 1120 514 1154 est.
558 1119 597 1154 et
623 1120 754 1154 utrum
782 1121 839 1168 tu,
857 1115 1037 1164 peiorem
1068 1126 1212 1164 vocas,
1250 1117 1362 1165 apud

78 1181 197 1219 quem
224 1170 351 1219 gratia
370 1170 552 1209 beneficii
578 1171 775 1210 intercidit
793 1182 844 1210 an
870 1171 978 1219 apud
1000 1182 1119 1220 quem
1140 1172 1256 1211 etiam
1279 1182 1359 1211 me-

75 1226 231 1266 moria?
273 1226 418 1265 Vitiosi
447 1226 552 1265 ocuti
582 1232 675 1266 sunt
697 1227 765 1276 qui
789 1228 920 1266 lucem
938 1227 1218 1275 reformidant,
1250 1228 1397 1267 caeci5

77 1281 146 1331 qui
165 1293 244 1321 non
265 1283 437 1335 videntx
447 1287 485 1321 et
506 1288 691 1331 parentes
712 1293 812 1322 suos
833 1294 914 1322 non
934 1294 1070 1322 amare
1089 1283 1260 1332 inpietas
1285 1289 1358 1332 est,

75 1348 156 1381 non
175 1338 427 1387 adgnoscere
446 1338 614 1377 insania.

156 1393 204 1431 ΙΙ.
241 1393 336 1442 Quis
360 1399 440 1433 tam
467 1394 646 1443 ingratus
679 1399 743 1433 est
771 1405 891 1444 quam
915 1393 1004 1443 qui,
1036 1394 1148 1443 quod
1167 1395 1208 1433 in
1233 1396 1362 1444 prima
1378 1403 1396 1436 1

77 1453 189 1497 parte
221 1449 339 1487 animi
374 1449 548 1498 positum
581 1460 675 1489 esse
705 1450 844 1489 debuit
870 1454 909 1489 et
942 1461 1104 1500 semper
1131 1462 1358 1498 occurrere,

78 1504 130 1542 ita
154 1504 337 1552 seposuit
363 1510 403 1544 et
429 1505 591 1554 abiecit,
626 1510 669 1545 ut
697 1506 735 1544 in
762 1506 1027 1554 ignorantiam
1058 1511 1257 1546 verteret?
1289 1508 1358 1546 ad-

76 1564 189 1608 paret
215 1560 320 1598 iltum
350 1571 430 1599 non
462 1571 586 1610 saepe
616 1562 666 1600 de
693 1562 903 1601 reddendo
933 1560 1157 1610 cogitasse,
1193 1563 1256 1602 cui
1288 1563 1360 1602 ob-

76 1615 202 1663 repsit
221 1615 382 1654 oblivio.
430 1616 612 1666 Denique
631 1618 684 1656 ad
703 1618 950 1656 reddendam
970 1618 1136 1666 gratiam
1158 1624 1197 1658 et
1217 1620 1359 1659 virtute
1374 1624 1396 1658 2

76 1680 180 1719 opus
209 1676 270 1710 est
296 1677 334 1710 et
361 1676 542 1721 tempore
571 1678 609 1712 et
639 1674 825 1712 facultate
853 1678 892 1712 et
920 1674 1152 1722 adspirante
1176 1675 1356 1714 fortuna:

76 1726 143 1774 qui
171 1727 367 1775 meminit,
403 1728 490 1766 sine
519 1727 710 1777 inpendio
731 1733 867 1777 gratus
887 1734 962 1769 est.
1008 1730 1114 1778 Hoc,
1143 1732 1253 1779 quod
1276 1742 1357 1770 non

76 1792 240 1831 operam
260 1783 401 1832 exigit,
433 1795 513 1823 non
534 1795 652 1832 opes,
685 1796 764 1824 non
787 1785 1034 1834 felicitatem,
1058 1787 1224 1835 quinon
1241 1797 1357 1836 prae-

75 1843 171 1885 stat,
209 1839 359 1878 nullum
394 1839 516 1879 habet
549 1851 629 1888 quo
666 1840 786 1880 lateat
819 1842 1098 1890 patrocinium.
1140 1853 1359 1892 numquam

75 1893 210 1942 [enim]
230 1896 355 1934 voluit
375 1900 511 1944 gratus
533 1906 646 1942 esse,
678 1896 745 1945 qui
763 1897 1004 1936 beneficium
1023 1902 1101 1936 tam
1123 1898 1243 1946 longe
1266 1909 1357 1947 pro-

74 1948 184 1998 iecit,
217 1955 258 1990 ut
284 1955 394 1990 extra
427 1956 689 2000 conspectum
717 1962 834 1991 suum
861 1958 1041 2002 poneret.
1093 1953 1396 2001 Quemadmo-3

75 2004 168 2044 dum
197 2016 302 2055 quae
326 2007 363 2046 in
386 2018 464 2046 usu
487 2012 579 2046 sunt
601 2011 639 2053 et
657 2018 818 2047 manum
839 2008 986 2048 cotidie
1005 2013 1237 2058 tactumque
1257 2010 1356 2059 pati-

74 2065 211 2109 untur,
250 2073 467 2112 numquam
501 2064 722 2112 periculum
752 2063 854 2103 situs
885 2063 1053 2111 adeunt,
1086 2065 1152 2103 illa
1174 2076 1277 2114 quae
1305 2065 1357 2105 ad

76 2118 216 2156 oculos
244 2129 323 2157 non
343 2124 602 2167 revocantur,
634 2119 707 2158 sed
729 2123 843 2158 extra
862 2120 1210 2160 conversationem
1229 2127 1271 2161 ut
1289 2133 1355 2162 su·

75 2181 278 2219 pervacua
304 2174 531 2222 iacuerunt,
564 2174 708 2215 sordes
731 2174 823 2224 ipsa
843 2175 1035 2224 coliigunt
1055 2181 1272 2217 vetustate=
1302 2178 1357 2218 ita

78 2226 267 2278 quicquid
297 2230 489 2280 frequens
518 2231 704 2279 cogitatio
734 2236 898 2271 exercet
919 2241 966 2270 ac
985 2237 1174 2280 renovat,
1205 2244 1353 2274 memo-

76 2280 158 2326 riae
171 2294 387 2335 numquam
402 2285 657 2335 subducitur,
681 2297 785 2335 quae
800 2286 896 2327 nihii
914 2286 1062 2337 perdit,
1083 2287 1160 2329 nisi
1175 2290 1226 2330 ad
1245 2291 1355 2339 quod

77 2347 155 2376 non
177 2349 299 2390 saepe
320 2340 511 2390 respexit.
