1592 2580
291 174 371 215 306
673 176 714 214 L.
744 176 932 214 ANNAEI
958 176 1183 215 SENECAE

293 281 333 314 ut
361 275 460 313 solvi
489 275 694 324 vitiarique
722 286 800 314 non
831 276 976 323 possit:
1012 275 1128 314 habet
1154 282 1282 315 tamen
1309 276 1547 324 spiramenta

295 330 488 377 quaedam
510 335 548 367 et
569 330 683 378 quasi
702 330 916 377 fenestras,
947 340 1017 377 per
1037 341 1136 377 quas
1154 341 1203 368 ex
1225 335 1334 378 parte
1354 332 1546 370 exteriore

293 384 427 422 mundi
455 383 620 422 inssuant
647 384 778 431 ignes,
807 395 884 422 non
917 390 991 422 tam
1012 384 1159 431 magni,
1187 390 1229 422 ut
1251 384 1434 423 interiora
1455 396 1545 423 con·

293 438 461 476 turbent.
497 449 635 476 rursus
662 448 712 476 ex
740 438 886 476 mundo
915 438 951 476 in
980 438 1174 476 exteriora
1197 439 1386 476 tabuntur.
1415 440 1547 487 itaque

293 491 411 538 haec,
443 502 544 541 quae
565 497 720 540 praeter
736 492 1060 530 consuetudinem
1077 493 1283 540 adparent,
1310 493 1547 531 influxerunt

294 557 344 584 ex
364 547 428 584 illa
447 547 547 584 ultra
567 548 753 585 mundum
775 547 926 585 iacente
946 547 1116 584 materia.
1163 577 1165 580 Α

372 601 474 639 XIV.
505 601 715 639 Solvere
743 602 842 639 ista
870 600 988 649 quid
1019 601 1154 638 aliud
1182 605 1259 639 est
1284 611 1422 648 quam
1452 613 1544 640 ma—

295 666 402 693 num
441 665 680 692 exercere
717 660 763 693 et
797 657 840 693 in
877 660 1069 693 ventum
1100 656 1290 692 iactare
1319 655 1548 694 brachia?

295 710 423 747 Velim
450 714 574 748 tamen
605 710 695 747 mihi
716 709 820 748 dicat
839 711 930 756 iste,
963 710 1029 758 qui
1049 709 1194 748 mundo
1215 715 1291 747 tam
1313 710 1424 747 firma
1442 710 1545 748 laeu-

295 763 405 802 naria
423 764 615 812 inposuit,
637 763 733 812 quid
753 763 821 811 sit,
841 775 963 812 quare
980 764 1187 802 credamus
1202 763 1274 810 iili,
1295 768 1439 802 tantam
1457 775 1547 802 esse

295 819 594 856 erassitudinem
615 819 726 857 coeli.
757 819 848 866 quid
871 819 1000 864 suerit,
1023 819 1129 866 quod
1146 818 1210 856 iilo
1228 822 1303 856 tam
1321 818 1448 857 solida
1463 828 1547 856 cor—

258 881 279 914 2
298 883 396 920 pora
428 873 643 911 adduceret
674 878 713 911 et
747 872 799 912 ibi
832 873 1050 911 detineret?
1094 873 1244 911 Deinde
1278 873 1385 919 quod
1419 877 1547 910 tantae

295 926 569 966 erassitudinis
591 932 669 974 est,
695 937 862 966 neeesse
878 932 939 965 est
960 931 998 964 et
1012 926 1142 974 magni
1157 926 1344 975 ponderis
1361 927 1421 964 sit.
1452 938 1546 974 quo—

294 982 413 1020 modo
433 992 528 1029 ergo
549 982 586 1019 in
601 992 752 1020 summo
769 987 925 1019 manent
939 982 1101 1029 gravia?
1130 981 1329 1029 quomodo
1346 981 1408 1018 illa
1424 982 1546 1018 moles

294 1047 372 1075 non
400 1036 606 1074 descendit
632 1041 669 1074 et
696 1046 740 1074 se
768 1046 887 1074 onere
914 1046 987 1074 suo
1014 1035 1188 1083 frangit?
1223 1034 1307 1073 fieri
1334 1035 1435 1072 enim
1469 1045 1544 1072 non

295 1095 445 1138 potest,
474 1096 517 1128 ut
542 1095 649 1128 tanta
683 1091 743 1128 vis
777 1089 984 1138 ponderis,
1025 1094 1208 1138 quantam
1239 1090 1302 1127 ilie
1337 1089 1545 1135 substituit,

258 1153 280 1187 3
296 1145 466 1192 pendeat
485 1149 523 1182 et
544 1144 696 1182 levibus
712 1145 845 1182 innixa
861 1145 919 1182 sit.
958 1144 1014 1182 Ne
1029 1144 1124 1182 illud
1141 1144 1296 1191 quidem
1315 1148 1443 1191 potest
1459 1143 1546 1190 dici,

295 1197 541 1236 extrinsecus
570 1208 661 1235 esse
688 1199 820 1245 aliqua
846 1198 1084 1244 retinacula,
1115 1198 1259 1245 quibus
1288 1198 1428 1235 eadere
1457 1208 1545 1245 pro-

294 1251 484 1291 hibeatur.
513 1262 585 1290 nee
601 1263 739 1290 rursus
755 1253 803 1290 de
818 1252 947 1290 medio
963 1252 1109 1299 aliquid
1126 1261 1217 1289 esse
1234 1252 1417 1298 oppositi,
1440 1252 1546 1299 quod
1591 1274 1592 1280 =

295 1307 489 1345 inminens
523 1317 668 1354 eorpus
703 1307 872 1354 excipiat
904 1311 969 1344 aut
999 1305 1157 1343 fulciat·
1194 1305 1292 1342 Illud
1326 1305 1546 1343 etiamnunc

295 1371 411 1400 nemo
433 1361 564 1398 dicere
584 1360 760 1405 audebit,
787 1361 972 1398 mundum
995 1360 1083 1397 ferri
1105 1369 1175 1407 per
1193 1360 1410 1396 inmensum
1426 1364 1462 1397 et
1483 1370 1545 1397 ea-

296 1415 391 1453 dere
411 1415 587 1463 quidem,
616 1415 686 1463 sed
707 1425 783 1452 non
805 1415 996 1462 adparere
1015 1425 1062 1451 an
1084 1414 1217 1458 eadat,
1244 1414 1335 1460 quia
1356 1413 1545 1461 praecipi·

295 1469 389 1508 tatio
410 1468 495 1507 eius
515 1473 675 1507 aeterna
694 1474 772 1514 est,
803 1468 895 1506 nihil
915 1469 1064 1506 habens
1081 1467 1356 1514 novissimum,
1383 1467 1420 1504 in
1440 1468 1546 1514 quod

259 1523 477 1562 4incurrat.
520 1523 606 1561 Hoc
634 1523 789 1570 quidem
819 1523 868 1560 de
894 1528 998 1561 terra
1017 1522 1219 1568 dixerunt,
1249 1532 1335 1560 eum
1356 1521 1546 1559 rationem

297 1573 440 1616 nullam
462 1578 697 1623 invenirent,
728 1582 890 1625 propter
910 1588 1026 1625 quam
1056 1577 1212 1624 pondus
1239 1577 1277 1613 in
1304 1578 1394 1614 aere
1415 1580 1544 1613 staret.

296 1632 476 1680 ‚‚Fertur,
502 1631 700 1680 inquiunt,
730 1642 910 1680 semper:
949 1632 1018 1669 sed
1047 1641 1124 1668 non
1153 1631 1317 1678 adparet
1341 1640 1389 1667 an
1420 1630 1543 1674 eadat,

297 1686 388 1734 quia
406 1686 596 1725 infinitum
616 1690 695 1732 est,
723 1685 760 1723 in
777 1686 885 1734 quod
905 1686 1045 1724 cadit.“
1092 1685 1192 1732 Quid
1208 1689 1268 1722 est
1283 1684 1443 1730 deinde,
1466 1693 1543 1731 quo

297 1741 444 1788 probes
470 1751 549 1779 non
577 1740 749 1788 quinque
775 1745 922 1778 tantum
950 1739 1084 1778 stelias
1108 1739 1275 1785 moveri,
1305 1739 1376 1776 sed
1405 1738 1544 1776 multas

297 1806 389 1833 esse
418 1800 456 1833 et
479 1795 518 1832 in
538 1795 668 1833 multis
688 1795 822 1832 mundi
839 1794 1094 1842 regionibus?
1128 1798 1195 1831 aut
1215 1793 1246 1831 si
1267 1793 1342 1830 hoc
1362 1792 1447 1830 sine
1466 1792 1543 1829 ullo

297 1848 489 1898 probabili
516 1853 744 1897 argumento
773 1848 863 1886 lieet
887 1849 1149 1896 respondere,
1186 1847 1279 1895 quid
1308 1851 1386 1892 est,
1424 1855 1544 1892 quare

296 1914 374 1942 non
402 1903 543 1951 aliquis
566 1907 631 1941 aut
659 1913 796 1940 omnes
825 1904 957 1941 stellas
984 1902 1132 1941 moveri
1159 1906 1225 1940 aut
1251 1902 1393 1939 nullam
1417 1900 1545 1938 dieat?

295 1957 502 1996 Praeterea
529 1957 622 1995 nihil
648 1961 686 1995 te
714 1956 872 1996 adiuvat
897 1957 971 1995 ista
992 1958 1188 1995 stellarum
1206 1955 1352 2004 passim
1373 1954 1543 1992 euntium

296 2012 422 2050 turba.
463 2022 551 2050 nam
581 2022 659 2060 quo
687 2012 820 2059 plures
849 2012 1006 2058 suerint,
1036 2010 1195 2058 saepius
1217 2011 1253 2047 in
1274 2008 1427 2056 aliquas
1449 2006 1542 2045 inci-

298 2066 410 2105 dent:
439 2067 516 2104 rari
535 2071 663 2105 autem
685 2071 859 2104 cometae
879 2070 918 2104 et
936 2066 986 2104 ob
1005 2065 1080 2103 hoc
1100 2063 1295 2102 mirabiles
1316 2067 1418 2101 sunt.

378 2120 461 2158 XV.
499 2120 615 2168 Quid,
646 2120 753 2168 quod
778 2120 1037 2158 testimonium
1065 2119 1168 2157 dicet
1195 2122 1330 2156 contra
1355 2122 1393 2155 te
1417 2116 1542 2154 omnis

299 2179 427 2221 aetaS,
454 2185 554 2223 quae
573 2173 705 2213 talium
726 2175 922 2213 stellarum
943 2178 1103 2212 exortus
1130 2177 1168 2211 et
1196 2171 1396 2210 adnotavit
1421 2175 1459 2207 et
1474 2181 1540 2218 po-

299 2229 414 2268 steris
433 2229 616 2268 tradidit?
658 2227 752 2268 Post
766 2234 928 2268 mortem
942 2226 1123 2268 Demetrii
1139 2226 1280 2276 Syriae
1293 2226 1410 2274 regis,
1431 2224 1542 2262 cuius

297 2283 516 2322 Demetrius
535 2288 573 2322 et
590 2283 807 2322 Antiochus
826 2283 935 2322 liberi
955 2283 1081 2329 fluere,
1111 2282 1229 2329 paulo
1250 2285 1338 2319 ante
1353 2278 1541 2317 Achaium
