1624 2626
298 159 377 200 242
528 159 571 196 L.
601 158 790 197 ANNAEI
815 158 1039 198 SENECAE
1067 159 1196 198 DIAL.
1217 160 1299 198 XII.

300 258 474 299 titudinis
492 258 623 319 habet.
661 257 785 297 transi
808 258 856 296 ab
880 258 950 305 iis,
983 269 1146 307 quarum
1170 269 1336 298 amoena
1355 258 1499 307 positio
1518 263 1557 298 et

302 313 575 363 opportunitas
619 314 794 361 regionis
839 314 972 361 plures
1016 314 1158 352 adlicit.
1211 314 1368 352 deserta
1398 315 1487 352 loca
1518 318 1557 352 et

302 366 541 417 asperrimas
569 366 740 415 insulas,
771 366 970 408 Sciathum
1001 373 1040 407 et
1065 367 1294 416 Seriphum,
1323 368 1497 418 Gyarum
1517 373 1555 407 et

304 422 504 462 Corsicam
528 431 737 470 percense:
759 423 904 460 nullum
924 421 1102 461 invenies
1122 422 1292 469 exilium,
1314 422 1351 460 in
1373 434 1452 470 quo
1474 433 1553 461 non

262 486 282 518 5
302 476 445 525 aliquis
479 475 597 515 animi
630 485 751 513 causa
777 481 962 514 moretur.
1003 476 1100 525 Quid
1131 482 1205 516 tam
1225 477 1372 515 nudum
1391 477 1556 515 inveniri

303 537 452 581 potest,
486 531 580 579 quid
614 534 693 568 tam
718 529 922 576 abruptum
947 531 1122 580 undique
1151 542 1267 580 quam
1295 531 1370 570 hoc
1389 536 1558 570 saxum?

307 587 401 636 quid
422 585 473 624 ad
494 585 632 633 copias
650 582 878 631 respicienti
895 585 1088 624 ieiunius?
1117 587 1210 634 quid
1230 586 1280 624 ad
1301 586 1479 624 homines
1500 587 1556 624 in-

306 640 577 680 mansuetius?
620 637 715 686 quid
744 638 794 675 ad
818 637 949 685 ipsum
967 640 1041 678 loci
1061 639 1177 679 situm
1195 640 1420 680 horridius?
1463 641 1559 689 quid

307 697 357 734 ad
380 695 479 734 coeli
500 699 678 732 naturam
698 692 1044 740 intemperantius?
1062 695 1194 743 plures
1211 700 1339 734 tamen
1359 695 1422 733 hic
1444 705 1557 743 pere-

306 751 405 799 grini
434 760 551 797 quam
579 748 687 786 cives
714 748 947 786 consistunt.
984 748 1120 796 Usque
1140 760 1186 788 eo
1207 760 1300 797 ergo
1320 750 1557 789 conmutatio

307 805 395 853 ipsa
421 805 600 842 locorum
628 802 760 850 gravis
787 812 864 840 non
886 806 966 849 est,
992 806 1036 839 ut
1051 802 1113 841 hic
1135 815 1294 852 quoque
1314 805 1425 843 locus
1446 814 1469 842 a
1489 814 1558 852 pa-

269 865 289 898 6
308 860 378 898 tria
399 858 594 906 quosdam
614 856 834 895 abduxerit.
873 856 1035 895 Invenio
1060 858 1126 904 qui
1144 859 1275 898 dicant
1293 859 1427 897 inesse
1447 863 1557 896 natu-

307 914 426 952 ralem
450 912 661 961 quamdam
680 909 941 949 inritationem
961 910 1099 948 animis
1120 914 1367 952 conmutandi
1386 913 1504 952 sedes
1522 917 1559 951 et

308 967 569 1007 transferendi
601 965 811 1004 domicilia.
852 965 1009 1003 mobilis
1035 965 1137 1009 enim
1163 971 1200 1004 et
1218 967 1390 1016 inquieta
1410 967 1558 1006 homini
1608 1000 1612 1004 .

306 1033 418 1060 mens
446 1022 537 1060 data
566 1025 643 1058 est:
680 1030 893 1067 numquam
923 1029 968 1057 se
986 1024 1110 1066 tenet,
1144 1023 1336 1069 spargitur
1356 1027 1393 1061 et
1413 1022 1559 1070 cogita·

307 1078 432 1115 tiones
462 1085 556 1113 suas
585 1076 622 1112 in
653 1074 782 1113 omnia
801 1079 894 1112 nota
913 1078 1030 1120 atque
1050 1074 1182 1122 ignota
1213 1076 1379 1124 dimittit,
1401 1081 1560 1125 vagaet

271 1139 290 1173 7
308 1131 450 1179 quietis
469 1129 665 1177 inpatiens
685 1133 723 1166 et
744 1129 915 1167 novitate
934 1138 1064 1166 rerum
1085 1129 1307 1168 laetissima.
1351 1132 1459 1180 quod
1480 1141 1558 1169 non

308 1184 530 1230 miraberiS,
560 1183 594 1222 si
621 1183 784 1231 primam
803 1182 888 1221 eius
910 1181 1097 1229 originem
1117 1183 1367 1232 adspexeris:
1401 1197 1477 1224 non
1500 1189 1560 1224 est

308 1251 356 1278 ex
376 1243 531 1277 terreno
550 1242 589 1275 et
608 1237 717 1286 gravi
737 1242 922 1276 concreta
942 1246 1122 1284 corpore.
1153 1247 1203 1274 ex
1224 1237 1288 1276 illo
1305 1240 1461 1278 coelesti
1480 1239 1558 1287 spi-

306 1294 382 1332 ritu
403 1292 620 1331 descendit.
665 1291 895 1330 coelestium
915 1296 1044 1329 autem
1066 1295 1201 1329 natura
1219 1301 1375 1340 semper
1394 1294 1430 1331 in
1452 1299 1559 1332 motu

308 1353 388 1393 est,
422 1348 519 1395 sugit
553 1351 592 1385 et
623 1346 876 1385 velocissimo
903 1356 1023 1384 cursu
1050 1346 1186 1394 agitur.
1226 1346 1402 1394 Adspice
1429 1349 1560 1386 sidera

308 1401 495 1441 mundum
530 1400 794 1439 inlustrantia:
829 1402 975 1439 nullum
1010 1411 1147 1439 eorum
1181 1404 1341 1448 perstat.
1389 1402 1560 1448 „labitur

308 1457 507 1494 adsidue“
533 1460 571 1493 et
596 1457 727 1494 locum
756 1466 805 1493 ex
832 1456 920 1493 loco
942 1460 1063 1494 mutat
1081 1460 1136 1502 et,
1171 1455 1350 1503 quamvis
1372 1466 1456 1494 cum
1476 1457 1558 1495 uni-

308 1521 426 1549 verso
446 1515 638 1556 vertatur,
660 1510 696 1548 in
719 1509 958 1548 contrarium
979 1508 1231 1547 nihilominus
1247 1509 1322 1557 ipsi
1342 1511 1483 1549 mundo
1499 1522 1558 1550 re-

309 1568 447 1611 fertur,
485 1575 556 1613 per
583 1565 710 1603 omnis
739 1564 939 1612 signorum
968 1570 1100 1612 partes
1121 1564 1321 1610 discurrit,
1353 1575 1559 1613 numquam

308 1619 466 1659 resistit.
499 1624 690 1668 perpetua
710 1618 795 1658 eius
812 1619 971 1667 agitatio
989 1623 1026 1656 et
1041 1618 1199 1657 aliunde
1215 1618 1291 1657 alio
1309 1619 1559 1666 conmigratio

271 1682 293 1715 8
311 1672 382 1713 estss
426 1674 564 1712 Omnia
591 1674 800 1712 volvuntur
819 1684 976 1721 semper
997 1678 1034 1712 et
1052 1672 1090 1711 in
1110 1672 1274 1711 transitu
1296 1678 1396 1711 sunt.
1437 1677 1478 1711 ut
1499 1675 1561 1713 lex

310 1734 348 1767 ct
374 1735 536 1767 naturae
564 1727 785 1767 necessitas
806 1729 1018 1775 ordinavit,
1052 1729 1208 1766 aliunde
1228 1728 1304 1766 alio
1323 1727 1560 1767 deseruntur.

310 1795 398 1822 cum
433 1794 503 1831 per
535 1788 642 1821 certa
676 1793 866 1821 annorum
893 1783 1021 1831 spatia
1041 1783 1158 1821 orbes
1177 1793 1273 1821 suos
1293 1781 1560 1830 explicuerint,

311 1839 449 1876 iterum
468 1837 578 1876 ibunt
599 1848 670 1886 per
691 1848 793 1885 quae
814 1843 1020 1876 venerant:
1041 1837 1053 1875 i
1073 1848 1175 1875 nunc
1196 1841 1234 1875 et
1251 1836 1462 1874 humanum
1482 1838 1562 1875 ani-

311 1903 415 1930 mum
436 1903 485 1930 ex
509 1891 657 1939 isdem,
686 1892 830 1940 quibus
851 1892 985 1930 divina
1004 1896 1204 1938 constant,
1233 1890 1449 1929 seminibus
1470 1902 1561 1929 con-

311 1947 483 1994 positum
514 1947 681 1986 moleste
712 1947 815 1985 serre
847 1947 1051 1986 transitum
1079 1957 1125 1984 ac
1152 1945 1420 1997 migrationem
1449 1951 1562 1993 puta,

313 2012 400 2038 cum
434 2001 497 2039 dei
522 2005 662 2040 natura
688 2001 857 2040 adsidua
886 2006 924 2041 et
945 2001 1171 2040 citatissima
1192 2001 1480 2039 conmutatione
1499 2002 1562 2038 vel

313 2055 479 2094 delectet
495 2066 541 2094 se
564 2056 626 2094 vel
647 2061 868 2095 conservet.

277 2114 295 2146 1
391 2110 475 2147 VII.
515 2111 552 2149 A
582 2110 822 2150 coelestibus
853 2111 1021 2159 agedum
1040 2114 1078 2148 te
1097 2108 1146 2147 ad
1165 2108 1335 2147 humana
1354 2114 1561 2147 converte:

314 2163 462 2202 videbis
507 2170 643 2212 gentes
679 2167 932 2213 populosque
964 2164 1170 2204 universos
1205 2168 1379 2202 mutasse
1411 2163 1561 2202 sedem.

313 2216 406 2266 quid
438 2219 512 2256 sibi
541 2221 677 2259 volunt
703 2219 741 2259 in
764 2220 903 2259 mediis
923 2219 1177 2258 barbarorum
1196 2218 1422 2266 regionibus
1442 2218 1560 2256 Grae—

313 2281 383 2310 cae
401 2271 547 2311 urbes2
577 2274 672 2323 quid
692 2274 791 2314 inter
808 2275 930 2315 Indos
944 2274 1167 2322 Persasque
1181 2272 1461 2313 Macedonicus
1478 2281 1560 2311 ser-
