1592 2580
293 206 345 247 48
646 208 689 245 L.
718 207 907 246 ANNAEI
935 206 1159 246 SENECAE

295 306 355 345 sui
375 305 484 345 iuris.
510 315 612 354 quae
631 306 732 344 adeo
753 305 876 344 libera
893 309 932 344 et
949 315 1050 354 vaga
1068 310 1146 352 est,
1175 310 1217 344 ut
1235 316 1284 344 ne
1300 305 1349 343 ab
1365 306 1440 344 hoc
1456 306 1536 354 qui-

295 361 384 399 dem
405 370 574 407 carcere,
596 360 658 398 cui
678 360 831 398 inclusa
850 364 920 408 est,
941 359 1063 399 teneri
1083 364 1217 408 queat,
1243 370 1322 408 quo
1338 360 1464 398 minus
1482 360 1539 398 in-

296 420 387 463 petu
414 425 486 454 suo
510 420 639 454 utatur
667 419 704 453 et
729 415 901 462 ingentia
929 420 1018 462 agat
1045 418 1083 452 et
1114 415 1151 452 in
1185 414 1373 452 infinitum
1406 424 1540 452 comes

253 476 274 508 ‘2
294 469 533 508 coelestibus
553 473 678 507 exeat.
721 469 873 517 Corpus
902 468 1035 517 itaque
1062 473 1123 506 est
1148 469 1253 516 quod
1283 469 1440 507 domino
1462 469 1539 507 sor-

295 529 387 562 tuna
415 523 583 562 tradidit.
636 522 712 562 hoc
745 524 855 571 emit,
883 523 959 563 hoc
986 523 1137 562 vendit:
1166 523 1326 562 interior
1353 522 1417 561 illa
1446 533 1540 570 pars

294 576 488 626 mancipio
516 577 601 616 dari
624 589 703 616 non
732 582 872 626 potest.
918 578 979 616 Ab
1005 577 1079 616 hac
1107 577 1293 626 quicquid
1320 576 1425 615 venit
1446 577 1538 614 libe-

292 643 377 671 rum
396 637 475 670 est:
505 643 579 671 nec
598 632 700 671 enim
721 637 787 671 aut
813 643 887 672 nos
914 631 1043 671 omnia
1073 632 1207 670 iubere
1234 642 1446 680 possumus
1475 637 1540 668 aut

293 688 330 724 in
351 687 481 728 omnia
500 688 605 725 servi
625 697 762 734 parere
783 692 983 734 coguntur.
1021 691 1156 726 contra
1174 686 1452 734 rempublicam
1470 685 1538 723 iin-

294 746 428 789 perata
447 752 525 780 non
546 742 708 789 sacient,
730 742 822 779 nulli
842 742 982 780 sceleri
999 751 1137 778 manus
1158 740 1472 778 commodabunt.

254 803 269 834 1
370 796 469 834 XXI.
491 796 690 843 Quaedam
716 800 807 834 sunt
826 806 928 844 quae
948 797 1055 842 leges
1076 805 1149 832 nec
1168 795 1301 832 iubent
1320 804 1392 831 nec
1412 798 1541 832 vetant

293 851 441 888 facere:
470 851 509 888 in
530 851 592 888 his
612 861 751 889 servus
770 850 970 889 materiam
989 848 1170 888 beneficii
1190 849 1324 887 habet:
1354 848 1540 896 quamdiu

293 909 515 952 praestatur
535 905 643 953 quod
662 916 686 944 a
706 915 822 943 servo
841 904 945 952 exigi
966 906 1086 950 solet,
1102 902 1358 941 ministerium
1373 907 1445 942 est.
1473 902 1539 939 ubi

292 959 382 1006 plus
405 970 522 1006 quam
543 960 651 1007 quod
680 969 796 998 servo
823 969 990 997 necesse
1009 963 1088 1005 est,
1115 958 1363 996 beneficium.
1407 955 1475 995 ubi
1500 956 1538 994 in

250 1020 271 1052 2
292 1013 488 1052 adfectum
507 1013 621 1052 amici
641 1012 797 1061 transit,
827 1014 970 1051 desinit
989 1012 1121 1051 vocari
1149 1012 1415 1050 ministerium.
1470 1011 1539 1048 Est

292 1066 452 1115 aliquid,
474 1068 582 1116 quod
595 1068 776 1106 dominus
795 1073 994 1116 praestare
1010 1078 1127 1105 servo
1149 1067 1301 1113 debeat,
1322 1071 1364 1104 ut
1381 1065 1537 1110 cibaria,

290 1126 333 1159 ut
361 1121 598 1160 vestiarium.
634 1133 750 1160 nemo
785 1122 860 1160 hoc
887 1122 984 1160 dixit
1014 1122 1267 1160 beneficium:
1305 1125 1344 1159 at
1376 1119 1538 1158 indulsit

290 1175 507 1224 liberalius,
529 1176 729 1224 educavit,
751 1181 854 1215 artes
874 1177 1017 1224 quibus
1037 1175 1265 1214 erudiuntur
1284 1174 1443 1222 ingenui
1464 1179 1536 1212 tra-

290 1230 405 1268 didit:
434 1229 668 1268 beneficium
698 1235 771 1269 est.
826 1231 934 1268 Idem
961 1240 983 1268 e
1011 1229 1205 1269 contrario
1232 1230 1275 1267 fit
1301 1229 1339 1266 in
1367 1239 1538 1276 persona

289 1284 413 1322 servi:
444 1285 631 1332 quicquid
651 1289 730 1332 est,
753 1285 861 1333 quod
881 1284 1034 1323 servilis
1055 1284 1175 1323 officii
1195 1284 1401 1322 formulam
1422 1293 1535 1320 exce-

290 1338 363 1384 dit,
392 1339 499 1386 quod
519 1349 596 1378 non
617 1349 666 1376 ex
687 1338 873 1387 imperio,
900 1339 972 1377 sed
1000 1349 1050 1377 ex
1072 1339 1271 1377 voluntate
1307 1342 1535 1385 praestatur,

289 1393 521 1431 beneficium
544 1398 624 1440 est,
653 1392 687 1431 si
715 1394 834 1432 modo
866 1398 1013 1432 tantum
1040 1398 1116 1439 est,
1146 1398 1188 1431 ut
1207 1393 1282 1430 hoc
1307 1392 1438 1430 vocari
1466 1402 1535 1439 po—

290 1447 404 1485 tuerit
424 1447 600 1494 quolibet
618 1447 694 1486 alio
715 1452 949 1496 praestante.

253 1509 270 1541 1
365 1501 482 1538 XXII.
504 1501 671 1549 Servus,
688 1507 730 1555 ut
750 1504 877 1550 placet
893 1502 1136 1551 Chrysippo,
1159 1506 1371 1549 perpetuus
1389 1510 1534 1538 merce-

290 1556 420 1593 narius
438 1560 510 1594 est.
549 1556 885 1603 Quemadmodum
911 1557 975 1594 ille
993 1556 1225 1594 beneficium
1250 1556 1334 1603 dat,
1358 1555 1424 1593 ubi
1446 1556 1534 1603 plus

289 1614 463 1657 praestat
494 1621 611 1658 quam
642 1611 680 1653 in
717 1611 825 1659 quod
852 1621 995 1659 operas
1022 1611 1184 1658 locavit,
1213 1611 1270 1648 sic
1298 1620 1438 1648 servus
1468 1609 1534 1647 ubi

287 1665 560 1703 benevolentia
582 1675 676 1713 erga
696 1666 893 1704 dominum
914 1666 1092 1703 fortunae
1115 1675 1211 1703 suae
1230 1665 1389 1703 modum
1407 1669 1532 1702 trans-

288 1718 329 1756 iit
356 1723 394 1756 et
420 1718 535 1758 altius
558 1719 706 1768 aliquid
735 1731 856 1758 ausus
885 1720 993 1768 quod
1019 1720 1132 1758 etiam
1161 1719 1312 1757 felicius
1340 1719 1441 1756 natis
1467 1718 1531 1755 de-

287 1772 369 1810 cori
402 1779 510 1812 esset
543 1778 608 1820 [et]
639 1785 751 1822 spem
771 1775 925 1813 ‘domini
955 1774 1184 1820 antecessit,
1212 1772 1447 1811 beneficium
1474 1776 1535 1809 est

246 1832 266 1864 2
285 1826 385 1865 intra
404 1828 563 1866 domum
584 1829 796 1867 inventum.
835 1829 897 1867 An
917 1839 1086 1876 aequum
1107 1828 1175 1866 tibi
1187 1828 1368 1876 ,videtum
1391 1827 1533 1874 quibus

288 1881 322 1919 si
341 1882 468 1919 minus
500 1883 631 1921 debito
651 1883 812 1930 saciant,
842 1883 1063 1928 irascimur,
1092 1893 1170 1920 non
1197 1882 1332 1920 haberi
1358 1881 1531 1928 gratiam,

287 1936 319 1973 si
343 1937 432 1984 plus
453 1937 583 1976 debito
604 1938 800 1985 solitoque
821 1937 1008 1976 fecerint?
1033 1938 1105 1976 Vis
1126 1937 1246 1982 seire,
1276 1935 1433 1983 quando
1454 1945 1531 1972 non

287 1990 337 2028 sit
368 1991 632 2030 beneficium?
658 1992 723 2030 ubi
758 1992 834 2030 dici
861 1997 1010 2040 potest:
1046 1991 1166 2039 „quid
1195 1990 1228 2028 si
1259 1989 1428 2028 nollet2“
1465 1988 1533 2027 ubi

286 2055 379 2083 vero
400 2045 440 2083 id
460 2045 671 2094 praestitit,
701 2047 808 2094 quod
827 2048 931 2085 nolle
955 2047 1078 2092 licuit,
1105 2045 1280 2083 voluisse
1295 2043 1532 2082 laudandum

245 2106 266 2139 3
286 2103 357 2136 est.
400 2100 505 2138 Inter
523 2110 568 2138 se
588 2101 782 2139 contraria
801 2106 892 2140 sunt
909 2101 1142 2139 beneficium
1163 2103 1201 2137 et
1219 2099 1371 2136 iniuria.
1403 2103 1534 2145 potest

288 2152 382 2190 dare
400 2154 633 2193 beneficium
654 2154 834 2201 domino,
864 2154 899 2194 si
917 2166 941 2193 a
959 2156 1116 2194 domino
1136 2153 1314 2191 iniuriam
1338 2152 1530 2200 accipere.

288 2207 394 2254 atqui
414 2209 463 2246 de
481 2209 630 2247 iniuriis
651 2209 897 2248 dominorum
914 2210 952 2247 in
972 2217 1112 2247 servos
1133 2207 1198 2255 qui
1222 2207 1356 2246 audiat
1377 2206 1531 2255 positus

287 2264 366 2306 est,
396 2263 462 2309 qui
481 2267 521 2301 et
538 2264 740 2302 saevitiam
761 2269 799 2302 et
810 2261 1013 2302 'libidInem
1034 2268 1071 2301 et
1088 2261 1127 2300 in
1149 2262 1385 2309 praebendis
1404 2262 1453 2299 ad
1475 2260 1530 2298 vi-
1591 2289 1592 2302 2

287 2319 388 2352 ctum
406 2317 642 2357 necessariis
663 2318 861 2357 avaritiam
882 2322 1105 2367 conpescat.
1146 2316 1245 2363 Quid
1265 2321 1387 2364 ergo?
1405 2316 1529 2354 benc-

1590 2303 1592 2340 l

1589 2347 1591 2378 l
