1592 2580
280 194 465 234 NATUR.
488 192 700 241 QUAEST.
731 193 826 232 LlB.
847 193 931 232 Vll.
966 199 1136 234 11—13.
1275 193 1355 235 305

70 300 196 337 larum
213 299 411 335 conventu
428 294 698 343 gignerentur.
727 294 815 332 illae
832 293 936 332 enim
956 294 1022 332 diu
1041 295 1258 334 cohaerere
1275 307 1353 335 non

72 356 243 403 possunt
260 355 310 390 *et
338 361 510 389 necesse
539 355 601 388 est
628 350 716 388 illas
737 350 804 388 lex
825 350 1038 389 celeritatis
1059 361 1158 389 suae
1180 357 1353 400 separet.

69 410 279 448 Praeterea
307 405 384 445 ista
413 406 531 444 nobis
558 405 688 444 vicina
709 405 912 444 videntur:
942 411 1118 445 ceterum
1138 406 1355 446 intervallis
1372 414 1392 446 5

70 463 296 514 ingentibus
325 461 535 500 dissident.
580 462 784 510 quomodo
816 472 912 510 ergo
943 467 1075 510 potest
1095 463 1218 501 altera
1242 464 1357 502 stella

70 529 198 569 usque
227 519 276 557 ad
305 519 467 556 alteram
497 517 628 566 ignem
660 517 834 564 mittere,
874 518 927 556 ita
953 523 995 556 ut
1024 523 1195 567 utraque
1223 519 1357 558 iuncta

69 576 261 619 videatur,
291 584 381 612 cum
403 574 482 612 sint
501 573 649 621 ingenti
670 573 835 621 regione
852 573 1066 612 diductae?
1102 573 1353 622 ‚,Stellarum‚
1370 580 1392 614 6

67 631 212 680 inquit,
238 630 405 668 duarum
426 630 558 667 lumen
580 629 770 667 miscetur
785 633 824 666 et
841 629 1006 677 praebet
1021 629 1139 668 unius
1156 631 1354 679 speciem:

67 696 213 735 nempe
239 684 319 732 sic,
351 685 690 734 quemadmodum
717 683 940 723 rubicunda
962 685 1007 724 fit
1028 684 1156 724 nubes
1178 686 1276 725 solis
1297 686 1353 725 in-

69 753 203 788 cursu,
226 741 566 788 quemadmodum
581 740 812 788 vespertina
828 745 895 779 aut
911 740 1101 779 matutina
1117 740 1353 790 flavescunt,

70 797 409 847 quemadmodum
438 806 578 843 arcuS‚
609 796 754 834 alterve
775 797 836 834 sol
862 796 1042 835 visitur.“
1090 797 1200 835 Haec
1220 797 1355 837 omnia
1372 803 1392 837 7

67 854 239 903 primum
260 862 405 900 magna
426 851 464 890 vi
485 852 730 890 efficiuntur:
758 852 820 890 sol
840 851 945 890 enim
965 856 1045 899 est,
1079 853 1148 901 qui
1167 851 1244 891 ista
1265 865 1353 893 suc·

68 908 215 948 cendit.
255 909 458 947 stellarum
487 918 566 946 non
595 912 657 946 est
685 907 826 946 eadem
849 907 1036 956 potentia.
1085 907 1240 947 Deinde
1259 909 1356 948 nihil

67 965 210 1004 horum
237 964 314 1002 nisi
342 964 444 1002 inl'ra
472 965 605 1002 lunam
627 963 664 1001 in
688 967 878 1001 terrarum
899 964 1043 1002 vicinia
1063 965 1261 1003 nascitur:
1290 976 1355 1004 su-

67 1021 229 1070 periora
250 1030 350 1069 pura
371 1025 409 1059 et
429 1019 586 1059 sincera
607 1024 700 1058 sunt
722 1024 760 1057 et
776 1019 924 1058 coloris
941 1020 1003 1058 sui
1020 1030 1193 1068 semper.
1238 1020 1356 1059 Prae·
1370 1026 1393 1060 8

68 1082 179 1117 terea
208 1075 243 1115 si
273 1075 369 1124 quid
406 1076 482 1114 tale
511 1074 730 1122 accideret,
770 1086 848 1114 non
887 1074 1052 1114 haberet
1079 1086 1251 1124 moram,
1282 1077 1355 1115 sed

69 1131 392 1181 exstingueretur
413 1130 513 1177 cito,
537 1130 649 1169 ‘sicut
669 1141 862 1178 coronae,
897 1141 1002 1179 quae
1021 1131 1149 1170 solem
1170 1132 1356 1170 lunamve

68 1188 251 1237 cingunt,
281 1187 383 1225 Intra
398 1186 678 1225 brevissimum
700 1185 871 1234 spatium
889 1187 1138 1225 exolescunt.
1169 1197 1220 1225 ne
1235 1199 1356 1227 arcus

68 1244 230 1293 quidem
260 1243 328 1281 diu
357 1246 604 1291 perseverat.
666 1241 708 1280 Si
739 1242 833 1290 quid
870 1247 980 1280 esset
1013 1242 1091 1280 tale
1123 1242 1226 1281 inter
1253 1244 1355 1282 duas

67 1300 225 1345 stellas,
258 1309 338 1347 quo
366 1298 543 1336 medium
566 1297 739 1346 spatium
761 1298 1093 1345 confunderetur,
1125 1308 1256 1347 aeque
1278 1300 1354 1338 cito

67 1355 330 1394 dilaberetur:
359 1354 498 1403 utique
518 1365 597 1393 non
621 1354 658 1391 in
676 1358 827 1392 tantum
844 1358 1042 1401 maneret,
1066 1358 1255 1402 quantum
1272 1365 1354 1394 mo—

66 1410 147 1450 rari
175 1414 356 1450 cometae
385 1411 528 1448 solent.
580 1408 714 1448 Stellis
742 1409 842 1446 intra
865 1409 1096 1457 signiferum
1118 1419 1261 1449 cursus
1281 1416 1353 1457 est,

67 1467 173 1506 hunc
195 1470 380 1515 premunt
399 1475 564 1516 gyrum:
596 1470 636 1503 at
655 1468 834 1503 cometae
850 1464 1000 1513 ubique
1017 1470 1241 1504 cernuntur.
1274 1477 1354 1505 non

67 1521 196 1571 magis
217 1526 368 1560 certum
389 1525 451 1559 est
479 1519 556 1558 illis
573 1524 752 1569 tempus,
783 1531 864 1568 quo
885 1520 1125 1570 admi-eant,
1158 1532 1277 1570 quam
1298 1523 1355 1561 lo·

68 1589 141 1618 cus
160 1577 286 1625 ullus,
313 1578 418 1616 ultra
439 1585 559 1626 quem
579 1587 657 1615 non
680 1580 838 1618 exeant.

149 1633 251 1671 XIII.
287 1633 567 1671 Adversus·
589 1631 711 1670 haec
741 1630 798 1669 ab
819 1631 1144 1671 Artemidoro
1172 1632 1259 1671 illa
1281 1633 1352 1672 di-
1375 1643 1390 1675 1

69 1694 268 1729 cuntur:
299 1699 378 1727 non
398 1687 470 1726 has
492 1692 640 1726 tantum
662 1688 798 1726 stellas
817 1687 996 1736 quinque
1012 1686 1257 1736 discurrere,
1279 1689 1353 1728 sed

67 1746 142 1784 has
173 1746 282 1784 solas
310 1745 546 1783 observatas
574 1753 689 1782 esse=
729 1747 904 1782 ceterum
929 1744 1238 1783 innumerabiles
1259 1744 1353 1783 terri

69 1812 142 1850 per
158 1801 354 1840 occultum
372 1804 440 1838 aut
455 1804 620 1848 propter
632 1799 916 1838 obscuritatem
933 1799 1090 1838 luminis
1108 1799 1224 1838 nobis
1242 1800 1352 1849 igno-

68 1864 128 1897 tas
150 1862 218 1895 aut
236 1860 402 1905 propter
423 1855 661 1894 circulorum
682 1855 923 1904 positionem
943 1855 1081 1902 talem,
1111 1859 1154 1894 ut
1176 1861 1268 1894 tunc
1284 1856 1352 1894 de-

67 1924 194 1959 mum,
226 1923 316 1951 cum
343 1911 394 1949 ad
424 1916 601 1949 extrema
629 1920 766 1949 eorum
796 1921 964 1958 venere,
993 1910 1187 1950 visantur.
1228 1921 1351 1960 „ergo

68 1970 333 2007 intercurrunt
353 1967 550 2016 quaedam
572 1967 728 2013 stellae,
762 1971 802 2005 ut
821 1967 894 2014 ait,
925 1966 1042 2005 nobis
1063 1977 1212 2014 novae,
1248 1978 1353 2015 quae

20 2049 27 2052 -
69 2025 198 2064 lumen
221 2034 336 2063 suum
358 2020 632 2062 constantibus
652 2023 847 2061 misceant
863 2027 902 2060 et
917 2022 1107 2060 maiorem
1126 2033 1243 2071 quarn
1261 2024 1350 2062 stel-

68 2079 118 2118 lis
145 2089 232 2119 mos
263 2083 325 2118 est
355 2078 558 2126 porrigant
586 2077 762 2126 ignem.“
811 2079 898 2116 Hoc
926 2088 976 2116 ex
1005 2077 1087 2125 his,
1121 2088 1224 2127 quae
1243 2089 1389 2124 men-2

69 2135 172 2181 titur,
199 2134 446 2174 levissimum
474 2138 555 2172 est:
585 2133 782 2173 totaleius
812 2134 1008 2172 enarratio
1026 2134 1166 2184 *mundi
1187 2135 1348 2174 menda—

71 2190 173 2228 cium
199 2189 400 2239 inpudens
429 2194 501 2228 est.
546 2200 636 2227 nam
666 2189 699 2227 si
728 2188 782 2227 illi
810 2188 1031 2236 credimus,
1067 2199 1221 2228 summa
1249 2191 1350 2229 coeli

71 2256 143 2284 ora
171 2245 416 2285 solidissima
444 2250 523 2292 est,
556 2245 594 2282 in
622 2244 785 2284 modum
812 2245 904 2284 tecti
931 2245 1073 2284 durata
1094 2250 1132 2283 et
1152 2245 1218 2284 alti
1242 2257 1348 2290 cras-

72 2301 188 2349 sique
209 2302 411 2353 corporis‚
442 2301 551 2349 quod
572 2300 692 2339 atomi
712 2300 894 2350 congesti
916 2300 1223 2350 coacervatique
1245 2302 1348 2341 fece*-

70 2355 172 2396 runt.
218 2356 318 2396 Huic
347 2358 528 2406 proxima
557 2355 794 2406 superficies
820 2355 937 2406 ignea
958 2360 1036 2406 est,
1068 2357 1122 2395 ita
1143 2363 1348 2406 conpacta,
1366 2365 1388 2399 3

125 2425 256 2450 SENECA
276 2426 365 2451 pun..
387 2417 427 2452 11.
1089 2417 1134 2452 20
