1624 2626
451 282 496 335 11·
531 280 716 336 ANNAEI
759 274 984 338 SENECAE

293 373 783 438 DIALOGORUM
822 372 1047 435 LIBER
1084 373 1151 435 Χ.

496 509 528 540 Α
543 507 570 539 D
616 508 641 539 P
656 508 688 540 A
701 507 730 541 U
744 506 771 539 L
785 507 800 539 1
814 507 844 539 N
859 506 888 539 U
903 506 938 539 M

458 586 521 630 ΒΕ
544 585 798 629 nssrvmrr
823 568 970 628 vim.

152 754 182 792 I.
206 752 367 794 Maior
386 765 507 804 pars
529 755 836 804 mortalium,
857 752 1045 801 Pauline,
1067 753 1127 792 de
1145 759 1357 794 naturae
1377 763 1395 795 1

69 810 392 858 malignitate
439 810 797 860 conqueritur,
827 810 981 860 ·quod
1029 809 1077 847 in
1117 810 1358 859 exiguum

70 866 180 904 aevi
208 866 479 916 gignimur,
510 868 622 917 quod
649 867 750 905 haec
770 872 849 906 tam
868 865 1082 914 velociter,
1116 870 1197 904 tam
1214 866 1358 916 rapide

69 922 150 961 dati
177 922 295 962 nobis
323 924 519 973 temporis
547 924 679 973 spatia
707 923 944 971 decurrant,
979 922 1083 961 adeo
1105 927 1148 961 ut
1174 923 1356 972 exceptis

68 978 284 1018 admodum
312 980 454 1029 paucis
484 984 640 1019 ceteros
666 978 707 1017 in
728 979 819 1027 ipso
842 980 946 1017 vitae
963 979 1166 1026 ,adparatu
1185 979 1267 1018 vita
1287 980 1356 1018 de-

68 1034 230 1074 stituat.-
258 1046 332 1074 nec
353 1036 444 1074 huic
465 1035 646 1084 publico,
674 1039 719 1073 ut
738 1035 974 1083 opinantur,
1005 1035 1111 1073 malo
1133 1034 1250 1073 turba
1271 1041 1356 1074 tan-

66 1096 149 1130 tum
169 1095 208 1129 et
226 1091 426 1140 inpudens
447 1092 590 1140 volgus
610 1090 814 1140 ingemuit.
845 1092 1044 1131 clarorum
1067 1101 1232 1139 quoque
1247 1092 1355 1130 viro-

64 1157 154 1186 rum
175 1146 240 1186 hic
260 1148 442 1187 adfectus
460 1148 647 1197 querelas
664 1146 867 1186 evocavit:
889 1147 983 1186 inde
1002 1147 1069 1186 illa
1089 1147 1251 1186 maximi
1271 1157 1354 1185 me-

66 1203 246 1242 dicorum
278 1203 515 1243 exclamatio
545 1209 628 1243 est:
662 1203 819 1252 „vitam
846 1203 1012 1242 brevem
1041 1213 1155 1251 esse,
1190 1203 1354 1252 longam

66 1263 204 1298 artem.
216 1263 240 1281 “
268 1259 363 1298 inde
385 1259 612 1299 Aristotelis
637 1270 726 1298 cum
745 1270 879 1299 rerum
899 1264 1041 1298 natura
1062 1259 1261 1307 exigentis
1282 1259 1351 1298 mi-
1369 1263 1392 1296 2

65 1315 171 1354 nime
197 1316 441 1355 conveniens
474 1315 646 1365 sapienti
678 1316 762 1355 viro
784 1316 833 1354 lis
854 1320 928 1354 est.
972 1315 1045 1355 ait:
1065 1317 1249 1355 iniustam
1269 1316 1352 1354 ani-

66 1371 236 1411 malibus
255 1376 406 1411 tantum
426 1372 657 1420 indulsisse,
679 1378 722 1411 ut
742 1372 864 1421 quina
885 1377 952 1411 aut
972 1372 1078 1410 dena
1099 1371 1238 1410 secula
1254 1372 1352 1411 edu-

66 1426 252 1476 [chrent2
271 1427 420 1467 homini
439 1429 479 1467 in
500 1433 580 1467 tam
601 1428 724 1466 multa
743 1439 790 1466 ac
811 1438 958 1476 magna
978 1428 1112 1476 genito
1129 1432 1238 1466 tanto
1256 1428 1351 1466 cite-

64 1482 212 1522 riorem
243 1484 453 1523 terminum
487 1488 634 1523 stare.“
686 1484 791 1523 Non
828 1483 1069 1532 exiguum
1103 1487 1196 1521 tem
1210 1494 1234 1532 p
1249 1483 1351 1522 oris
1368 1485 1391 1520 3

65 1538 333 1588 habemus,
365 1540 456 1578 sed
487 1540 691 1579 multum
724 1540 1064 1589 perdidimus.
1109 1540 1208 1578 satis
1229 1540 1353 1588 longa

63 1595 144 1633 vita
164 1599 203 1633 et
222 1594 262 1633 in
281 1596 543 1634 maximarum
561 1606 695 1634 rerum
718 1596 1106 1635 consummationem
1126 1597 1235 1644 large
1257 1596 1352 1634 data

64 1655 144 1699 est,
166 1650 202 1689 si
224 1655 306 1690 tota
326 1651 428 1689 bene
448 1652 737 1691 conlocaretur.
776 1652 852 1691 sed
870 1652 938 1690 ubi
960 1662 1033 1700 per
1052 1653 1191 1690 luxum
1211 1661 1259 1690 ac
1280 1661 1350 1690 ne—

63 1707 302 1756 glegentiam
324 1706 488 1755 diffluit,
516 1707 583 1745 ubi
604 1707 738 1745 nullae
741 1707 888 1764 yonae
909 1708 967 1746 rei
986 1707 1238 1756 inpenditur,
1259 1707 1348 1747 ulti-

63 1773 128 1801 ma
161 1763 320 1801 demum
348 1762 590 1802 necessitate
609 1767 799 1812 cogente,
834 1774 953 1812 quam
973 1764 1031 1802 ire
1051 1774 1131 1802 non
1152 1763 1348 1802 intellexi·

62 1830 170 1867 mus,
191 1819 388 1858 transisse
409 1817 615 1858 sentimus.
645 1819 704 1858 Ita
725 1824 806 1867 est,
827 1830 908 1859 non
929 1820 1162 1868 accepimus
1182 1820 1347 1858 brevem
1362 1821 1385 1856 4

60 1876 202 1924 vitam,
224 1875 296 1913 sed
316 1875 504 1922 fecimus,
526 1884 601 1912 nec
619 1873 764 1924 inopes
785 1876 890 1922 eius,
922 1876 995 1914 sed
1016 1875 1175 1924 prodigi
1191 1886 1345 1915 sumus.

62 1930 171 1970 Sicut
189 1931 346 1980 amplae
367 1936 406 1970 et
425 1930 559 1979 regiae
581 1941 680 1979 opes
701 1930 769 1969 ubi
789 1931 842 1969 ad
861 1933 1010 1972 malum
1034 1931 1239 1970 dominum
1255 1941 1346 1980 per—

60 1991 275 2040 venerunt,
310 1993 511 2026 momento
541 1985 807 2034 dissipantur,
841 1992 880 2026 at
900 1987 1082 2036 quamvis
1105 1987 1289 2026 modicae
1309 1988 1345 2026 si

60 2043 167 2082 bono
190 2043 348 2082 custodi
371 2043 540 2082 traditae
563 2047 667 2089 sunt,
689 2053 766 2081 usu
786 2048 992 2082 crescunt:
1008 2042 1063 2081 ita
1078 2048 1188 2082 aetas
1205 2048 1344 2083 nostra

61 2099 164 2138 bene
183 2098 413 2147 disponenti
433 2100 598 2137 multum
619 2102 740 2147 patet.

141 2155 189 2193 ΙΙ.
233 2155 335 2203 Quid
364 2156 414 2194 de
440 2165 574 2194 rerum
594 2159 736 2192 natura
756 2153 986 2202 querimur?
1017 2152 1084 2192 illa
1104 2164 1151 2193 sc
1169 2154 1342 2204 benigne
1359 2167 1378 2200 l

60 2210 196 2259 gessit.
226 2211 325 2258 vita,
347 2212 381 2250 si
401 2212 456 2250 uti
478 2211 606 2258 scias,
628 2211 749 2258 longa
769 2213 842 2248 est.
872 2209 1007 2247 Alium
1026 2209 1261 2250 insatiabilis
1281 2216 1339 2250 te-

61 2272 126 2305 net
155 2267 320 2306 avaritia
335 2298 345 2315 ,
389 2267 508 2306 alium
545 2266 584 2304 in
623 2264 888 2314 supervacuis
923 2265 1127 2305 laboribus
1160 2277 1340 2316 operosa

60 2322 263 2362 sedulitas.
307 2324 408 2362 alius
438 2323 534 2362 vino
563 2323 706 2362 madet.
755 2321 855 2360 alius
882 2320 1025 2361 inertia
1042 2326 1187 2372 torpet.
1217 2323 1339 2362 alium
