1624 2626
1011 49 1029 69 Ο

182 172 251 211 An
280 170 577 211 GALLIONEM
602 170 670 209 DE
698 170 823 211 VITA
848 169 1033 211 BEATA.
1063 145 1176 214 5-8.
1235 171 1316 214 145

35 277 221 326 voluptas
245 273 527 323 inmiscuisset,
557 285 638 324 qua
654 274 781 314 virtus
802 284 926 324 saepe
951 279 1070 324 caret,
1100 288 1315 327 numquam

34 332 194 381 indiget.
229 329 331 380 Quid
353 330 572 379 dissimilia,
593 330 713 369 immo
731 330 892 369 diversa
912 331 1168 380 conponitis?
1196 334 1318 373 altum
1336 337 1360 372 3

36 387 226 438 quiddam
243 390 306 426 est
323 386 462 433 virtus,
493 386 699 425 excelsum
719 391 758 425 et
777 387 922 435 regale,
956 386 1157 435 invictum,
1186 389 1315 429 infati-

33 442 184 492 gabile=
219 443 408 492 voluptas
437 441 604 491 humile,
634 441 802 491 servile,
828 441 1074 491 inbecillum,
1107 443 1317 492 caducum,

34 498 148 538 cuius
169 499 285 537 statio
307 508 354 537 36
374 497 616 537 domicilium
644 498 819 536 fornices
840 502 891 547 61Δ
899 498 1073 548 popinae
1097 503 1202 538 sunt.
1239 499 1316 538 vir-

32 559 154 594 tutem
176 554 383 603 intemplo
405 553 636 602 convenies,
666 554 706 592 in
735 554 836 602 soro,
858 551 1058 602 incuria,
1085 565 1161 603 pro
1190 554 1316 595 muris

33 615 213 659 stantem,
228 610 556 659 pulverulentam,
575 610 803 656 coloratam,
820 605 992 649 callosas
1006 610 1218 649 habentem
1234 621 1316 649 ma·

0 663 5 686 ³⁶*
33 677 132 706 nus:
162 666 403 715 voluptatem
425 665 641 704 latitantem
668 665 833 714 saepius
861 661 909 704 36
938 665 1124 706 tenebras
1153 671 1315 715 captan-

32 727 112 761 tem
133 720 240 760 circa
259 721 418 760 balinea
445 732 493 760 ac
522 720 728 761 sudatoria
756 731 804 759 ae
829 721 921 760 loca
939 721 1108 760 aedilem
1137 727 1315 762 metuen-

0 780 6 822 l
33 777 100 824 tia,
121 777 293 824 mollem,
323 786 523 825 enervem,
553 787 663 816 mero
693 774 814 826 atque
841 788 920 826 un„
900 782 1045 816 uento
1076 777 1315 826 madentem,

0 838 6 881 'l
32 832 220 882 pallidam
242 835 310 870 aut
328 832 499 870 fucatam
527 837 567 872 et
592 833 892 871 medicamentis
898 802 1160 882 ζ’1)011111613111.
1199 832 1312 872 Sum-
1330 838 1354 872 4

0 899 141 927 mum
159 888 309 927 bonum
339 887 544 927 inmortale
564 893 637 936 est,
666 879 796 927 nescit
822 888 944 927 exire.
989 899 1065 927 nec
1094 889 1318 928 satietatem

0 925 153 996 Ὶ11131161
173 954 247 982 1166
266 943 561 992 poenitentiam.
598 954 816 1006 numquam
840 944 944 982 enim
963 949 1072 983 recta
1086 955 1208 984 mens
1227 955 1318 983 ver

0 986 126 1039 Ι111111
142 1010 216 1038 1166
232 999 307 1038 sibi
325 999 418 1038 odio
434 1002 586 1038 estnec
603 998 819 1048 quicquam
834 1000 999 1038 mutavit
1014 1000 1038 1050 [,
1045 1001 1139 1047 quia
1155 1010 1318 1063 semper

33 1066 194 1104 semper
209 1059 348 1094 secuta
366 1057 441 1101 est]
463 1053 631 1103 optima:
653 1058 692 1093 at
708 1054 894 1102 voluptas
910 1059 1016 1101 tunc,
1038 1065 1127 1093 cum
1144 1056 1318 1094 maxime

32 1111 214 1157 delectat,
237 1109 512 1158 exstinguitur.
551 1121 630 1149 non
650 1110 812 1148 multum
836 1109 915 1148 loci
930 1109 1060 1158 habet,
1080 1111 1215 1160 itaque
1237 1112 1314 1151 cito

0 1166 5 1206 i
29 1165 154 1216 inplet
185 1170 223 1204 et
261 1165 393 1204 taedio
432 1170 493 1205 est
528 1170 567 1205 et
598 1170 691 1215 post
722 1165 893 1214 primum
929 1166 1104 1216 inpetum
1144 1171 1314 1206 marcet:

0 1265 1 1268 Ἴ
31 1232 106 1261 1166
138 1221 181 1260 id
213 1232 402 1270 umquam
431 1226 582 1260 certum
610 1225 690 1270 est,
726 1221 839 1260 cuius
869 1222 908 1260 in
937 1227 1048 1261 motu
1074 1227 1215 1262 natura
1241 1227 1314 1262 est.

0 1278 86 1317 >»ita
121 1287 171 1316 ne
210 1281 343 1327 potest
369 1276 526 1326 quidem
561 1278 642 1316 ulla
675 1276 762 1316 eius
797 1288 892 1316 esse
921 1278 1166 1327 substantia,
1204 1279 1316 1328 quod

30 1332 138 1373 venit
165 1332 358 1372 transitve
383 1332 588 1372 celerrime
611 1332 762 1383 inipso
786 1344 865 1386 usu
897 1335 959 1373 sui
984 1331 1215 1384 periturum.
1264 1345 1314 1373 eo

31 1388 136 1428 enim
169 1389 352 1438 pervenit
376 1388 445 1428 ubi
478 1389 655 1438 desinat,
690 1394 730 1428 et
762 1389 858 1428 dum
885 1390 1043 1439 incipit,
1078 1395 1233 1440 spectat
1262 1391 1315 1429 ad

33 1445 166 1484 finem.

86 1500 190 1539 VIII.
223 1500 335 1549 Quid,
358 1501 467 1550 quod
483 1505 562 1540 tam
576 1499 695 1540 bonis
713 1513 831 1552 quam
847 1501 961 1540 malis
976 1501 1165 1551 voluptas
1182 1499 1315 1539 inest?
1334 1509 1353 1543 1

32 1566 108 1594 nee
127 1556 257 1596 minus
276 1560 414 1605 turpes
443 1557 620 1596 dedecus
641 1568 757 1596 suum
787 1569 905 1606 quam
933 1557 1128 1596 honestos
1149 1557 1314 1605 egregia

33 1612 242 1650 delectant.
262 1611 437 1660 ideoque
447 1618 736 1661 praeceperunt
749 1611 907 1653 veteres
918 1613 1107 1662 optimam
1120 1611 1238 1661 sequi
1255 1612 1312 1650 vi-

33 1672 123 1714 tam,
152 1678 232 1706 non
257 1665 601 1714 iucundissimam,
634 1673 677 1708 ut
703 1675 836 1708 rectae
862 1680 910 1708 ac
936 1669 1067 1708 bonae
1095 1668 1312 1707 voluntatis

33 1733 112 1762 non
135 1723 231 1772 dux,
251 1723 324 1761 sed
339 1733 474 1762 comes
494 1721 546 1762 sit
563 1723 762 1773 voluptas.
793 1729 933 1764 natura
952 1724 1057 1763 enim
1077 1724 1180 1763 duce
1199 1729 1311 1762 uten-

34 1779 127 1818 dum
146 1783 219 1818 est.
264 1779 366 1817 hanc
382 1779 482 1817 ratio
510 1778 656 1817 obserx
647 1784 716 1827 at
741 1779 846 1818 hanc
865 1780 1048 1820 consulit.
1077 1779 1162 1818 Ide
1176 1790 1214 1818 m
1236 1785 1314 1819 est
1331 1783 1354 1816 2

34 1844 153 1883 ergo
182 1835 327 1873 beate
350 1836 523 1873 vivere
542 1838 589 1873 61
622 1837 896 1887 secundum
925 1841 1166 1879 naturam.
1216 1835 1313 1874 hoe

36 1890 156 1939 quid
177 1891 261 1938 sit,
283 1888 374 1928 iam
396 1887 641 1942 aperiam:
671 1891 707 1929 si
730 1892 912 1940 corporis
934 1885 1049 1931 dotes
1070 1894 1110 1929 et
1129 1895 1221 1939 apta
1242 1901 1311 1942 na-

34 1950 145 1985 turae
175 1946 500 1985 conservabimus
523 1943 733 1994 diligenter
757 1951 796 1986 et
820 1946 1010 1996 inpavide
1039 1953 1243 1994 tamquam
1272 1946 1312 1984 in

36 2001 140 2040 diem
160 2002 250 2040 data
269 2005 308 2040 et
324 2002 491 2051 fugacia,
517 2002 550 2039 si
572 2013 650 2041 non
668 2001 904 2042 subierimus
922 2013 1061 2042 eorum
1082 2001 1312 2050 servitutem

35 2066 110 2096 nec
128 2069 203 2097 nos
224 2056 354 2108 aliena
374 2057 639 2109 possederint,
660 2057 694 2096 si
715 2054 874 2107 corpori
896 2063 1008 2107 grata
1027 2062 1066 2108 61
1085 2057 1315 2097 adventiciav

36 2123 84 2152 eo
106 2113 221 2153 nobis
242 2114 332 2153 loco
354 2113 507 2160 suerint,
531 2124 610 2162 quo
634 2118 727 2151 sunt
746 2114 784 2151 in
807 2114 948 2153 castus
966 2113 1114 2159 auxilia
1132 2117 1171 2152 et
1185 2110 1308 2162 311113-

35 2173 145 2208 turae
165 2170 229 2208 lev
232 2180 296 2208 es:
327 2170 502 2208 serviant
521 2169 610 2217 ista,
631 2180 709 2208 non
731 2169 936 2219 imperent,
954 2170 1008 2207 ita
1024 2169 1179 2214 demum
1191 2160 1308 2208 utilia

37 2221 277 2263 31111111161111.
311 2223 568 2274 Incorruptus
597 2224 657 2263 vir
684 2225 733 2263 sit
762 2225 937 2264 externis
967 2229 1006 2263 et
1026 2220 1307 2274 insuperabilis
1326 2228 1350 2263 3

36 2274 276 2330 miratorque
294 2285 443 2319 tantum
463 2280 537 2327 sui,
566 2280 697 2321 fidens
724 2278 855 2319 animo
887 2284 1007 2343 atque
1032 2280 1071 2318 in
1096 2284 1307 2329 utrumque

39 2340 198 2383 paratus
226 2336 368 2375 artifex
398 2336 512 2375 vitae.
561 2336 708 2375 fiducia
728 2336 814 2375 eius
838 2346 919 2375 11011
939 2335 1026 2374 sine
1053 2335 1218 2374 scientia
1245 2337 1306 2382 sit,

41 2389 202 2430 scientia
227 2402 307 2430 non
335 2392 421 2430 sine
450 2392 688 2431 constantia:
726 2396 911 2430 maneant
932 2391 987 2431 illi
1015 2393 1138 2431 semel
1162 2394 1307 2442 placita

93 2459 222 2484 SENECA
242 2460 330 2484 riui..
352 2450 377 2484 l.
1051 2454 1094 2487 10
