1598 2606
277 168 306 210 4
645 166 689 207 L.
715 167 907 208 ANNAEI
934 167 1159 208 SENECAE

277 267 428 317 mitiget
452 271 491 307 et
516 266 556 306 in
579 277 752 307 amorem
772 266 833 306 sui
852 271 994 306 vertatz
1023 268 1181 307 leonum
1201 277 1271 306 ora
1289 276 1313 306 a
1331 266 1528 316 magistris

277 323 427 372 inpune
446 326 672 361 tractantur.
712 322 1009 370 elephantorum
1029 321 1218 362 feritatem
1239 333 1368 371 usque
1387 323 1426 360 in
1447 334 1528 362 ser-

276 378 356 417 vile
375 376 549 416 officium
568 377 789 416 demeretur
809 376 941 416 cibus=
971 376 1071 415 adeo
1091 377 1207 416 etiam
1227 388 1329 425 quae
1344 383 1455 417 extra
1472 379 1530 416 in-

277 433 475 472 tellectum
495 436 612 480 atque
627 430 939 470 aestimationem
953 430 1135 470 beneficii
1155 432 1284 480 posita
1299 438 1402 480 sunt,
1423 433 1529 471 adsi-

279 486 408 527 duitas
428 491 558 525 tamen
581 486 706 525 meriti
734 485 946 534 pertinacis
971 486 1123 525 evincit.
1170 487 1348 534 Ingratus
1372 492 1433 526 est
1460 488 1528 525 ad-

276 552 422 580 versus
448 552 568 580 unum
601 541 855 580 beneficium:
906 541 1098 580 adversus
1131 542 1294 580 alterum
1329 552 1408 580 non
1444 542 1529 580 erit.

278 597 448 635 duorum
467 596 611 635 oblitus
640 600 720 634 esta
756 594 912 635 tertium
929 596 1045 635 etiam
1072 596 1110 634 in
1133 606 1268 635 eorum
1299 606 1401 645 quae
1424 597 1529 635 exci-

279 651 421 690 derunt
439 651 666 689 memoriam
685 649 860 689 reducet.

237 716 256 750 1
359 705 423 743 ΠΙ.
451 705 490 744 Is
511 706 640 753 perdit
658 704 852 743 beneficia
872 704 938 754 qui
966 704 1042 744 cito
1072 715 1116 744 se
1144 704 1368 753 perdid1sse
1394 705 1529 744 credit.

279 765 318 799 at
334 759 401 808 qui
420 760 538 798 instat
556 764 594 798 et
615 764 752 798 onerat
769 759 902 808 priora
921 760 1196 808 sequentibus,
1227 759 1342 798 etiam
1362 770 1411 798 ex
1431 760 1530 799 duro

210 839 215 845 -
279 819 318 853 et
336 814 540 853 inmemori
559 818 722 862 pectore
748 813 911 862 gratiam
937 815 1127 853 extundit.
1173 814 1259 853 Non
1281 813 1442 853 audebit
1461 815 1530 853 ad-

277 879 420 907 versus
449 870 570 908 multa
590 870 729 907 oculos
749 869 950 908 adtollere.
998 879 1249 917 quocumque
1269 879 1314 907 se
1341 869 1533 908 convertit

274 923 504 964 memoriam
533 934 644 962 suam
673 923 845 971 fugiens,
881 924 934 962 ibi
962 927 999 961 te
1027 924 1168 962 videat.
1216 923 1418 962 beneficiis
1453 923 1530 963 tuis

233 988 255 1021 2
274 981 383 1020 illum
405 978 531 1026 cinge.
577 978 749 1025 Quorum
769 988 870 1026 quae
887 978 950 1016 vis
971 988 1124 1025 quaeve
1147 979 1370 1027 proprietas
1397 977 1448 1016 sit
1474 978 1531 1016 di-

277 1046 382 1082 cam,
414 1032 448 1070 si
475 1032 619 1080 prius
646 1033 754 1080 illa,
783 1043 906 1080 quae
933 1033 990 1071 ad
1014 1043 1113 1071 rem
1140 1043 1234 1071 non
1263 1033 1530 1081 pertinent,

275 1086 578 1128 transsilire
603 1087 718 1125 mihi
743 1087 1060 1135 permiseris:
1106 1097 1258 1135 quare
1284 1092 1387 1126 tres
1415 1087 1530 1125 Gra·

275 1143 379 1182 tiae
408 1147 455 1181 et
483 1151 639 1191 quare
665 1151 874 1180 sorores
910 1142 1010 1180 sint
1041 1146 1086 1179 et
1115 1138 1267 1189 quare
1297 1141 1531 1180 manibus

277 1197 502 1246 inplexis
531 1199 582 1234 et
606 1205 762 1243 quare
789 1196 1019 1234 ridentes
1040 1195 1216 1246 [iuvenes]
1238 1201 1284 1234 et
1302 1196 1531 1243 virgines

234 1256 256 1291 3
279 1253 552 1300 solutaque
572 1260 628 1289 ac
647 1250 915 1298 perlucida
941 1255 1099 1288 veste.
1131 1250 1208 1289 Alii
1229 1250 1388 1299 quidem
1408 1249 1533 1289 videri

276 1307 412 1345 volunt
428 1316 545 1344 unam
566 1314 659 1344 esse
677 1315 780 1352 quae
800 1305 866 1343 det
884 1304 1137 1351 beneficium,
1164 1306 1324 1343 alteram
1346 1315 1448 1353 quae
1467 1315 1532 1343 ac-

277 1360 416 1409 cipiat,
444 1360 596 1398 tertiam
623 1369 728 1407 quae
760 1359 911 1396 reddat.
955 1359 1020 1396 alii
1051 1358 1333 1398 beneficiorum
1364 1359 1439 1398 tria
1465 1370 1532 1408 ge-

277 1425 392 1459 nera,
415 1414 742 1462 promerentium,
770 1413 1037 1460 reddentium,
1067 1413 1183 1451 simul
1202 1419 1240 1452 et
1258 1413 1533 1462 accipientium

237 1474 260 1508 4
277 1468 618 1517 reddentiumque.
668 1467 750 1506 Sed
776 1467 1000 1506 utrumlibet
1032 1477 1083 1505 ex
1110 1467 1195 1519 istis
1227 1469 1358 1506 iudica
1384 1479 1531 1514 verum,

279 1524 374 1572 quid
395 1522 472 1561 ista
489 1534 563 1561 nos
585 1522 691 1561 iuvat
713 1522 904 1561 scientia?
935 1522 1036 1570 Quid
1054 1522 1117 1560 ille
1138 1523 1330 1561 consertis
1351 1522 1532 1561 manibus

277 1579 317 1616 in
343 1588 388 1616 se
414 1577 661 1616 redeuntium
688 1577 862 1616 chorus?
902 1576 954 1616 ob
981 1576 1077 1624 hoc,
1108 1577 1200 1625 quia
1229 1578 1327 1616 ordo
1350 1576 1534 1616 beneficii

278 1643 351 1680 per
370 1643 508 1670 manus
528 1632 766 1671 transeuntis
788 1629 1039 1670 nihilominus
1066 1631 1117 1669 ad
1144 1631 1301 1671 dantem
1327 1632 1534 1671 revertitur

279 1691 318 1725 et
335 1687 454 1725 totius
474 1687 650 1736 speciem
668 1687 814 1734 perdit,
843 1687 877 1725 si
896 1696 1065 1734 usquam
1093 1686 1333 1735 interruptus
1354 1691 1424 1733 est,
1445 1686 1532 1735 pul·

238 1755 260 1788 5
281 1741 515 1789 cherrimus,
549 1741 584 1780 si
612 1741 798 1779 cohaeret
825 1745 864 1779 et
893 1741 1000 1779 vices
1028 1745 1172 1779 servat.
1233 1742 1357 1790 [Ideo]
1393 1742 1531 1780 rident.

280 1801 341 1835 est
359 1796 492 1844 aliqua
511 1800 641 1834 tamen
661 1796 785 1834 maior
801 1794 863 1833 his
883 1794 1077 1843 dignatio,
1107 1796 1207 1834 sicut
1228 1796 1532 1844 promerentium

277 1851 410 1889 voltus
429 1851 543 1888 hilari
567 1855 658 1890 sunt
686 1852 843 1898 [quales
872 1851 1001 1889 solent
1029 1860 1122 1889 esse
1142 1851 1210 1898 qui
1229 1850 1322 1888 dant
1346 1851 1409 1888 vel
1429 1851 1531 1888 acci—

278 1905 392 1952 piunt
408 1905 632 1952 beneficia].
677 1905 860 1943 iuvenes:
888 1905 982 1953 quia
999 1916 1081 1944 non
1106 1905 1224 1944 debet
1249 1904 1531 1943 beneficiorum

279 1960 470 1998 memoria
495 1969 719 1998 senescere.
771 1959 963 2007 virgines:
996 1960 1090 2008 quia
1114 1960 1341 2007 incorrupta
1373 1963 1464 1998 sunt
1493 1964 1532 1998 et

281 2014 436 2052 sincera
455 2019 494 2052 et
513 2015 693 2053 omnibus
713 2019 863 2053 sancta.
901 2014 942 2052 in
965 2015 1108 2063 quibus
1134 2013 1226 2051 nihil
1253 2023 1345 2052 esse
1372 2011 1531 2061 adligati

281 2068 394 2106 decet
412 2079 486 2107 nec
501 2069 696 2108 adstricti:
725 2069 864 2107 solutis
884 2069 1015 2117 itaque
1037 2069 1174 2107 tunicis
1190 2069 1361 2106 utuntur.
1399 2070 1529 2116 perlu-

241 2129 262 2163 6
282 2122 380 2160 cidis
401 2127 546 2169 autem,
579 2124 672 2172 quia
689 2124 881 2163 beneficia
904 2123 1080 2172 conspici
1099 2123 1244 2162 volunt.
1298 2122 1355 2161 Sit
1387 2123 1529 2171 aliquis

281 2187 410 2224 usque
431 2187 479 2216 eo
500 2178 660 2217 Graecis
681 2179 968 2226 emancipatus,
987 2183 1028 2217 ut
1045 2177 1142 2216 haec
1162 2177 1267 2215 dicat
1280 2178 1528 2219 necessaria:

281 2241 397 2269 nemo
416 2236 546 2270 tamen
566 2234 648 2281 erit,
668 2233 735 2280 qui
753 2232 868 2272 etiam
887 2233 982 2271 illud
997 2232 1047 2271 ad
1060 2241 1142 2269 rem
1161 2231 1308 2270 iudicet
1321 2233 1529 2280 pertinere,

283 2295 386 2333 quae
404 2287 563 2327 nomina
581 2287 656 2327 illis
673 2288 873 2329 Hesiodus
893 2286 1121 2336 inposuerit.
1149 2286 1301 2335 Aeglen
1320 2287 1528 2327 maximam
