1592 2580
282 174 361 215 308
653 176 695 213 L.
724 175 912 214 ANNAEI
942 177 1165 216 SENECAE

244 274 350 311 2sed
380 273 580 320 procerior
606 278 644 311 et
668 274 704 311 in
734 275 892 322 longum
919 275 1122 322 producta.
1168 278 1342 315 Ceterum
1371 289 1447 316 non
1471 284 1530 318 est

279 328 330 364 illi
353 329 477 375 palam
500 338 659 366 cursus:
687 329 825 367 altiora
843 330 977 367 mundi
1002 335 1110 368 secat
1129 335 1166 368 et
1183 336 1274 370 tunc
1290 333 1444 371 demum
1461 335 1528 371 ad-

278 387 407 429 paret,
445 392 531 419 cum
559 383 597 420 in
625 383 741 420 imum
771 394 910 421 cursus
947 384 1006 421 sui
1037 384 1151 422 venit.
1205 386 1284 423 Nec
1311 393 1388 433 est,
1422 389 1528 435 quod

279 440 459 483 putemus
492 437 671 475 eumdem
699 438 825 475 visum
859 448 950 476 esse
985 439 1057 476 sub
1086 439 1269 487 Claudio,
1307 452 1420 489 quem
1455 442 1528 479 sub

277 492 456 538 Augusto
477 491 657 529 vidimus.
687 502 761 529 nec
779 491 902 538 hunc,
928 493 994 540 qui
1015 493 1088 532 sub
1109 494 1262 532 Nerone
1279 495 1445 534 Caesare
1461 497 1528 534 ad-

279 544 406 591 paruit
430 550 468 583 et
496 546 658 583 cometis
686 546 854 585 detraxit
878 546 1094 594 infamiam,
1123 548 1176 585 illi
1204 549 1366 586 similem
1394 551 1526 597 fuisse,

278 599 343 646 qui
372 603 469 647 [post
493 603 634 645 necem]
664 601 742 638 divi
770 601 853 638 Iulii
879 601 1047 639 Veneris
1076 602 1178 640 ludis
1199 603 1404 641 Genitricis
1425 605 1528 643 circa

241 660 261 692 3
277 654 520 691 undecImam
542 654 678 692 horam
694 655 770 692 diei
790 655 958 694 emersit.
1005 656 1113 694 Multi
1133 656 1310 705 variique
1330 663 1429 704 sunt,
1450 659 1527 697 dis-

278 718 393 755 pares
425 708 709 756 magnitudine,
746 709 955 748 dissimiles
991 712 1150 749 colore:
1196 711 1282 749 aliis
1314 713 1435 750 rubor
1468 719 1528 752 est

277 763 360 800 sine
379 763 458 800 ulla
477 764 583 809 luce,
607 763 693 801 aliis
715 764 863 801 candor
881 770 919 803 et
936 775 1075 812 purum
1097 765 1365 814 liquidumque
1384 768 1527 814 lumen,

275 817 360 854 aliis
381 816 536 854 flamma
556 821 594 855 et
611 817 708 855 haec
728 829 806 858 non
831 819 983 857 sincera
1003 830 1076 857 nec
1094 821 1241 867 tenuis,
1274 822 1346 859 sed
1366 822 1525 860 multum

275 870 379 909 circa
395 883 438 910 se
452 872 615 910 volvens
632 873 767 910 fumidi
781 873 948 911 ardoris.
978 874 1126 912 cruenti
1141 875 1318 922 quidam,
1341 876 1524 922 minaces,

275 926 341 973 qui
361 936 474 964 omen
495 931 586 974 post
608 937 652 964 se
673 928 789 964 futuri
809 927 1012 975 sanguinis
1032 929 1179 966 ferunt:
1206 929 1245 966 hi
1266 931 1440 968 minuunt
1459 941 1524 968 au—

273 985 444 1028 gentque
470 982 599 1018 lumen
629 991 761 1028 suum,
792 982 1121 1029 quemadmodum
1149 984 1224 1021 alia
1245 984 1393 1030 sidera,
1425 996 1525 1032 quae

273 1035 455 1079 clariora,
487 1046 574 1072 cum
596 1035 858 1082 descendere,
887 1042 977 1075 sunt
996 1037 1242 1084 maioraque,
1266 1039 1356 1086 quia
1372 1049 1420 1075 ex
1436 1040 1524 1077 loco

274 1089 457 1136 propiore
485 1090 673 1137 visuntur,
702 1091 870 1137 minora,
900 1101 986 1129 cum
1006 1092 1188 1139 redeunt,
1219 1098 1256 1131 et
1283 1092 1522 1140 obscuriora,

273 1144 364 1191 quia
385 1144 584 1181 abducunt
603 1155 647 1181 se
666 1145 862 1192 longius.“

240 1204 251 1235 l
348 1198 485 1235 XVIII.
517 1198 776 1236 Adversus
803 1199 896 1236 hoc
925 1200 1153 1247 protinus
1183 1202 1524 1247 respondetur

272 1263 347 1289 non
376 1251 478 1289 idem
499 1252 677 1290 accidere
697 1253 734 1289 in
757 1253 940 1300 cometis,
970 1254 1078 1301 quod
1097 1254 1135 1291 in
1157 1255 1310 1292 ceteris.
1348 1262 1524 1294 cometae

271 1306 372 1343 enim
401 1317 479 1353 quo
508 1306 673 1353 primum
700 1306 764 1344 die
795 1307 1065 1354 adparuerint‚
1095 1308 1252 1345 maximi
1276 1315 1376 1347 sunt.
1415 1312 1520 1358 atqui

271 1361 459 1398 deberent
479 1369 677 1406 crescere,
707 1371 785 1408 quo
806 1362 969 1409 propius
989 1362 1239 1400 accederent:
1267 1374 1371 1401 nunc
1394 1370 1522 1402 autem·

270 1419 398 1452 manet
416 1414 492 1452 illis
513 1414 636 1462 prima
652 1415 792 1462 facies,
813 1416 941 1453 donec
957 1415 1143 1463 incipiant
1159 1417 1365 1464 exstingui.
1406 1418 1521 1455 Dein-

270 1469 319 1506 de
340 1469 447 1516 quod
475 1469 667 1506 adversus
689 1470 861 1516 priores,
891 1471 1006 1508 etiam
1026 1471 1219 1508 adversus
1239 1471 1341 1509 hunc
1361 1472 1520 1510 dicitur:

269 1523 302 1560 si
322 1527 468 1561 erraret
486 1527 659 1562 cometes
678 1529 864 1572 essetque
880 1524 1010 1571 sidus,
1031 1523 1131 1563 intra
1146 1525 1319 1572 signiferi
1336 1527 1519 1565 terminos

268 1583 509 1624 moveretur,
544 1578 644 1615 intra
673 1589 775 1626 quos
803 1589 917 1617 omne
945 1578 1056 1617 sidus
1082 1590 1222 1618 cursus
1247 1591 1341 1618 suos
1363 1581 1518 1629 colligit.

233 1632 486 1679 2Numquam
511 1632 675 1679 adparet
700 1634 812 1671 stella
838 1643 909 1680 per
936 1634 1097 1671 stellam.
1141 1634 1246 1672 acies
1275 1639 1407 1673 nostra
1441 1646 1518 1673 non

270 1691 400 1734 potest
420 1697 491 1735 per
509 1687 679 1724 medium
697 1688 808 1725 sidus
829 1688 954 1733 exire,
983 1692 1026 1726 ut
1045 1698 1115 1735 per
1133 1689 1227 1726 illud
1247 1690 1411 1727 editiora
1429 1700 1518 1737 pro-

270 1741 425 1789 spiciat:
453 1751 524 1789 per
544 1746 720 1779 cometen
745 1747 871 1779 autem
896 1753 975 1780 non
1003 1743 1114 1780 aliter
1137 1753 1252 1790 quam
1282 1754 1352 1790 per
1377 1744 1517 1782 nubem

268 1795 453 1834 ulteriora
469 1800 697 1833 cernuntur:
726 1806 775 1833 ex
796 1807 874 1844 quo
890 1797 1053 1844 adparet
1071 1797 1177 1835 illum
1193 1809 1270 1836 non
1286 1808 1377 1836 esse
1393 1798 1515 1844 sidus,

270 1850 342 1887 sed
361 1850 486 1888 levem
507 1850 635 1897 ignem
655 1860 700 1887 ac
719 1851 1021 1889 tumultuarium.

232 1911 249 1943 1
345 1904 442 1941 XIX.
472 1904 633 1944 Zenon
658 1909 831 1942 noster
857 1905 1010 1943 inilla
1029 1905 1281 1944 sententia
1300 1911 1393 1944 est:
1423 1916 1514 1943 con-

266 1959 405 2006 gruere
434 1959 580 1997 iudicat
606 1959 738 1996 stellas
765 1964 802 1997 et
822 1960 956 1998 radios
974 1960 1074 1998 inter
1093 1971 1138 1998 se
1157 1961 1403 1999 committere.
1440 1960 1514 1998 hac

267 2012 453 2052 societate
486 2014 640 2051 luminis
675 2014 866 2052 exsistere
897 2015 1103 2062 imaginem
1140 2015 1275 2053 stellae
1312 2014 1511 2061 longioris.

264 2068 368 2116 Ergo
394 2067 589 2115 quidam
614 2069 744 2106 nullos
764 2078 856 2106 esse
875 2073 1048 2108 cometas
1065 2068 1303 2114 existimant,
1335 2069 1407 2106 sed
1423 2080 1511 2117 spe·

266 2123 363 2161 ciem
387 2122 539 2160 illorum
568 2132 640 2169 per
664 2123 1004 2170 repercussionem
1023 2123 1236 2161 vicinorum
1257 2122 1427 2161 siderum
1448 2129 1512 2162 aut

229 2182 250 2214 2
268 2187 337 2223 per
359 2176 671 2215 coniunctionem
700 2176 990 2216 cohaerentium
1008 2178 1133 2215 reddi.
1178 2175 1378 2223 Quidam
1408 2178 1512 2216 aiunt

265 2241 356 2268 esse
372 2231 547 2279 quidem,
578 2231 651 2270 sed
670 2231 814 2275 habere
834 2242 974 2270 cursus
995 2242 1089 2270 suos
1109 2235 1147 2269 et
1163 2236 1255 2278 post
1270 2237 1375 2269 certa
1389 2232 1511 2270 lustra
1570 2279 1571 2282 Ἴ

265 2285 577 2334 ἰηὊοηερεοιωῃ
597 2286 814 2326 mortalium
835 2287 953 2325 exire.
997 2285 1195 2332 Quidam
1226 2295 1315 2323 esse
1341 2286 1509 2333 quidem,
