1598 2606
262 207 264 209 .
308 169 333 208 2
670 167 713 206 L.
741 166 929 205 ANNAEI
957 166 1181 206 SENECAE

306 269 434 307 tiones
454 267 669 314 simulavit,
696 267 826 315 longis
848 266 1096 305 sermonibus
1125 271 1163 305 et
1186 266 1236 304 de
1262 266 1454 306 industria
1478 279 1557 307 non

307 322 591 361 invenientibus
608 322 753 360 exitum
774 321 1023 360 occasionem
1039 320 1197 370 petendi
1214 321 1372 360 abstulit
1386 327 1423 360 et
1438 323 1557 361 variis

266 385 286 417 6
306 378 453 416 artibus
473 376 732 415 necessitates
757 375 1006 424 properantis
1026 374 1167 414 elusit?
1202 375 1243 412 In
1270 381 1436 423 angusto
1461 387 1556 415 vero

308 442 550 481 conpressus
581 432 645 469 aut
672 430 837 477 distulit,
866 430 906 467 id
930 434 991 468 est
1017 429 1150 468 timide
1176 431 1351 478 negavit,
1380 436 1444 470 aut
1465 442 1556 479 pro-

306 487 429 536 misit,
459 486 532 526 sed
558 485 785 532 difficulter,
808 484 881 523 sed
898 484 1102 523 subductis
1122 485 1364 532 superciliis,
1385 486 1458 524 sed
1477 497 1556 523 ma-

267 547 285 580 7
306 541 422 590 lignis
442 546 480 579 et
499 541 568 579 vix
592 538 825 578 exeuntibus
850 538 1006 577 verbis?
1029 538 1151 577 Nemo
1167 542 1295 577 autem
1311 534 1474 578 lib'enter
1490 541 1555 577 de—

306 597 372 634 bet
398 596 506 644 quod
526 606 604 633 non
633 594 802 642 accepit,
833 594 907 631 sed
932 594 1140 641 expressit.
1197 598 1330 641 gratus
1364 594 1558 632 adversus

307 661 395 688 eum
418 660 510 688 esse
531 648 742 697 quisquam
768 651 918 696 potest,
949 647 1015 696 qui
1032 646 1268 686 beneficium
1295 653 1361 687 aut
1387 649 1559 696 superbe

308 705 449 743 abiecit
468 708 534 742 aut
553 704 674 741 iratus
695 702 845 750 inpegit
873 707 939 741 aut
962 701 1163 749 fatigatus,
1192 707 1235 740 ut
1254 703 1432 741 molestia
1450 713 1557 740 care-

307 764 383 806 ret,
405 759 540 797 dedit?
565 758 697 804 Errat,
719 758 750 796 si
773 757 862 805 quis
879 762 1013 805 sperat
1030 767 1315 804 responsurum
1336 757 1422 803 sibi,
1441 768 1556 804 quem

265 818 286 851 8
306 813 493 852 dilatione
525 813 710 858 lassavit,
741 810 1039 860 exspectatione
1065 811 1189 849 torsit.
1247 811 1397 849 Eodem
1429 812 1557 849 animo

308 868 540 906 beneficium
551 867 726 913 debetur,
748 878 826 915 quo
837 867 961 914 datur,
982 871 1020 904 et
1033 865 1123 904 ideo
1139 876 1218 904 non
1235 871 1295 904 est
1309 865 1559 912 neglegenter

307 922 499 970 dandum,
529 922 604 960 sibi
632 922 734 959 enim
764 922 934 969 quisque
957 921 1075 958 debet
1102 921 1208 968 quod
1235 930 1258 957 a
1276 920 1476 958 nesciente
1493 929 1556 957 ac-

307 977 422 1024 cepit.
458 986 509 1013 ne
528 975 641 1014 tarde
661 976 839 1024 quidem,
861 977 971 1023 quia,
990 985 1079 1013 cum
1098 974 1137 1012 in
1157 976 1261 1013 omni
1282 974 1412 1013 officio
1428 973 1559 1021 magni

306 1031 532 1069 aestimetur
567 1030 709 1073 dantisx
728 1031 930 1075 voluntas,
959 1028 1025 1077 qui
1052 1030 1164 1067 tarde
1195 1029 1302 1075 facit,
1334 1029 1401 1066 diu
1423 1028 1556 1066 noluit.

305 1085 441 1133 utique
460 1095 539 1122 non
560 1084 862 1122 contumeliose:
891 1094 980 1121 nam
1009 1094 1097 1122 cum
1123 1082 1176 1122 ita
1206 1094 1230 1121 a
1254 1087 1392 1121 natura
1412 1093 1557 1130 conpa-

305 1143 429 1177 ratum
451 1139 519 1183 sit‚
549 1142 592 1176 ut
611 1138 725 1176 altius
747 1137 912 1175 iniuriae
940 1148 1058 1185 quam
1086 1138 1224 1176 merita
1250 1138 1494 1175 descendant
1521 1141 1559 1174 et

306 1193 370 1231 illa
390 1193 466 1231 cito
489 1192 683 1238 defluant,
708 1191 780 1229 has
799 1196 917 1229 tenax
935 1192 1125 1229 memoria
1145 1192 1358 1237 custodiat,
1381 1191 1475 1239 quid
1490 1201 1556 1228 ex—

307 1251 477 1295 spectat,
508 1246 575 1295 qui
596 1245 777 1293 offendit,
801 1246 894 1283 dum
915 1245 1085 1293 obligat?
1113 1246 1209 1284 satis
1232 1246 1424 1283 adversus
1450 1246 1557 1282 illum

267 1312 288 1345 9
307 1306 440 1349 gratus
463 1305 540 1348 est,
571 1301 605 1339 si
626 1300 714 1348 quis
734 1300 927 1338 beneficio
947 1300 1032 1338 eius
1051 1299 1232 1348 ignoscit.
1261 1300 1361 1338 Non
1381 1303 1456 1337 est
1482 1310 1555 1337 au·

306 1362 397 1394 tem
420 1355 550 1404 quod
576 1355 832 1393 tardiores
860 1354 1016 1392 faciat
1046 1355 1104 1392 ad
1132 1354 1256 1391 bene
1276 1354 1556 1392 merendum

307 1411 454 1450 turba
481 1409 803 1458 ingratorum.
831 1408 928 1446 Nam
949 1408 1136 1456 primum,
1163 1414 1206 1446 ut
1226 1408 1326 1455 dixi,
1355 1418 1430 1445 nos
1454 1408 1556 1444 illam

308 1475 517 1513 augemus:
551 1463 694 1502 deinde
713 1473 762 1501 ne
781 1460 879 1501 deos
903 1463 1061 1511 quidem
1079 1462 1306 1501 inmortales
1326 1463 1375 1500 ab
1389 1462 1463 1499 hac
1479 1466 1557 1499 tam

309 1519 435 1558 effusa
462 1519 690 1566 beniynitate
713 1518 894 1565 sacrilegi
914 1518 1247 1565 neglegentesque
1270 1527 1406 1555 eorum
1430 1516 1556 1554 deter—

308 1581 405 1612 rent.
447 1578 606 1611 utuntur
635 1576 773 1610 natura
801 1582 874 1610 sua
906 1577 944 1610 et
978 1577 1119 1610 cuncta
1150 1571 1327 1619 interque
1353 1571 1419 1609 illa
1443 1571 1555 1617 ipsos

308 1638 511 1666 munerum
538 1637 697 1665 suorum
718 1628 842 1665 malos
869 1626 1100 1674 interpretes
1120 1625 1263 1664 iuvant.
1309 1626 1392 1663 Hos
1414 1634 1556 1672 sequa—

308 1693 395 1721 mur
414 1683 557 1728 duces,
588 1686 773 1729 quantum
796 1681 967 1718 humana
984 1681 1214 1719 inbecillitas
1236 1679 1396 1728 patitur:
1418 1679 1555 1717 demus

310 1736 518 1783 beneficia,
547 1747 625 1774 non
650 1737 886 1774 feneremus.
931 1735 1079 1782 Dignus
1105 1740 1166 1774 est
1192 1735 1318 1783 decipi
1338 1733 1409 1783 qui
1426 1734 1475 1771 de
1493 1744 1556 1771 re-

256 1800 298 1831 10
310 1791 490 1840 cipiendo
520 1790 721 1838 cogitavit,
751 1800 838 1827 cum
858 1790 979 1828 daret.
1035 1790 1087 1827 At
1111 1789 1211 1827 male
1239 1789 1418 1827 cesserit:
1449 1793 1486 1825 et
1512 1787 1554 1824 li-

310 1847 391 1884 beri
413 1850 451 1883 et
469 1845 658 1892 coniuges
680 1854 791 1892 spem
812 1844 1050 1890 fefellerunt,
1078 1849 1204 1882 tamen
1226 1847 1264 1880 et
1286 1843 1498 1881 educamus
1518 1846 1556 1879 et

310 1900 501 1938 ducimus.
522 1923 525 1926 -
550 1900 732 1947 adeoque
749 1899 942 1937 adversus
963 1899 1228 1946 experimenta
1250 1898 1468 1945 pertinaces
1489 1906 1553 1933 su-

308 1965 415 2001 mus,
445 1960 487 1993 ut
504 1955 607 1992 bella
626 1954 716 1992 victi
736 1958 774 1991 et
792 1953 971 2001 naufragi
989 1953 1110 1990 maria
1135 1956 1379 2000 repetamus:
1409 1955 1552 1997 quanto

310 2010 433 2057 magis
453 2019 683 2057 permanere
702 2009 740 2046 in
762 2008 903 2046 dandis
918 2006 1120 2045 beneficiis
1137 2007 1276 2044 decet?
1299 2015 1399 2053 quae
1415 2005 1446 2042 si
1465 2004 1552 2051 quis

311 2075 389 2101 non
409 2064 492 2111 dat,
525 2065 616 2112 quia
636 2073 714 2102 non
738 2063 907 2111 recepit,
938 2062 1044 2100 dedit
1061 2065 1102 2099 ut
1118 2061 1312 2108 reciperet
1331 2060 1552 2106 bonamque

310 2119 546 2165 ingratorum
573 2118 665 2156 facit
685 2128 861 2164 causam,
894 2116 1035 2165 quibus
1065 2115 1132 2162 [ita
1153 2115 1321 2160 demum]
1352 2120 1464 2161 turpe
1491 2118 1554 2150 est

258 2177 298 2210 11
312 2183 389 2210 non
407 2173 593 2219 reddere,
622 2173 655 2210 si
676 2172 777 2210 licet.
820 2170 1068 2219 Quammulti
1086 2169 1232 2216 indigni
1259 2169 1346 2206 luce
1376 2171 1490 2206 sunt?
1515 2172 1554 2204 et

310 2232 437 2263 tamen
458 2227 542 2264 dies
563 2226 694 2265 oritur.
725 2226 846 2274 Quam
865 2226 970 2264 multi
989 2224 1094 2272 quod
1114 2223 1192 2261 nati
1208 2229 1297 2261 sunt
1307 2225 1553 2271 queruntur?

311 2286 438 2318 tamen
459 2286 596 2320 natura
623 2282 799 2320 sobolem
823 2290 963 2319 novam
991 2278 1112 2328 gignit
1138 2279 1348 2327 ipsosque,
1385 2277 1450 2325 qui
1466 2285 1551 2314 'non
