1624 2626
0 2085 26 2107 l.

0 2307 31 2354 st:
64 2306 183 2346 timor
202 2309 336 2356 fugam
357 2308 522 2356 habeat,
551 2309 610 2347 ira
629 2309 820 2357 inpetum.
849 2309 944 2347 vide
963 2319 1059 2358 ergo
1079 2321 1130 2349 an
1150 2315 1268 2359 putes
1290 2311 1358 2350 ali-

291 190 426 230 DIAL.
450 190 521 229 lv.
556 188 624 228 DE
651 188 743 228 IRA
769 187 866 227 LIB.
891 187 939 226 ΙΙ.
968 192 1097 227 1-3.
1293 184 1347 227 55

53 299 152 335 ctus.
195 292 300 332 Inde
318 291 541 341 estsquod
569 289 802 330 adridemus
828 289 1052 330 ridentibus
1081 295 1122 330 et
1140 289 1385 331 contristatz'»

15 348 17 359 ³
53 361 128 390 nos
155 349 272 388 turba
299 348 561 387 moerentium
590 353 630 386 et
657 346 960 386 effervescimus
988 347 1042 386 ad
1069 346 1202 386 aliena
1222 351 1348 386 certa-

51 407 177 452 mina,
210 415 315 454 quae
343 415 423 443 non
453 408 548 443 sunt
572 402 677 451 irae,
705 414 785 442 non
806 403 934 451 magis
956 413 1077 452 quam
1097 403 1256 442 tristitia
1275 408 1348 451 est,

53 472 157 511 quae
184 461 235 499 ad
262 464 526 510 conspectum
554 459 700 498 mimici
721 458 917 508 naufragii
937 459 1137 498 contrahit
1164 460 1348 507 frontem,

51 529 132 557 non
153 517 280 565 magis
303 527 422 566 quam
443 516 581 563 timor,
604 515 672 564 qui
692 514 916 554 Hannibale
942 520 1038 564 post
1060 515 1219 555 Cannas
1238 525 1349 554 moe·

12 615 14 617 ,
52 574 118 613 nia
145 572 455 612 circumsidente
482 572 646 611 lectoris
674 571 871 621 percurrit
897 572 1068 611 animos.
1111 572 1187 611 sed
1215 571 1352 610 omnia

52 631 129 669 ista
148 634 280 668 motus
301 634 395 668 sunt
414 628 635 667 animorum
656 627 811 666 moveri
825 627 1043 667 volentium
1061 637 1135 666 nec
1152 628 1349 675 adfectus,

53 687 128 725 sed
157 685 356 734 principia
383 684 638 733 proludentia
663 683 902 723 adfectibus.
946 683 1013 723 Sic
1042 684 1147 722 enim
1167 681 1388 723 militaris6

52 741 127 780 viri
154 742 192 780 in
221 741 354 780 media
382 751 483 790 pace
511 739 590 778 iam
610 741 734 788 togati
754 751 872 779 aures
896 740 991 779 tuba
1011 740 1181 779 suscitat
1201 749 1350 789 equos·

11 817 13 820 ⁴
54 809 133 848 que
149 802 379 836 castrenses
395 796 510 846 erigit
526 797 702 846 crepitus
718 806 932 835 armorum.
953 797 1230 835 Alexandrum
1241 796 1353 835 aiunt

10 851 11 854 ’
52 853 322 901 Xenophanto
341 857 508 891 canente
528 860 693 891 manum·
711 853 764 891 ad
785 863 896 891 arma
915 851 1091 891 misisse.

136 910 201 947 111.
230 909 334 948 Nihil
355 919 406 947 ex
427 908 510 956 his,
540 919 645 956 quae
664 908 839 947 animum
859 908 1021 947 fortuito
1042 908 1260 957 inpellunt,
1281 908 1351 947 ad—
1368 914 1387 948 1

54 967 183 1005 fectus
201 965 340 1004 vocari
359 965 498 1003 debete
522 965 620 1012 ista,
644 970 687 1003 ut
706 963 760 1002 ita
779 965 929 1012 dicam,
952 965 1097 1013 patitur
1115 965 1244 1013 magis
1268 964 1352 1004 ani-

54 1033 144 1060 mus
173 1032 293 1071 quam
315 1021 419 1060 facit.
463 1031 560 1068 ergo
581 1020 765 1058 adfectus
786 1025 848 1059 est
868 1031 947 1058 non
968 1021 1017 1058 ad
1042 1020 1199 1059 oblatas
1219 1031 1354 1059 rerum

55 1078 216 1126 species
243 1075 415 1123 moveri,
444 1076 520 1114 sed
549 1076 777 1124 permittere
798 1086 845 1115 se
864 1076 941 1114 illis
962 1080 1001 1115 et
1020 1076 1128 1115 hunc
1149 1076 1352 1116 fortuitum

53 1139 204 1173 motum
232 1132 439 1182 prosequi.
485 1132 584 1170 Nam
612 1133 647 1170 si
667 1131 759 1180 quis
781 1133 972 1181 pallorem
994 1137 1034 1171 et
1053 1133 1239 1171 lacrimas
1260 1143 1352 1182 pro·
1369 1139 1392 1173 2

55 1188 223 1228 cidentis
245 1194 284 1227 et
311 1187 577 1227 inritationem
602 1187 783 1227 humoris
804 1188 1000 1228 obscoeni
1023 1189 1198 1227 altumve
1218 1189 1351 1237 suspi-

52 1245 155 1284 rium
176 1249 214 1283 et
234 1245 376 1283 oculos
397 1244 529 1283 subito
548 1244 725 1283 acriores
741 1250 808 1284 aut
825 1245 922 1293 quid
937 1244 1000 1284 his
1017 1245 1145 1283 simile
1161 1244 1352 1284 indicium

54 1301 237 1340 adfectus
258 1301 460 1349 animique
479 1300 638 1349 signum
658 1305 782 1350 putat,
805 1301 951 1340 fallitur
970 1311 1046 1339 nec
1065 1301 1246 1350 intelligit
1265 1311 1352 1340 cor-

55 1357 168 1406 poris
191 1357 267 1396 hos
298 1367 392 1396 esse
422 1358 576 1405 pulsus.
619 1356 759 1405 Itaque
787 1361 826 1395 et
854 1357 1097 1396 fortissimus
1119 1358 1393 1406 plerumque3

54 1414 116 1451 vir
135 1413 230 1452 dum
251 1418 444 1460 armatur,
473 1413 668 1461 expalluit
687 1417 727 1452 et
753 1413 869 1462 signo
890 1423 1050 1462 pugnae
1072 1413 1166 1452 dato
1187 1413 1354 1452 ferocis-

57 1467 159 1507 simo
185 1468 298 1507 militi
323 1471 486 1518 paulum
514 1479 647 1518 genua
675 1473 921 1508 tremuerunt
948 1474 988 1507 et
1013 1479 1160 1518 magno
1182 1470 1354 1518 impera-

56 1524 155 1569 tori,
184 1529 398 1573 antequam
425 1525 528 1563 inter
556 1535 603 1564 se
630 1525 740 1564 acies
767 1524 1000 1573 arietarent,
1029 1535 1101 1565 cor
1128 1525 1291 1565 exsiluit
1316 1530 1357 1565 et

59 1578 209 1619 oratori
243 1581 572 1629 eloquentissimo
585 1612 595 1628 ‚
630 1581 724 1620 dum
755 1581 807 1620 ad
842 1581 1058 1620 dicendum
1085 1582 1355 1631 componitur,

59 1646 215 1675 summa
234 1636 451 1684 riguerunt.
487 1637 551 1675 Ira
574 1637 655 1676 nen
674 1636 829 1676 moveri
848 1642 999 1676 tantum
1020 1638 1160 1683 debet,
1191 1638 1266 1677 sed
1286 1649 1354 1676 ex·
1371 1639 1394 1674 4

58 1702 241 1731 currere:
270 1697 333 1731 est
353 1691 457 1730 enirn
478 1691 652 1741 inpetus.
686 1704 905 1743 numquam
935 1698 1067 1733 autem
1087 1694 1247 1743 inpetus
1268 1694 1356 1733 sine

59 1748 238 1786 adsensu
258 1748 402 1787 mentis
423 1753 498 1787 est.
526 1758 659 1797 neque
681 1749 786 1787 enim
802 1749 889 1788 fieri
910 1755 1056 1799 potest,
1077 1756 1121 1790 ut
1139 1751 1190 1789 de
1205 1750 1357 1789 ultione

60 1808 100 1842 et
121 1814 255 1853 poena
275 1809 416 1853 agatur
436 1804 568 1842 animo
597 1805 824 1843 nesciente=
854 1807 1009 1854 putavit
1037 1817 1083 1845 se
1105 1806 1253 1856 aliquis
1274 1807 1356 1845 lae-

59 1871 169 1907 sum,
190 1860 317 1899 voluit
334 1859 493 1907 ulcisci,
515 1859 778 1900 dissuadente
796 1861 932 1911 aliqua
950 1873 1075 1901 causa
1094 1863 1226 1902 statim
1246 1873 1357 1901 rese—

61 1915 137 1955 dit:
166 1915 269 1955 hanc
289 1917 388 1954 iram
409 1927 489 1954 non
511 1926 634 1963 voco,
664 1916 783 1980 [voco]
804 1924 955 1957 motum
976 1919 1095 1957 animi
1121 1919 1266 1957 rationi
1286 1929 1356 1967 pa-

59 1975 225 2010 rentem.
259 1972 328 2010 illa
347 1976 408 2011 est
430 1971 501 2019 ira,
525 1982 630 2021 quae
648 1972 844 2012 rationem
862 1974 1068 2022 transsilit‚
1092 1984 1197 2023 quae
1218 1984 1355 2013 secum

0 2045 1 2062 1
59 2027 175 2077 rapit.
197 2038 294 2077 ergo
311 2027 440 2077 prima
459 2003 526 2066 ill'a
545 2027 708 2077 agitatio
725 2029 856 2093 animi,
873 2040 995 2093 quam
1010 2031 1171 2079 species
1190 2028 1358 2069 iniuriae
1374 2036 1395 2070 5

61 2083 242 2132 incussit,
261 2095 342 2123 non
362 2085 490 2133 magis
507 2085 565 2123 ira
579 2089 642 2123 est
659 2095 779 2133 quam
785 2086 888 2149 ipsa
907 2085 1076 2124 iniuriae
1091 2085 1272 2135 species·
1291 2086 1358 2125 ille

62 2149 240 2188 sequens
260 2140 433 2190 inpetus,
456 2141 524 2190 qui
546 2141 722 2189 speciem
742 2140 910 2179 iniuriae
925 2153 1006 2180 non
1023 2146 1171 2181 tantum
1188 2143 1357 2191 accepit,

34 2195 137 2234 sed
158 2196 416 2245 adprobavit,
439 2196 499 2235 ira
517 2202 598 2245 est,
630 2195 842 2235 concitatio
866 2197 986 2236 animi
1006 2198 1059 2236 ad
1075 2197 1267 2238 ultionem
1286 2209 1358 2238 vo-

63 2251 214 2291 luntate
241 2257 280 2291 et
306 2253 454 2291 iudicio
484 2253 701 2302 pergentis.
741 2263 960 2301 numquam
987 2253 1150 2293 dubium
1172 2259 1234 2293 est
1262 2255 1358 2304 quin

24 2401 27 2404 ⁴
68 2364 161 2412 quid
183 2364 270 2403 sine
289 2365 467 2403 adsensu
485 2365 629 2404 mentis
649 2370 718 2404 aut
736 2364 818 2414 peti
839 2375 965 2414 posse
983 2369 1051 2405 aut
1070 2366 1217 2406 caveri.
