1592 2580
312 152 392 193 130
669 153 713 192 L.
740 152 930 193 ANNAEI
958 153 1182 193 SENECAE

309 251 474 290 incensa
500 250 732 300 praecipitet
757 252 897 290 datura
921 250 1020 301 ipsis
1047 251 1297 291 occasionem
1317 251 1563 292 exhibendae

270 309 292 343 2
313 307 468 354 pietatis
497 316 547 344 ex
573 306 703 346 medio
733 306 959 355 parentibus
979 306 1160 346 incendio
1181 306 1331 355 raptis?
1375 307 1476 346 Nihil
1495 308 1562 346 de-

309 361 374 399 bet
402 360 580 408 Scipioni
605 361 750 407 Roma,
787 361 820 399 si
847 361 1033 399 Punicum
1064 360 1208 400 bellum
1233 366 1275 399 ut
1299 361 1427 400 finiret
1457 362 1562 401 aluit.

306 414 402 453 nihil
427 416 580 464 Deciis,
611 416 719 463 quod
745 419 870 454 morte
898 415 1062 463 patrIam
1089 420 1363 462 servaverunt,
1398 416 1434 454 si
1452 415 1562 464 prius

307 475 557 518 optaverant,
586 475 628 508 ut
654 470 854 508 devotioni
881 469 1117 509 fortissimae
1135 470 1264 509 locum
1283 471 1416 509 ultima
1433 481 1564 509 rerum

306 524 527 563 necessitas
555 525 714 563 faceret.
761 524 1002 563 Gravissima
1028 524 1186 562 infamia
1213 530 1274 563 est
1299 524 1438 563 medici
1461 535 1562 573 opus

307 589 509 627 quaerere.
541 579 651 618 multi
672 589 773 626 quos
793 584 983 618 auxerant
1001 579 1162 618 morbos
1178 584 1216 617 et
1233 579 1500 627 inritaverant,
1522 584 1565 618 ut

305 634 452 672 maiore
472 634 597 682 gloria
617 638 820 679 sanarent,
850 644 930 671 non
948 637 1162 682 potuerunt
1176 633 1373 672 discutere
1391 638 1457 672 aut
1475 643 1563 672 cum

306 698 447 736 magna
466 689 699 726 miserorum
721 688 928 726 vexatione
945 688 1137 727 vicerunt.

269 748 287 780 1
385 742 577 780 XXXVII.
609 742 868 781 Callistratum
889 742 1017 791 aiunt,
1045 743 1099 782 ita
1118 747 1223 781 certe
1237 742 1412 780 Hecaton
1427 747 1564 781 auctor

306 802 385 843 est,
418 808 506 835 cum
531 798 571 834 in
598 797 754 836 exilium
781 797 874 844 iret,
900 796 939 835 in
962 797 1068 845 quod
1087 798 1230 835 multos
1257 797 1370 834 simul
1389 807 1477 835 cum
1496 796 1561 836 illo

306 850 497 890 seditiosa
513 852 650 891 civitas
666 856 704 890 et
718 852 1020 900 intemperanter
1034 852 1157 889 libera
1172 851 1387 899 expulerat,
1404 856 1562 899 optante

306 906 479 955 quodam
506 911 550 944 ut
575 906 881 945 Atheniensibus
910 906 1129 944 necessitas
1161 906 1391 945 restituendi
1424 906 1562 944 exules

267 967 288 999 2
304 965 429 1008 esset,
467 961 730 999 abominatum
755 960 872 999 talem
898 960 1076 1000 reditum.
1130 960 1297 999 Rutilius
1327 965 1461 999 noster
1480 961 1561 998 ani-

304 1016 476 1062 mosius,
506 1025 594 1054 cum
615 1015 773 1063 quidam
791 1015 897 1053 illum
913 1016 1185 1054 consolaretur
1200 1020 1237 1053 et
1253 1014 1401 1053 diceret
1414 1013 1562 1053 instare

304 1079 412 1107 arma
431 1069 581 1117 civilia,
606 1070 716 1108 brevi
735 1063 920 1116 futurum,
942 1074 985 1108 ut
1004 1080 1141 1107 omnes
1162 1070 1299 1108 exules
1318 1074 1561 1108 reverteren-

302 1129 384 1162 tur:
417 1125 513 1172 quz‘d
536 1125 621 1171 tibi,
650 1123 796 1171 inquit,
823 1125 1025 1171 malifeci,
1053 1128 1094 1162 ut
1110 1125 1203 1162 mihi
1210 1126 1383 1172 peiorem
1397 1125 1561 1162 reditum

302 1189 418 1226 quam
447 1181 589 1217 exitum
618 1176 801 1226 optares?
843 1179 950 1217 Malo
975 1183 1017 1216 ut
1033 1180 1170 1227 patria
1187 1181 1303 1217 exilio
1324 1189 1404 1217 meo
1421 1179 1560 1216 erube-

302 1237 404 1280 scat,
435 1244 547 1281 quam
574 1234 700 1271 reditu
724 1237 905 1271 maereat.
951 1233 1036 1270 Non
1057 1238 1117 1271 est
1143 1233 1247 1271 istud
1268 1231 1427 1270 exilium
1448 1233 1559 1270 cuius

265 1293 287 1327 3
304 1288 498 1325 neminem
524 1297 604 1325 non
630 1287 754 1335 magis
783 1297 901 1336 quarn
929 1287 1152 1325 damnatum
1177 1287 1311 1335 pudet.
1366 1286 1559 1334 Quemad-

302 1343 463 1380 modum
490 1341 542 1380 illi
577 1346 835 1380 servaverunt
868 1340 1061 1380 bonorum
1091 1340 1234 1380 civium
1266 1341 1458 1389 officium,
1493 1342 1560 1388 qui

302 1397 416 1434 reddi
442 1396 517 1435 sibi
543 1401 707 1444 penates
732 1406 833 1434 suos
860 1397 1069 1434 noluerunt
1093 1396 1204 1434 clade
1225 1395 1440 1442 communi,
1467 1395 1560 1444 quia

303 1452 428 1490 satius
449 1455 532 1489 erat
550 1451 652 1490 duos
672 1450 808 1499 iniquo
829 1452 930 1489 malo
949 1451 1066 1488 adlici
1087 1461 1203 1498 quam
1221 1460 1358 1489 omnes
1379 1449 1558 1498 publico:

304 1507 356 1544 ita
382 1517 462 1544 non
489 1509 621 1544 servat
646 1505 744 1553 grati
771 1505 939 1543 hominis
969 1505 1184 1553 adfectum,
1215 1505 1281 1553 qui
1309 1503 1408 1542 bene
1437 1504 1487 1542 de
1514 1514 1560 1542 se

303 1564 517 1598 merentem
536 1559 831 1598 difficultatibus
851 1561 934 1598 vult
953 1559 1141 1608 opprimi,
1171 1570 1269 1607 quas
1292 1558 1380 1607 ipse
1400 1558 1556 1597 submo-

304 1620 405 1654 veat.
438 1615 504 1663 qui
526 1614 678 1653 etiamsi
696 1614 797 1652 bene
818 1614 980 1662 cogitat,
1009 1615 1109 1651 male
1125 1619 1317 1662 precatur.
1362 1613 1418 1651 Ne
1435 1613 1471 1650 in
1490 1623 1557 1661 pa—

303 1669 511 1708 trocinium
540 1670 717 1717 quidem,
747 1670 892 1707 nedum
919 1669 958 1706 in
984 1668 1147 1717 gloriam
1167 1673 1228 1707 est
1247 1667 1471 1706 incendium
1490 1677 1555 1706 ex-

305 1723 492 1762 stinxisse
512 1724 621 1772 quod
639 1724 793 1762 feceris.

268 1783 285 1815 1
383 1778 592 1816 XXXVIII.
635 1779 679 1815 In
715 1778 951 1826 quibusdam
984 1777 1204 1816 civitatibus
1242 1775 1391 1824 inpium
1423 1781 1557 1815 votum

305 1833 466 1871 sceleris
492 1833 620 1871 vicem
647 1833 780 1872 tenuit.
828 1833 1023 1871 Demades
1044 1837 1149 1871 certe
1168 1831 1332 1870 Athenis
1351 1841 1459 1876 eum,
1489 1831 1555 1878 qui

304 1888 532 1926 necessaria
551 1887 754 1925 funeribus
770 1887 1011 1934 venditabat,
1038 1887 1254 1931 damnavit,
1284 1896 1371 1923 cum
1392 1885 1554 1932 probas-

305 1947 364 1981 set
390 1953 572 1989 magnum
604 1942 756 1980 lucrum
783 1947 965 1990 optasse,
1005 1942 1112 1989 quod
1140 1938 1364 1987 contingere
1388 1939 1442 1977 illi
1470 1939 1556 1977 sine

303 1998 512 2035 multorum
532 2002 656 2035 morte
675 2008 754 2035 non
771 2001 934 2044 poterat.
974 1996 1115 2043 Quaeri
1132 2001 1261 2033 tamen
1277 1994 1389 2040 solet,
1410 2004 1457 2031 an
1474 2003 1553 2031 me—

302 2052 376 2088 rito
405 2052 610 2089 damnatus
639 2050 701 2090 sit.
751 2052 920 2090 fortasse
947 2051 1114 2099 optavit,
1142 2060 1221 2088 non
1250 2053 1293 2087 ut
1311 2049 1440 2086 multis
1462 2058 1552 2085 ven-

305 2107 435 2152 deret,
472 2106 545 2144 sed
570 2111 613 2144 ut
640 2116 750 2152 care,
780 2110 822 2144 ut
848 2116 970 2153 parvo
1000 2105 1073 2144 sibi
1095 2108 1319 2142 constarent
1339 2113 1440 2151 quae
1461 2112 1551 2140 ven-

268 2160 455 2199 2diturus
482 2165 601 2199 esset.
650 2160 745 2198 Cum
775 2165 929 2199 constet
954 2158 1164 2207 negotiatio
1185 2158 1269 2196 eius
1292 2168 1342 2196 ex
1364 2163 1494 2206 empto
1515 2161 1554 2195 et

305 2215 481 2260 vendito,
514 2225 635 2263 quare
661 2219 794 2253 votum
820 2215 906 2253 eius
933 2215 971 2252 in
990 2224 1105 2252 unam
1127 2217 1276 2260 partem
1293 2212 1435 2259 trahis,
1464 2221 1552 2250 cum

303 2268 454 2309 lucrum
473 2279 523 2310 ex
541 2274 708 2319 utraque
726 2270 802 2309 sit?
834 2269 1039 2310 Praeterea
1058 2278 1195 2307 omnes
1215 2268 1323 2316 licet,
1345 2267 1411 2317 qui
1426 2266 1464 2305 in
1479 2266 1552 2305 ista
