1592 2580
291 138 476 194 NATUR.
497 153 711 202 QUAEST.
738 153 833 193 LIB.
849 153 921 193 VI.
949 158 1124 195 30—32.
1269 152 1353 195 295

73 253 276 294 erexerit?
314 253 409 303 quid
435 258 498 292 est
524 253 649 301 enim,
688 264 760 293 cur
785 264 860 302 ego
887 253 1088 294 hominem
1118 258 1186 294 aut
1215 254 1352 303 seram,

74 309 172 360 quid
199 314 261 349 est
287 319 358 348 cur
383 310 566 358 sagittam
593 315 632 348 et
658 309 838 348 lanceam
872 314 1069 349 tremam?
1110 309 1262 349 maiora
1288 320 1353 349 me

72 365 251 415 pericula
278 370 536 414 exspectant:
574 364 802 404 fulminibus
830 370 870 404 et
895 365 1010 404 terris
1038 370 1078 405 et
1105 366 1262 414 magnis
1285 376 1353 404 na-

71 426 183 460 turae
211 420 392 469 partibus
419 421 602 469 petimur.
647 420 801 470 Ingenti
827 421 963 470 itaque
982 421 1114 460 animo
1134 432 1243 461 mors
1265 432 1353 471 pro—
1368 427 1391 462 3

70 476 257 516 vocanda
278 481 360 523 est,
389 475 476 515 sive
496 487 570 515 nos
590 487 723 525 aequo
744 480 938 524 vastoque
957 477 1096 526 inpetu
1110 477 1354 526 adgreditur,

73 531 160 571 sive
180 531 382 571 cotidiano
403 537 443 571 et
462 532 615 580 volgari
634 533 754 571 exitu.
793 531 891 570 nihil
911 532 1051 581 refert,
1080 543 1201 581 quam
1218 533 1355 571 minax

69 587 204 627 venIat
225 592 499 636 quantumque
519 588 587 636 sit,
610 588 719 636 quod
739 588 779 626 in
799 598 875 626 nos
891 587 1042 626 trahat:
1072 589 1182 637 quod
1196 599 1222 626 a
1236 588 1354 627 nobis

70 644 179 692 petit,
201 643 403 682 minimum
419 647 493 682 est.
520 643 598 682 hoc
613 648 801 682 senectus
817 654 842 682 a
855 643 971 682 nobis
988 643 1169 683 ablatura
1181 648 1255 691 est,
1275 643 1355 683 hoc

70 699 273 738 auriculae
294 699 428 746 dolor,
458 699 536 738 hoc
556 698 732 738 humoris
752 699 791 737 in
811 698 929 738 nobis
951 700 1128 749 corrupti
1148 699 1354 738 abundan-

70 754 144 802 tia,
171 754 250 794 hoc
278 754 392 793 cibus
422 765 563 804 parum
585 755 819 803 obsequens
841 755 1068 803 stomacho,
1097 755 1176 794 hoc
1199 765 1274 804 pes
1298 755 1353 793 le-

70 810 172 849 viter
192 810 388 850 offensus.
417 809 564 849 Pusilla
582 821 649 850 res
671 815 733 849 est
751 810 923 849 hominis
947 811 1096 858 anima,
1118 811 1193 850 sed
1210 811 1354 859 ingens
1369 817 1391 852 4

68 876 136 904 res
164 871 416 915 contemptus
443 866 620 905 animae:
658 865 762 905 hanc
790 866 858 915 qui
892 867 1150 915 contempsit,
1185 877 1354 905 securus

69 921 222 962 videbit
253 922 378 960 maria
418 921 592 970 turbari,
634 922 788 961 etiamsi
822 922 889 960 illa
922 932 1062 961 omnes
1094 922 1356 961 excitaverint

68 977 196 1024 venti,
232 976 389 1016 etiamsi
413 982 550 1016 aestus
578 977 713 1027 aliqua
741 977 1038 1026 perturbatione
1065 978 1203 1016 mundi
1228 982 1355 1017 totum

69 1032 108 1071 in
127 1037 254 1072 terras
275 1032 438 1072 verterit
459 1043 666 1072 oceanum.
706 1043 874 1072 securus
895 1032 1093 1082 adspiciet
1111 1034 1354 1073 fulminantis

70 1089 172 1127 coeli
199 1094 349 1128 trucem
371 1093 491 1138 atque
509 1088 712 1128 horridam
735 1089 896 1135 faciem,
927 1089 1131 1137 frangatur
1149 1089 1242 1128 licet
1261 1099 1352 1128 coe-

67 1144 151 1182 lum
179 1149 218 1183 ει
242 1145 357 1194 ignes
385 1155 484 1184 suos
512 1144 552 1182 in
580 1145 743 1183 exitium
772 1145 967 1192 omnium,
1004 1145 1044 1182 in
1073 1144 1211 1193 primis
1236 1155 1355 1184 suum

69 1199 248 1238 misceat.
285 1210 454 1240 securus
483 1200 680 1248 adspiciet
704 1200 832 1249 ruptis
863 1200 1115 1248 conpagibus
1139 1199 1353 1239 dehiscens

67 1256 217 1303 solum,
247 1256 315 1294 illa
334 1255 425 1295 licet
444 1255 663 1294 inferorum
681 1266 807 1304 regna
820 1259 1062 1303 retegantur.
1094 1255 1214 1294 stabit
1229 1266 1354 1304 super

65 1309 171 1349 illam
199 1310 433 1359 voraginem
456 1311 678 1360 intrepidus
699 1316 738 1349 et
758 1312 932 1350 fortasse
952 1322 1032 1359 quo
1055 1310 1174 1350 debet
1193 1311 1351 1358 cadere,

67 1366 238 1405 desiliet.
284 1366 386 1414 Quid
413 1366 465 1405 ad
485 1377 568 1413 me,
600 1378 719 1415 quam
743 1366 823 1405 sint
840 1377 1004 1415 magna,
1035 1366 1183 1414 quibus
1203 1371 1389 1415 pereo‘35

66 1421 200 1470 ipsum
226 1421 359 1471 perire
385 1432 465 1460 non
487 1426 549 1460 est
566 1433 766 1471 magnum.
803 1421 974 1471 proinde
996 1421 1031 1460 si
1050 1422 1238 1461 volumus
1259 1432 1353 1461 esse

66 1476 225 1525 felices,
265 1477 299 1516 si
326 1488 401 1515 nec
427 1477 629 1516 hominum
658 1488 734 1515 nee
760 1477 925 1516 deorum
953 1487 1029 1516 nec
1056 1488 1186 1516 rerum
1210 1478 1353 1517 timore

64 1532 239 1581 versari,
271 1533 305 1572 si
321 1533 534 1582 despicere
553 1533 750 1572 fortunam
770 1543 1027 1582 supervacua
1045 1533 1351 1582 promittentem,

64 1588 170 1626 levia
196 1588 459 1637 minitantem,
492 1588 527 1627 si
556 1589 743 1628 volumus
771 1588 986 1638 tranquille
1014 1589 1162 1637 degere
1185 1593 1223 1627 et
1248 1588 1350 1638 ipsis

66 1643 130 1682 dis
157 1643 209 1682 de
235 1644 422 1684 felicitate
443 1645 758 1683 controversiam
777 1655 917 1693 agere,
947 1644 1078 1682 anima
1099 1645 1136 1682 in
1159 1645 1350 1694 expedito

64 1704 129 1738 est
154 1698 360 1738 habenda:
392 1700 480 1739 sive
507 1699 614 1738 illam
635 1699 805 1739 insidiae
826 1700 912 1738 sive
931 1700 1059 1739 morbi
1078 1705 1234 1749 petent,
1263 1699 1352 1740 sive

65 1754 238 1794 hostium
263 1755 384 1804 gladii
404 1755 491 1795 sive
509 1755 730 1795 insularum
746 1755 972 1794 cadentium
989 1756 1125 1804 fragor
1141 1756 1227 1795 sive
1242 1755 1352 1806 ipsa·

62 1821 151 1849 rum
171 1812 287 1850 ruina
306 1816 499 1850 terrarum
520 1812 609 1850 sive
628 1817 744 1850 vasta
762 1811 825 1850 vis
845 1811 992 1860 ignium
1010 1812 1132 1851 urbes
1148 1822 1352 1861 agrosque

63 1866 152 1915 pari
174 1867 290 1905 clade
306 1867 525 1916 conplexa,
548 1867 615 1915 qui
633 1868 739 1906 volet
753 1867 879 1915 illam,
899 1867 1079 1916 accipiat.
1127 1867 1228 1915 Quid
1244 1868 1351 1907 aliud
1366 1867 1388 1903 6

63 1921 193 1961 debeo
206 1933 324 1972 quam
341 1927 554 1961 exeuntem
569 1922 718 1961 hortari
735 1926 773 1961 ει
788 1933 877 1961 cum
891 1922 1008 1962 bonis
1025 1922 1224 1962 ominibus
1241 1923 1350 1963 emit-

62 1981 167 2015 tere:
210 1979 341 2026 „vade
370 1977 534 2026 sortiter,
568 1979 673 2017 vade
701 1978 921 2017 feliciter!“
959 1977 1064 2017 Nihil
1091 1979 1349 2028 dubitaveris,

62 2033 309 2074 reddideris:
339 2045 419 2072 non
448 2034 499 2072 de
517 2044 582 2081 re,
612 2034 687 2072 sed
707 2034 758 2072 de
777 2038 957 2083 tempore
978 2039 1040 2073 est
1061 2034 1256 2083 quaestio.
1292 2036 1350 2074 fa-

65 2087 124 2127 cis
152 2090 262 2138 quod
290 2089 535 2138 quandoque
567 2089 794 2129 faciendum
823 2094 895 2128 est.
936 2099 1012 2128 nec
1038 2089 1247 2138 rogaveris
1273 2101 1350 2130 nec

65 2144 242 2184 timueris
271 2156 346 2183 nec
373 2150 412 2184 te
441 2145 551 2183 velut
577 2145 616 2183 in
643 2145 808 2193 aliquod
829 2146 975 2184 malum
995 2145 1192 2184 exiturum
1210 2146 1348 2186 tuleris

62 2203 190 2238 retro:
219 2211 353 2239 rerum
381 2205 523 2239 natura
550 2204 607 2248 te,
638 2211 743 2249 quae
762 2202 916 2249 genuit,
947 2206 1158 2250 exspectat
1177 2206 1216 2241 et
1233 2202 1347 2242 locus

65 2254 205 2294 melior
224 2267 271 2296 ac
288 2257 418 2295 tutior.
447 2256 531 2294 Illic
547 2267 627 2295 non
642 2261 814 2295 tremunt
826 2261 956 2296 terrae
972 2267 1047 2296 nec
1063 2257 1165 2296 inter
1181 2267 1226 2296 se
1241 2257 1346 2296 venti
1361 2262 1383 2298 7

65 2319 157 2349 cum
182 2322 326 2362 magno
362 2311 526 2352 nubium
560 2312 719 2362 fragore
751 2317 1011 2361 concurrunt,
1049 2322 1131 2353 non
1162 2313 1347 2353 incendia.
