1624 2626
317 187 370 226 86
686 189 728 226 L.
757 188 946 226 ANNAEI
973 188 1197 228 SENECAE

316 287 396 325 vidi
416 287 470 325 sit
485 287 628 335 ingenii
647 297 697 325 an
719 287 847 335 frigidi
867 292 985 334 atque
1003 287 1178 327 humilis:
1200 299 1396 337 generoso
1411 293 1574 340 repulsa

316 342 411 380 iram
436 342 645 389 exprimet,
665 341 851 390 languido
868 342 1059 390 inertique
1078 343 1283 381 tristitiam.
1324 344 1427 393 Ergo
1453 347 1571 386 actio-

315 406 386 433 nes
406 401 566 434 nostrae
585 406 658 434 nec
686 406 832 444 parvae
860 395 938 433 sint
962 406 1034 434 nec
1054 397 1227 435 audaces
1248 403 1286 436 et
1303 398 1504 447 inprobae.
1534 400 1574 439 in

315 450 487 488 vicinum
518 461 612 498 spes
646 455 773 489 exeat.
814 450 908 487 nihil
937 460 1144 499 conemur,
1179 453 1285 500 quod
1320 463 1414 491 mox
1439 455 1572 526 adepti

317 515 477 553 quoque
496 506 743 543 successisse
762 504 957 542 miremur.

279 563 297 594 1
394 559 495 598 VIII.
531 560 678 598 Demus
706 569 888 608 operam,
918 569 966 596 ne
992 559 1233 608 accipiamus
1256 560 1453 609 iniuriam,-
1481 537 1573 610 quia

315 615 417 652 ferre
436 614 648 652 nescimus.
695 614 790 652 Cum
811 613 1080 661 placidissimo
1102 619 1140 653 et
1155 615 1337 654 facillimo
1358 620 1396 654 et
1417 617 1573 655 minime

315 669 432 707 anxio
458 678 703 716 morosoque
725 668 938 706 vivendum
958 673 1036 706 est=
1066 675 1272 708 sumuntur
1291 681 1313 708 a
1335 681 1570 709 conversan-

313 722 417 761 tibus
444 733 575 760 mores
604 727 641 760 et
676 727 718 761 ut
746 723 940 771 quaedam
969 723 1006 760 in
1038 728 1241 762 contactos
1272 725 1451 773 corporis
1479 726 1573 763 vitia

279 779 300 812 2
318 776 577 824 transsiliunt,
603 777 656 815 ita
675 776 827 815 animus
848 778 951 815 mala
977 787 1050 815 sua
1069 778 1258 826 proximis
1279 779 1422 828 traditx·
1445 779 1571 818 ebrio-

314 842 384 869 sus
402 832 649 870 convictores
669 831 707 869 in
728 841 900 870 amorem
920 831 1015 870 meri
1034 833 1162 871 traxit.
1188 833 1461 881 inpudicorum
1481 845 1570 872 coe-

311 890 376 923 tus
400 886 538 923 fortem
566 895 727 934 quoque
746 890 801 933 et,
830 886 1016 933 siliceat,
1043 887 1169 925 virum
1197 888 1368 926 emolliit.
1411 889 1573 927 avaritia

313 940 351 977 in
382 940 591 987 proximos
618 940 728 979 virus
763 942 1116 980 suumtranstulit.
1157 942 1383 980 Eademex
1411 943 1570 982 diverso

311 994 410 1032 ratio
433 994 617 1033 virtutum
637 1001 717 1041 est,
738 999 779 1032 ut
802 1005 918 1033 omne
937 996 1047 1043 quod
1064 1007 1199 1034 secum
1220 996 1365 1035 habent
1384 997 1570 1045 mitigent.

313 1052 483 1088 nectam
505 1049 707 1087 valitudini
726 1050 872 1097 profuit
891 1049 995 1088 utilis
1016 1050 1126 1098 regio
1144 1055 1183 1089 et
1202 1051 1399 1090 salubrius
1420 1052 1570 1090 coelum

275 1112 296 1145 3
315 1113 432 1150 quam
452 1102 591 1141 animis
613 1113 750 1151 parum
769 1104 890 1142 firmis
911 1104 950 1141 in
971 1104 1084 1142 turba
1101 1105 1261 1144 meliore
1278 1106 1440 1145 versari.
1465 1106 1571 1153 Quae

310 1167 376 1195 res
405 1162 591 1204 quantum
621 1158 750 1206 possit
782 1157 1008 1206 intelleges,
1038 1159 1072 1197 si
1103 1159 1247 1198 videris
1278 1160 1382 1198 feras
1411 1170 1571 1209 quoque

312 1211 495 1249 convictu
540 1216 675 1251 nostro
720 1222 999 1251 mansuescere
1041 1213 1215 1261 nullique
1261 1214 1376 1252 etiam
1426 1215 1570 1253 inmani

309 1265 463 1304 bestiae
489 1266 567 1304 vim
598 1277 711 1305 suam
739 1277 988 1315 permanere,
1018 1268 1053 1305 si
1079 1267 1246 1307 hominis
1275 1269 1570 1308 contubernium

311 1320 379 1358 diu
406 1331 529 1368 passa
555 1326 628 1359 est.
671 1322 889 1360 retunditur
918 1322 1045 1369 omnis
1082 1322 1276 1371 asperitas
1307 1325 1569 1372 paulatimque

310 1374 412 1412 inter
440 1375 595 1422 placida
620 1376 848 1414 dediscitur.
890 1376 1042 1414 accedit
1068 1377 1163 1425 huc,
1193 1379 1300 1425 quod
1320 1389 1399 1416 non
1422 1383 1568 1417 tanturn

311 1430 494 1476 exemplo
514 1430 650 1468 melior
677 1430 720 1468 fit
740 1430 807 1479 qui
833 1441 921 1469 cum
943 1430 1085 1478 quietis
1105 1432 1328 1471 hominibus
1348 1432 1466 1480 vivit,
1496 1433 1569 1471 sed

312 1483 420 1531 quod
441 1494 584 1521 causas
605 1485 800 1523 irascendi
819 1496 898 1524 non
919 1486 1065 1523 invenit
1085 1497 1159 1524 nec
1175 1486 1308 1525 vitium
1326 1498 1439 1525 suum
1457 1497 1568 1525 exer-

312 1541 395 1575 cet:
427 1538 564 1586 fugere
596 1539 729 1587 itaque
760 1540 919 1578 debebit
946 1541 1072 1578 omnis
1104 1551 1205 1588 quos
1237 1541 1464 1580 inritaturos
1493 1542 1567 1580 ira·

275 1598 297 1632 4
312 1591 493 1630 cundiam
513 1593 622 1631 sciet.
667 1594 765 1641 „Qui
785 1599 894 1641 sunt,
916 1594 1067 1642 inquis,
1088 1595 1212 1633 isti?“
1253 1595 1360 1634 Multi
1381 1606 1431 1634 ex
1447 1596 1568 1634 variis

310 1647 443 1684 causis
477 1647 580 1684 idem
614 1648 776 1686 facturi:
817 1648 992 1687 offendet
1028 1654 1066 1687 te
1098 1650 1295 1697 superbus
1331 1655 1566 1698 contemptu,

310 1700 427 1738 dicax
455 1702 710 1749 contumelia,
745 1704 925 1751 petulans
954 1703 1115 1749 iniuria,
1149 1703 1293 1743 lividus
1320 1705 1567 1752 malignitate,

309 1765 468 1802 pugnax
499 1756 768 1802 contentione,
797 1763 987 1796 ventosus
1016 1764 1055 1796 et
1078 1760 1247 1796 mendax
1270 1759 1451 1797 vanitate.
1488 1770 1565 1798 non

310 1810 414 1848 feres
443 1821 466 1847 a
493 1810 721 1858 suspicioso
747 1811 888 1858 timeri,
918 1823 941 1849 a
968 1812 1167 1860 pertinace
1193 1813 1314 1858 vinci,
1347 1824 1371 1851 a
1398 1813 1565 1852 delicato

275 1864 488 1902 5fastidiri.
529 1864 640 1912 Elige
669 1866 889 1913 simplices,
920 1867 1075 1914 faciles,
1103 1867 1348 1913 moderatos,
1377 1868 1443 1915 qui
1470 1868 1566 1906 iram

310 1922 414 1956 tuam
434 1929 507 1957 nec
528 1924 696 1958 evocent
715 1925 753 1959 et
773 1920 909 1959 ferant.
943 1922 1069 1968 magis
1088 1922 1217 1959 adhuc
1238 1922 1453 1969 proderunt
1473 1923 1564 1961 sub-

309 1972 421 2010 missi
446 1978 484 2011 et
502 1973 660 2012 humani
681 1979 718 2013 et
736 1975 893 2022 dulces,
922 1986 1001 2014 non
1021 1980 1149 2013 tamen
1166 1986 1296 2023 usque
1315 1975 1353 2014 in
1374 1977 1566 2015 adulatio-

273 2031 293 2065 6
309 2036 410 2063 nem.
437 2037 526 2065 nam
546 2029 758 2068 iracundos
777 2029 895 2067 nimia
911 2029 1130 2068 adsentatio
1149 2029 1323 2068 offendit.
1352 2031 1446 2069 Erat
1461 2035 1565 2069 certe

311 2079 459 2119 amicus
494 2088 629 2121 noster
660 2084 720 2121 vir
750 2084 900 2130 bonus,
933 2085 1005 2123 sed
1035 2085 1116 2122 irae
1144 2085 1369 2132 paratioris,
1406 2085 1468 2123 cui
1485 2096 1565 2124 non

310 2135 435 2182 magis
470 2140 591 2175 tutum
627 2143 710 2177 erat
745 2138 913 2177 blandiri
953 2149 1068 2187 quam
1093 2138 1339 2177 maledicere.
1393 2140 1563 2178 Coelium

311 2193 507 2228 oratorem
539 2191 663 2230 fuisse
695 2193 1037 2232 iracundissimum
1069 2198 1234 2231 constat.
1278 2205 1365 2233 cum
1391 2204 1491 2242 quo,
1522 2198 1565 2233 ut

304 2243 437 2290 aiunt,
469 2246 662 2285 coenabat
687 2248 725 2285 in
751 2248 932 2286 cubiculo
951 2249 1074 2285 lectae
1092 2247 1301 2295 patientiae
1319 2249 1463 2295 cliens,
1490 2249 1564 2286 sed

310 2298 470 2337 difficile
490 2304 572 2338 erat
591 2301 644 2339 illi
663 2302 701 2339 in
722 2303 905 2351 copulam
925 2301 1100 2340 coniecto
1118 2301 1243 2344 rixam
1262 2304 1346 2342 eius
1367 2314 1454 2342 curn
1482 2313 1563 2352 quo
