1592 2580
314 178 394 219 310
666 178 709 216 L.
739 177 927 216 ΑΝΝΑΕΙ
954 177 1177 216 SENECAE

277 279 389 319 2illic
422 277 627 326 plurimum
661 281 721 315 est
752 275 856 314 aeris
883 276 997 324 pigri.
1045 276 1199 324 „Quare
1227 282 1355 316 autem
1384 288 1462 317 non
1492 284 1569 318 stat

312 337 505 379 cometes,
528 331 600 370 sed
617 331 845 379 procedit2“
874 331 1020 369 dicam:
1051 330 1196 379 ignium
1212 333 1328 371 modo
1345 333 1566 372 alimentum

313 398 426 426 suum
446 386 633 434 sequitur.
663 386 842 434 quamvis
864 385 964 423 enim
987 386 1036 423 ad
1057 387 1263 433 superiora
1281 386 1391 426 nisus
1411 388 1479 436 sit,
1500 389 1566 426 de-

312 441 467 480 ficiente
492 445 621 478 tamen
648 441 809 479 materia
835 445 938 478 retro
958 439 1043 478 iens
1064 440 1151 489 ipse
1172 441 1386 482 descendit.
1414 443 1452 480 in
1476 444 1567 480 aere

313 506 474 544 quoque
501 506 578 533 non
613 495 788 533 dextram
819 495 1051 543 laevamque
1083 495 1223 544 premit
1257 500 1416 543 partem.
1462 497 1568 535 nulla

313 556 373 589 est
391 549 493 588 enim
514 550 566 587 illi
588 549 667 595 via,
696 550 768 587 sed
788 560 865 597 qua
887 560 987 588 vena
1008 550 1138 597 pabuli
1158 550 1219 588 sui
1240 550 1361 596 duxit,
1384 551 1447 589 illa
1466 552 1568 600 repit

276 613 297 646 3
312 616 385 643 nec
402 610 444 643 ut
464 605 575 642 stella
595 604 791 652 procedit,
815 603 886 641 sed
908 609 947 641 ut
962 603 1061 652 ignis
1080 604 1264 652 pascitur.
1304 605 1457 652 „Quare
1473 615 1566 654 ergo

313 670 385 708 per
419 661 577 707 longum
609 663 763 707 tempus
798 659 961 706 adparet
994 663 1031 697 et
1061 670 1138 696 non
1173 659 1248 698 cito
1283 660 1568 708 exstinguitur?

314 725 385 752 sex
405 714 506 752 enim
525 712 725 751 mensibus
747 712 826 760 hic,
848 723 963 761 quem
985 723 1058 751 nos
1073 713 1238 752 Neronis
1256 713 1474 763 principatu
1489 715 1566 752 lae-

313 769 463 807 tissimo
484 768 672 814 vidimus,
703 768 958 816 spectandum
979 778 1023 806 se
1043 768 1221 816 praebuit
1239 769 1277 806 in
1298 769 1495 808 diversum
1514 769 1567 807 illi

314 823 526 861 Claudiano
554 823 831 861 circumactus:
868 821 932 861 ille
960 822 1060 861 enim
1086 834 1109 860 a
1127 823 1404 872 septemtrione
1423 824 1460 861 in
1482 834 1567 861 ver-

277 916 284 926 ,
313 879 426 916 tieem
455 887 621 925 surgens
651 878 838 915 orientem
866 877 974 925 petiit
1000 888 1157 926 semper
1180 877 1402 917 obscurior:
1432 878 1495 916 hic
1518 878 1567 917 ab

313 932 451 970 eadem
471 937 581 980 parte
602 933 750 980 coepit,
781 932 850 970 sed
876 931 912 969 in
934 932 1176 970 occidentem
1196 933 1363 971 tendens
1383 933 1433 971 ad
1452 933 1565 971 meri-

277 987 414 1025 4diem
442 985 551 1025 flexit
579 990 618 1024 et
642 986 694 1024 ibi
723 997 766 1024 se
787 985 975 1024 subduxit
994 987 1159 1025 oculis.“
1201 987 1395 1026 Videlicet
1414 987 1477 1026 ille
1496 987 1566 1026 hu·

312 1041 477 1079 midiora
502 1040 636 1079 habuit
663 1046 701 1079 et
727 1041 877 1089 aptiora
908 1040 1082 1089 ignibus,
1111 1052 1212 1090 quae
1235 1047 1466 1090 persecutus
1487 1046 1566 1080 est=

312 1095 402 1134 huic
430 1106 570 1134 cursus
597 1094 757 1134 ulterior
784 1094 854 1133 fuit
873 1100 910 1134 et
933 1097 1084 1144 plenior
1101 1096 1223 1144 regio.
1253 1096 1329 1134 huc
1348 1096 1481 1145 itaque
1499 1096 1565 1134 de-

314 1150 465 1188 scendit
484 1150 668 1188 invitante
689 1150 867 1195 materia,
893 1161 970 1188 non
992 1151 1146 1197 itinere,
1169 1152 1273 1198 quod
1291 1151 1456 1199 adparet
1470 1151 1567 1190 duo-

312 1204 408 1249 bus,
446 1214 546 1252 quos
574 1204 858 1251 spectavimuS‚
895 1203 1019 1242 fuisse
1053 1204 1276 1251 diversum,
1312 1216 1399 1243 cum
1435 1205 1497 1243 hic
1527 1205 1565 1243 in

314 1258 492 1296 dextrum
512 1262 639 1296 motus
661 1257 726 1304 sit,
753 1258 816 1296 ille
836 1258 873 1296 in
895 1258 1105 1300 sinistrum.
1136 1259 1314 1297 omnibus
1331 1264 1459 1297 autem
1476 1260 1567 1298 stel-

312 1313 359 1350 lis
376 1312 413 1350 in
430 1312 607 1350 eamdem
624 1315 772 1360 partem
790 1322 930 1350 cursus
947 1317 1017 1359 est,
1038 1313 1076 1350 id
1093 1318 1153 1351 est
1167 1312 1385 1352 contrarius
1401 1313 1567 1352 mundo:

312 1365 375 1404 hic
401 1367 503 1405 enim
531 1367 580 1404 ab
600 1371 687 1405 ortu
707 1366 873 1405 volvitur
893 1366 928 1404 in
951 1376 1155 1414 occasum,
1186 1368 1274 1405 illae
1293 1367 1342 1405 ab
1365 1377 1510 1406 occasu
1529 1367 1567 1406 in

314 1426 439 1460 ortum
460 1425 552 1460 eunt
573 1426 610 1459 et
625 1421 675 1459 ob
695 1420 769 1459 hoc
788 1420 936 1469 duplex
953 1420 1015 1459 his
1032 1426 1159 1460 motus
1176 1426 1246 1469 est,
1270 1422 1345 1468 ille,
1367 1432 1446 1471 quo
1462 1426 1568 1470 eunt,

314 1480 352 1513 et
369 1475 453 1522 hic,
485 1486 563 1524 quo
587 1476 827 1514 auferuntur.

393 1530 509 1568 XXII.
546 1529 645 1578 Ego
683 1529 877 1568 nostris
914 1541 1006 1568 non
1045 1530 1327 1568 adsentior:
1362 1540 1441 1568 non
1465 1529 1567 1568 enim

314 1584 493 1623 existimo
523 1589 700 1623 cometen
729 1583 974 1622 subitaneum
1002 1585 1150 1632 ignem,
1187 1584 1259 1622 sed
1286 1584 1385 1622 inter
1411 1589 1570 1622 aeterna

315 1649 437 1687 opera
464 1643 637 1677 naturae.
688 1638 856 1676 Primum
886 1649 1158 1688 quaecumque
1186 1649 1253 1676 aer
1280 1644 1405 1684 creat,
1433 1637 1569 1677 brevia

315 1698 417 1732 sunt.
454 1699 668 1732 nascuntur
696 1693 797 1731 enim
825 1692 862 1731 in
883 1704 925 1731 re
945 1694 1074 1741 fugaci
1094 1699 1130 1731 et
1150 1692 1334 1731 mutabili.
1369 1692 1568 1741 quomodo

317 1752 447 1796 potest
465 1747 611 1795 aliquid
634 1748 671 1786 in
692 1749 782 1786 aere
800 1748 866 1786 diu
887 1758 1117 1796 permanere
1135 1747 1259 1793 idem,
1288 1758 1375 1786 cum
1396 1747 1483 1795 ipse
1503 1757 1569 1785 aer

315 1812 527 1851 numquam
555 1802 659 1840 idem
689 1802 755 1840 diu
780 1799 978 1840 maneat?¹
1002 1802 1087 1841 fluit
1113 1812 1269 1849 semper
1296 1807 1333 1840 et
1356 1802 1487 1840 brevis
1516 1801 1569 1838 illi

316 1857 429 1904 quies
451 1861 521 1895 est.
552 1857 650 1894 intra
671 1857 854 1904 exiguum
873 1862 1109 1895 momentum
1126 1856 1163 1894 in
1180 1856 1297 1894 alium
1315 1866 1431 1905 quam
1446 1855 1570 1893 suerat

316 1915 456 1950 statum
475 1911 654 1949 vertitur:
686 1921 790 1949 nunc
810 1912 985 1959 pluvius,
1012 1921 1116 1950 nunc
1137 1921 1323 1958 serenus,
1352 1919 1455 1948 nunc
1470 1909 1570 1947 inter

315 1971 524 2013 utrumque
549 1965 693 2003 varius.
732 1965 876 2011 nubes,
909 1976 1009 2014 quae
1036 1965 1088 2003 illi
1119 1964 1442 2003 familiarissimae
1466 1967 1568 2010 sunt,

316 2020 354 2057 in
381 2030 479 2067 quas
509 2019 586 2058 coit
613 2023 651 2057 et
678 2029 728 2057 ex
757 2020 899 2068 quibus
930 2019 1104 2067 solvitur,
1131 2019 1249 2058 modo
1271 2022 1568 2066 congregantur,

317 2074 435 2112 modo
464 2074 701 2122 digeruntur,
740 2085 951 2122 numquam
979 2074 1149 2112 inmotae
1178 2074 1315 2123 iacent.
1366 2072 1467 2110 Fieri
1491 2082 1569 2110 non

319 2132 468 2175 potest,
498 2134 541 2166 ut
562 2128 661 2176 ignis
683 2134 812 2166 certus
831 2129 868 2166 in
886 2139 1053 2177 corpore
1069 2139 1170 2177 vago
1187 2128 1323 2166 sedeat
1337 2133 1374 2165 et
1388 2131 1465 2164 tam
1481 2136 1568 2174 per-

317 2183 493 2220 tinaciter
515 2182 675 2221 haereat
695 2194 809 2230 quam
831 2194 933 2231 quae
952 2189 1108 2230 natura,
1139 2192 1188 2220 ne
1208 2192 1394 2230 umquam
1413 2185 1567 2219 excute-

280 2241 302 2274 2
318 2242 462 2284 rentur,
483 2238 642 2285 aptavit.
688 2237 838 2276 Deinde
858 2238 890 2276 si
908 2238 1089 2276 alimento
1106 2247 1178 2275 suo
1193 2236 1390 2281 haereret,
1413 2244 1571 2282 semper

320 2291 592 2330 descenderet.
623 2301 669 2330 eo
692 2292 791 2330 enim
814 2292 985 2331 crassior
999 2297 1060 2331 est
1073 2301 1151 2339 aer,
1171 2302 1249 2339 quo
1266 2291 1379 2329 terris
1394 2289 1570 2338 propior.
