1592 2580
358 185 542 224 NATUR.
564 184 778 233 QUAEST.
806 185 903 224 Lm.
920 184 948 222 1.
974 149 1150 224 '12-i4.
1317 183 1396 226 177

116 292 250 328 seem:
278 297 370 327 cum
389 287 589 335 utrimque
609 287 740 326 solem·
756 286 880 326 cinxit
899 286 989 326 talis
1011 286 1187 338 effigies,
1218 287 1252 326 si
1272 287 1396 326 Arato

115 344 336 392 credimus,
363 347 584 391 tempestas
605 343 744 391 surgit.

192 399 295 438 XIV.
339 399 550 447 Tempus
590 403 668 437 est
702 397 836 438 alios
875 409 1075 447 quoque
1112 398 1256 447 ignes
1283 408 1394 448 per-
1422 407 1438 440 l

114 464 342 503 currere,
384 464 596 503 quorum
634 454 876 493 diversae
910 453 1114 503 figurae
1149 459 1286 493 sunt:
1327 454 1395 492 ali-

114 510 276 560 quando
294 508 440 549 emicat
460 511 594 558 stella,
623 509 839 559 aliquando
860 509 1027 549 ardores
1045 515 1159 557 sunt,
1180 509 1397 559 aliquando

113 566 182 606 fixi
210 570 248 604 et
268 565 502 614 haerentes,
533 576 835 614 nonnumquam
856 565 1066 604 volubiles.
1112 566 1264 604 Horum
1284 567 1399 614 plura

112 631 262 671 genera
276 620 600 670 conspiciuntur:
624 626 718 660 sunt
735 621 764 673 β
775 616 998 671 όθυνοι,
1018 631 1107 660 cum
1123 623 1232 661 velut
1247 632 1398 661 corona

114 678 299 726 cingente
318 676 516 716 introrsus
535 677 679 725 ingens
702 675 805 716 coeli
822 686 1014 716 recessus
1034 682 1096 716 est
1114 677 1253 716 similis
1274 677 1395 716 effos-

113 744 184 772 sae
216 733 256 771 in
283 732 422 771 orbem
458 734 690 781 speluncae.
746 732 847 771 Sunt
875 732 1068 781 pithiae
1097 737 1218 780 [cum]
1245 731 1396 781 magni-

114 788 252 828 tudine
271 788 374 827 vasti
393 788 639 837 rotundique
658 787 763 836 ignis
783 787 892 827 dolio
913 788 1074 836 similis,
1105 789 1171 836 qui
1190 790 1256 827 vel
1275 790 1399 827 fertur

116 845 177 883 vel
204 843 243 882 in
268 855 349 892 uno
370 845 462 884 loco
482 842 638 892 flagrat.
688 843 789 883 Sunt
814 843 1095 891 chasmata,
1125 855 1213 883 cum
1235 844 1400 894 aliquod

116 899 218 939 coeli
246 899 418 948 spatium
448 899 607 939 desedit
625 903 664 939 et
686 899 887 938 flammam
910 901 1015 938 velut
1033 898 1250 939 dehiscens
1269 901 1308 938 in
1329 900 1397 938 ab·

116 955 200 995 dito
229 959 412 995 ostentat.
472 955 637 994 Colores
666 966 829 1004 quoque
860 954 1002 994 horum
1033 955 1208 994 omnium
1240 955 1397 1005 plurimi
1418 970 1439 1003 2

115 1016 227 1050 sunt:
269 1011 431 1060 quidam
451 1011 612 1050 ruboris
634 1011 836 1059 acerrimi,
867 1011 1030 1060 quidam
1056 1012 1251 1050 evanidae
1271 1023 1320 1051 ac
1343 1014 1397 1051 le-

113 1067 176 1106 vis
199 1066 400 1114 flammae,
431 1066 593 1115 quidam
623 1066 821 1105 candidae
847 1067 971 1114 lucis,
1000 1066 1163 1116 quidam
1191 1068 1399 1113 micantes,

116 1123 278 1171 quidam
306 1122 527 1171 aequaliter
553 1127 593 1162 et
620 1122 708 1161 sine
738 1122 1016 1172 eruptionibus
1040 1128 1108 1162 aut
1133 1123 1259 1163 radiis
1287 1124 1399 1163 fulvi.

114 1177 310 1217 Videmus
331 1188 428 1227 ergo

297 1236 496 1273 stellarum
513 1235 646 1282 longos
664 1244 691 1272 a
708 1239 817 1282 {erqo
835 1234 1029 1274 albescere
1046 1238 1205 1275 tractus.

112 1290 197 1329 Hae
234 1290 341 1329 velut
373 1290 512 1328 stellae
544 1290 733 1329 exsiliunt
763 1294 802 1328 et
840 1291 1091 1330 transvolant
1134 1291 1401 1341 videnturque
1421 1302 1444 1336 3

113 1347 275 1394 longum
303 1345 435 1393 ignem
462 1346 667 1394 porrigere
703 1350 868 1394 propter
904 1345 1126 1385 inmensam
1148 1347 1401 1395 celeritatem,

115 1412 207 1440 cum
240 1401 348 1440 acies
383 1407 521 1440 nostra
554 1412 635 1441 non
671 1401 875 1441 discernat
899 1403 1108 1441 transitum
1137 1413 1290 1450 earum,
1327 1404 1403 1442 sed

115 1466 369 1506 quacumque
415 1461 728 1496 occucurrerunt
745 1487 754 1504 ‚
798 1458 840 1496 id
882 1462 1008 1497 totum
1044 1459 1205 1507 igneum
1252 1459 1402 1497 credat.

116 1517 226 1551 tanta
246 1512 350 1550 enim
371 1517 432 1551 est
451 1513 642 1551 velocitas
663 1517 794 1552 motus
808 1543 818 1560 ,
841 1513 886 1552 'ut
906 1518 1041 1562 partes
1063 1514 1150 1553 eius
1172 1524 1252 1552 non
1275 1513 1401 1563 dispi—

117 1568 294 1616 ciantur,
316 1567 391 1606 sed
419 1573 569 1607 tantum
591 1579 747 1607 summa
767 1569 995 1617 prendatur.
1032 1570 1297 1618 intellegimus
1318 1581 1400 1609 ma-

116 1622 192 1672 gis,
210 1633 291 1672 qua
304 1623 499 1672 adpareat
513 1624 629 1662 stella
645 1635 764 1673 quarn
781 1635 862 1672 qua
877 1629 1005 1663 exeat.
1026 1625 1168 1674 Itaque
1183 1627 1293 1664 velut
1309 1626 1400 1675 igne
1418 1640 1442 1675 4

117 1679 305 1718 continuo
326 1684 451 1718 totum
468 1680 542 1719 iter
560 1679 710 1728 signat,
739 1680 834 1729 quia
851 1680 966 1719 visus
985 1680 1111 1720 nostri
1130 1682 1296 1720 tarditas
1318 1693 1400 1721 non

117 1734 378 1784 subsequitur
406 1739 608 1774 momenta
635 1735 850 1783 currentis,
879 1736 952 1774 sed
970 1736 1080 1776 videt
1098 1737 1215 1776 simul
1235 1743 1274 1776 et
1292 1738 1401 1776 unde

116 1790 308 1830 exsilierit
334 1795 373 1830 et
402 1803 481 1840 quo
506 1791 743 1839 pervenerit.
787 1791 898 1840 quod
917 1792 961 1831 fit
982 1792 1022 1830 in
1043 1792 1225 1832 fulmine:
1253 1795 1398 1842 longus

115 1847 234 1886 nobis
258 1846 417 1886 videtur
442 1846 546 1895 ignis
566 1846 672 1894 eius,
701 1845 796 1896 quia
822 1847 901 1886 cito
929 1848 1103 1896 spatium
1125 1860 1243 1888 suum
1269 1853 1399 1888 trans-

117 1902 197 1942 silit
223 1906 264 1941 et
281 1903 409 1942 oculis
429 1903 578 1941 nostris
607 1903 779 1942 occurrit
796 1903 1049 1950 universum,
1071 1915 1143 1953 per
1163 1905 1272 1954 quod
1293 1903 1400 1944 deie-

118 1963 205 1998 ctus
222 1962 302 1997 est:
321 1958 440 1997 atille
454 1969 535 1997 non
551 1963 613 1996 est
628 1958 775 1997 extenti
791 1960 975 2007 corporis
992 1970 1065 2008 per
1080 1971 1217 2008 omne,
1235 1971 1316 2010 qua
1332 1971 1398 2000 ve—

117 2013 185 2053 nit.
213 2024 346 2062 neque
360 2019 440 2054 tam
454 2014 575 2062 longa
590 2019 630 2052 et
644 2018 857 2053 extenuata
871 2015 911 2053 in
927 2014 1104 2063 inpetum
1119 2017 1265 2056 valent.
1294 2016 1397 2064 Quo-
1418 2025 1438 2058 5

119 2070 238 2111 modo
257 2080 353 2119 ergo
375 2068 616 2119 prosiliunt?
649 2070 796 2110 adtritu
813 2070 918 2109 aeris
938 2071 1042 2120 ignIs
1063 2070 1256 2111 incensus
1277 2077 1398 2112 vento

120 2135 315 2175 praeceps
347 2125 561 2175 inpellitur.
600 2136 681 2164 non
710 2136 870 2175 semper
895 2132 1027 2165 tamen
1054 2132 1173 2167 vento
1202 2128 1399 2168 adtrituve

121 2181 182 2220 fit=
210 2192 510 2231 nonnumquam
539 2191 590 2219 ex
608 2181 743 2229 aliqua
771 2182 1068 2230 opportunitate
1087 2184 1192 2223 aeris
1211 2185 1397 2225 nascitur.

121 2236 241 2276 multa
258 2238 362 2276 enim
385 2242 478 2277 sunt
496 2237 536 2275 in
556 2237 715 2276 sublimi
737 2237 864 2284 sicca,
900 2238 1054 2285 calida,
1091 2244 1269 2287 terrena,
1297 2241 1398 2280 inter

124 2302 226 2340 quae
243 2293 365 2331 oritur
387 2298 426 2332 et
444 2292 632 2342 pabulum
653 2304 770 2331 suum
790 2292 1046 2342 subsequens
1065 2294 1203 2336 defluit
1224 2297 1398 2346 ideoque

126 2347 314 2387 velociter
329 2350 493 2398 rapitur.
534 2352 620 2407 “qt
650 2359 774 2398 quare
804 2350 915 2389 color
940 2350 1125 2391 diversus
1153 2356 1274 2399 est‘3“
1305 2354 1398 2403 quia
1418 2358 1439 2392 6

178 2416 309 2442 SENECA
327 2418 415 2443 prm„
442 2409 481 2444 ΙΙ.
1138 2413 1182 2447 12
