1592 2580
292 174 478 213 NATUR.
499 172 712 223 QUAEST.
744 174 839 214 LIB.
855 176 941 215 VII.
969 181 992 217 8
1004 199 1050 205 —
1065 182 1122 218 11.
1263 176 1346 219 303

68 276 198 326 deret,
234 274 303 314 ubi
328 273 529 314 sideribus
562 275 636 314 iter
663 279 745 325 est,
780 275 920 325 utique
947 276 997 316 ab
1025 287 1074 317 eo
1107 281 1238 326 motu,
1277 280 1345 328 qui

65 333 296 372 universum
322 330 458 377 trahit,
491 332 726 371 solveretur.
766 332 862 381 quid
883 333 987 371 enim
1007 338 1069 372 est
1091 333 1158 372 illa
1177 344 1345 373 conver·

66 388 181 428 sione
206 387 342 426 mundi
369 387 525 425 citatius
541 391 560 425 ’ἐ
600 387 676 426 hac
704 388 878 426 omnium
905 393 1114 428 ventorum
1149 389 1190 428 in
1222 401 1346 429 unum

66 448 257 492 congesta
284 443 345 481 vis
375 443 639 491 dissiparetur
667 448 706 482 et
730 448 860 482 terrae
887 444 1019 483 solida
1037 444 1231 495 sortisque
1251 456 1346 485 con-

66 509 211 550 pages,
241 499 387 537 nedum
407 499 603 548 particula
622 499 727 538 aeris
747 500 850 538 torti.

142 555 191 593 X.
227 554 439 594 Praeterea
461 565 623 593 manere
643 556 683 593 in
704 555 783 595 alto
810 566 892 595 non
912 559 1046 604 potest
1067 556 1169 604 ignis
1188 556 1345 598 turbine
1360 564 1381 597 1

61 612 226 658 inlatus,
252 610 329 649 nisi
348 610 437 660 ipse
459 621 622 660 quoque
638 617 844 659 permanet
857 611 984 651 turbo.
1015 612 1111 661 quid
1126 623 1248 661 porro
1264 618 1345 652 tam

60 667 292 708 incredibile
313 671 375 706 est
392 678 512 715 quam
530 667 567 705 in
589 667 744 706 turbine
762 667 919 715 longior
936 672 1077 706 mora?
1102 668 1240 716 utique
1260 679 1343 707 mo—

63 728 127 762 tus
154 727 264 761 motu
292 722 491 762 contrario
516 722 699 761 vincitur.
735 722 858 763 habet
884 723 989 762 enim
1010 734 1124 764 suam
1142 724 1258 763 locus
1278 724 1343 763 ille

62 778 296 828 vertiginem
307 809 316 826 ‚
347 788 452 827 quae
468 779 574 828 rapit
593 780 750 818 coelum

170 836 379 883 sideraque
397 837 479 873 alta
498 836 620 874 trahit
634 837 827 884 celerique
844 836 1035 875 volumine
1054 839 1213 885 torquet.

62 895 101 930 et
118 894 161 930 ut
176 890 243 929 det
256 890 315 929 eis
332 890 506 939 aliquam
519 891 844 940 advocationem,
867 891 975 940 quod
992 891 1078 930 fieri
1094 892 1204 931 nullo
1219 892 1341 931 modo

61 951 212 996 potest:
245 946 340 994 quid
369 946 420 985 de
447 946 510 986 his
534 947 699 986 cometis
721 946 885 995 dicetur,
916 947 984 996 qui
1005 948 1115 986 senis
1135 948 1340 987 mensibus

61 1003 109 1042 ad
115 1005 358 1052 paruerunt?
394 1002 548 1040 Deinde
564 1003 644 1041 duo
661 1002 808 1041 debent
823 1013 916 1041 esse
930 1007 1062 1042 motus
1077 1004 1220 1042 eodem
1236 1005 1340 1052 loco,
1357 1005 1379 1038 2

60 1059 159 1097 alter
186 1057 252 1097 ille
280 1058 437 1096 divinus
460 1063 499 1097 et
525 1058 741 1106 adsiduus,
780 1069 897 1097 suum
927 1058 1015 1097 sine
1045 1058 1342 1099 intermissione

60 1124 259 1164 peragens
287 1124 412 1162 opus,
444 1115 542 1153 alter
570 1125 701 1153 novus
729 1118 767 1152 et
786 1124 930 1153 recens
951 1119 989 1153 et
1008 1115 1163 1154 turbine
1183 1115 1340 1154 inlatus.

59 1180 230 1209 necesse
258 1174 320 1208 est
347 1180 464 1218 ergo,
496 1171 594 1209 alter
621 1169 733 1209 alteri
760 1170 1032 1218 inpedimento
1055 1171 1123 1209 sit:
1154 1171 1264 1220 atqui
1282 1171 1340 1209 lu-

59 1226 168 1264 naris
188 1226 254 1264 illa
274 1225 401 1265 orbita
421 1229 724 1274 ceterorumque
740 1235 864 1274 supra
878 1226 1012 1264 lunam
1028 1226 1242 1264 meantium
1256 1237 1340 1265 mo-

60 1287 124 1320 tus
145 1281 424 1320 inrevocabilis
445 1285 519 1320 est.
548 1291 623 1320 nec
638 1281 810 1320 haesitat
822 1291 995 1330 usquam
1010 1292 1085 1320 nec
1100 1281 1250 1321 resistit
1265 1293 1341 1321 nec

59 1338 128 1376 dat
148 1337 266 1376 ullam
286 1337 403 1376 nobis
424 1337 696 1386 suspicionem
717 1337 898 1376 obiectae
917 1337 991 1375 sibi
1012 1348 1162 1376 morae.
1201 1337 1340 1376 Fidem

58 1404 139 1432 non
158 1393 278 1432 habet
296 1392 489 1431 turbinem
502 1423 511 1441 ‚
539 1393 873 1432 violentissimum
894 1397 933 1431 et
951 1391 1339 1441 perturbatissimum

58 1449 308 1497 tempestatis
330 1459 478 1497 genus,
507 1448 545 1487 in
573 1449 728 1487 medios
749 1447 926 1487 siderum
947 1449 1108 1487 ordines
1131 1449 1339 1497 pervenire
1400 1491 1404 1494 Δ

60 1509 99 1543 et
117 1504 218 1543 inter
237 1504 435 1553 disposita
456 1514 503 1542 ac
522 1504 737 1552 tranquilla
756 1504 921 1542 versari.
967 1503 1183 1543 Credamus
1208 1505 1339 1553 ignem
1353 1508 1376 1543 3

60 1560 299 1599 circumacto
327 1559 482 1599 turbine
508 1560 676 1599 accendi
695 1565 734 1599 et
752 1559 857 1597 hunc
877 1561 1088 1608 expulsum
1109 1559 1149 1597 in
1169 1560 1339 1599 sublime

62 1615 255 1664 praebere
276 1616 392 1655 nobis
414 1616 642 1664 opinionem
664 1614 924 1664 speciemque
944 1614 1086 1654 sideris
1108 1616 1236 1663 longi:
1264 1626 1337 1664 pu-

58 1677 119 1719 to,
148 1672 226 1710 tale
245 1682 338 1710 esse
358 1672 494 1717 debet,
517 1672 635 1720 quale
651 1676 712 1710 est
731 1671 791 1719 id,
813 1671 922 1720 quod
938 1671 1067 1719 ignem
1086 1671 1220 1710 efficit.
1257 1676 1337 1710 tur-

59 1726 164 1766 binis
192 1732 323 1767 autem
348 1728 522 1767 rotunda
548 1727 672 1766 facies
700 1731 774 1766 est.
811 1726 849 1765 in
878 1727 1020 1766 eodem
1044 1727 1148 1765 enim
1167 1725 1337 1775 vestigio

58 1788 244 1822 versatur
271 1787 311 1822 et
337 1785 547 1823 columnae
580 1783 701 1822 modo
736 1783 1039 1831 circumagentis
1075 1793 1120 1821 se
1151 1782 1338 1822 volvitur.

60 1849 156 1888 ergo
185 1840 315 1887 ignem
344 1850 526 1888 quoque,
556 1839 623 1889 qui
651 1839 831 1877 inclusus
859 1843 939 1886 est,
977 1838 1145 1877 similem
1166 1848 1260 1877 esse
1285 1838 1349 1876 illiv

59 1899 236 1944 oportet:
274 1895 383 1944 atqui
411 1896 557 1944 longus
585 1899 647 1934 est
669 1899 708 1934 et
727 1894 916 1933 disiectus
938 1894 1178 1943 minimeque
1199 1893 1338 1933 similis

58 1949 99 1989 in
119 1951 258 1989 orbem
278 1955 434 1990 coacto.

140 2005 207 2044 XI.
242 2006 504 2056 Epigenen
536 2005 886 2055 relinquamus
915 2009 962 2044 et
990 2005 1203 2045 aliorum
1231 2005 1375 2055 opi-1

59 2062 241 2101 niones
284 2072 664 2111 persequamur.
713 2072 838 2110 quas
877 2065 1148 2111 antequam
1182 2071 1338 2110 expo—

61 2127 181 2156 nere
208 2118 468 2167 incipiam‚
498 2116 625 2156 illud
654 2117 888 2166 inprimis
917 2117 1340 2165 praesumendum

62 2177 158 2221 est,
185 2180 361 2213 cometas
381 2185 460 2213 non
482 2174 522 2212 in
540 2183 620 2212 una
638 2177 751 2221 parte
771 2172 874 2212 coeli
893 2173 1047 2221 adspici
1067 2183 1141 2211 nec
1160 2172 1199 2211 in
1217 2171 1339 2221 signi-

61 2227 147 2267 fero
173 2233 324 2269 tantum
352 2229 469 2276 orbe,
502 2229 575 2268 sed
595 2233 676 2267 tam
695 2228 734 2267 in
755 2234 845 2268 ortu
866 2239 986 2277 quam
1004 2228 1042 2266 in
1064 2238 1232 2276 occasu,
1261 2228 1338 2267 fre-

65 2284 323 2331 quentissime
349 2291 480 2324 tamen
502 2284 608 2323 circa
626 2285 962 2333 septemtrionem.
1007 2283 1153 2323 Forma
1171 2284 1230 2323 eis
1248 2294 1337 2323 vero
1354 2290 1377 2323 2

64 2343 126 2378 est
143 2351 235 2380 una.
266 2341 447 2391 quamvis
468 2340 572 2380 enirn
593 2339 734 2380 Graeci
754 2340 983 2380 discrimina
1001 2339 1167 2380 fecerint
1187 2350 1337 2389 eorum,
